2684 4988
355 478 436 531 cnr.
454 480 513 543 vr,
530 481 634 530 vens
655 481 781 547 14—n.
797 467 933 552 406[d].
1137 487 1202 553 939

126 646 185 724 quod
202 649 410 710 “transirent
435 658 470 710 et
494 649 671 710 mitterent
696 650 728 711 in
751 648 878 712 insulas
903 648 1146 712 Kitthaeorum
1165 662 1201 713 et

117 735 328 804 inllrabiam”
352 760 420 804 non
444 739 613 823 significat
644 743 734 824 quod
758 742 837 806 illue
862 744 1049 816 mitterent,
1075 744 1134 805 sed
1157 747 1200 806 ad

117 837 266 917 omnesqui
278 834 481 898 naturaliter
493 836 526 896 in
540 837 627 897 veris
640 847 676 898 et
693 835 790 898 bonis
807 836 992 898 secundum
1005 836 1200 917 religiosum

112 941 182 992 suum
202 931 343 1005 vivunt;
370 927 528 991 “insulae
551 926 820 991 Kitthaeorum”
839 939 918 991 sunt
942 930 997 991 ubi
1020 932 1086 1011 qui·
1099 942 1199 993 natu-

107 1019 197 1084 raliter
224 1023 344 1084 vivunt
373 1021 407 1083 in
436 1023 535 1097 veris,
567 1032 602 1085 et
627 1021 808 1084 “Arabia'’
831 1024 886 1084 ubi
917 1024 971 1103 qui
999 1023 1200 1087 naturaliter

105 1115 198 1178 vivunt
214 1117 246 1177 in
262 1116 373 1187 bonis,
391 1134 514 1196 nempe
532 1116 718 1178 secundum
734 1116 929 1196 religiosum
945 1136 1041 1177 suum
1055 1137 1062 1192 ;
1088 1124 1108 1147 ‘⁴
1119 1115 1197 1180 Kit-

104 1205 197 1270 lhaei”
218 1219 253 1271 et
279 1208 463 1271 “Arabia’'
485 1209 562 1271 illos
589 1229 628 1271 ac
656 1209 714 1270 illa
738 1208 943 1290 significant,
967 1229 1085 1271 omnes
1109 1212 1198 1274 enim

104 1303 145 1387 {ui
160 1321 221 1364 non
235 1302 365 1365 habent
380 1301 542 1374 Verbum.
557 1313 615 1364 aut
632 1301 779 1384 aliquam
799 1303 1044 1364 revelationem
1057 1323 1076 1365 e
1088 1304 1196 1378 caelo,

104 1406 129 1457 tt
143 1399 251 1459 vivunt
275 1397 463 1459 secundum
486 1387 683 1478 religiosum
705 1417 812 1470 suum,
834 1396 1035 1459 naturaliter
1057 1399 1196 1473 vivunt;

104 1505 163 1552 nam
179 1490 400 1572 spiritualiter
418 1492 530 1554 vivere
550 1502 602 1554 est
623 1492 720 1553 unice
739 1491 925 1553 secundum
945 1510 1024 1552 vera
1047 1501 1082 1552 et
1107 1493 1196 1554 bona

104 1581 243 1659 {Verbo
264 1595 299 1647 et
319 1605 365 1647 ex
385 1585 594 1648 revelatione
614 1606 632 1647 e
652 1585 757 1647 caelo.
803 1585 907 1665 Apud
926 1583 1143 1664 Zephaniam,

141 1717 346 1767 “formidabilis
357 1718 481 1781 Jehovah
494 1733 574 1780 super
586 1720 649 1776 illis,
665 1719 727 1782 quia
739 1719 883 1767 emaciabit
897 1733 992 1767 omnes
1006 1718 1072 1767 deos
1086 1714 1197 1767 l¹lterrae

210 1792 237 1831 ut
255 1785 372 1831 adorent
392 1784 485 1845 lpsum
503 1786 614 1847 quisque
632 1799 647 1832 e
666 1785 726 1832 loco
744 1798 809 1839 suo;
827 1797 922 1831 omnes
941 1783 1045 1831 insulae
1062 1783 1193 1844 gerulum,

210 1849 291 1896 etiam
304 1863 363 1905 vos,
380 1848 501 1907 Kuechll,
515 1849 636 1897 confossi
648 1849 739 1910 gladio
752 1864 812 1897 meo
825 1848 925 1897 erunt'’
934 1849 972 1909 (ii.
987 1860 1025 1906 11,
1038 1851 1093 1908 12):

104 1968 237 2044 perhaec
257 1972 290 2031 in
311 1991 412 2032 sensu
432 1972 566 2033 interno
586 1971 794 2052 significatur
813 1973 903 2052 quod
927 1971 1010 2033 lalsa
1030 1971 1108 2033 mali
1127 1972 1195 2033 dis·

104 2062 277 2141 sipabuntur
296 2075 332 2126 et
352 2065 442 2145 quod
462 2086 541 2127 vera
559 2077 594 2127 et
616 2066 704 2127 bona
724 2067 893 2127 dabuntur
907 2064 971 2127 illis
988 2067 1042 2146 qui
1059 2065 1193 2146 quidem

104 2153 222 2218 infalsis
238 2169 329 2231 sunt,
347 2159 407 2220 sed
427 2179 495 2220 non
511 2160 547 2230 jn
571 2158 663 2220 salsis
682 2160 790 2221 mala:
817 2180 875 2240 per
889 2160 999 2221 “deos
1018 2160 1171 2239 gentium
1181 2158 1195 2179 ”

104 2263 169 2326 quos
189 2251 378 2323 emaciabit,
399 2251 631 2332 significantur
650 2252 733 2315 salsa
753 2254 842 2325 mali,
868 2274 926 2333 per
947 2254 1057 2313 “deos
1067 2251 1081 2274 ”
1100 2251 1194 2323 salsa,

104 2356 150 2418 per
163 2344 330 2424 “gentes''
347 2344 447 2419 mala,
466 2357 500 2410 et
518 2368 577 2428 per
592 2354 611 2378 “
621 2350 786 2409 emaciare
796 2348 809 2369 ”
823 2346 1030 2427 significatur
1043 2367 1088 2408 ex
1104 2344 1195 2406 falsis

104 2450 237 2499 amovere
255 2437 366 2500 mala:
392 2461 450 2521 per
471 2440 626 2502 “insulas
645 2441 822 2521 gentium''
841 2453 875 2502 et
895 2462 954 2521 per
973 2439 1195 2501 “Kusclrios''

104 2527 311 2609 significantur
324 2534 527 2615 quiquidem
544 2537 578 2596 in
594 2535 684 2596 falsis
698 2545 775 2596 sunt
789 2535 848 2596 sed
865 2554 933 2595 non
950 2536 983 2595 in
1000 2533 1090 2595 salsis
1104 2535 1194 2608 mali,

104 2631 133 2682 et
153 2624 313 2691 abstraile
337 2627 423 2689 falsa
449 2629 508 2690 sed
532 2649 601 2690 non
628 2628 712 2690 falsa
736 2628 835 2704 mali;
863 2639 897 2690 et
922 2631 998 2709 quia
1021 2627 1104 2689 salsa
1128 2647 1195 2689 non

105 2717 168 2779 mni
182 2731 255 2783 sunt
280 2723 313 2783 in
334 2721 480 2784 naturali
503 2722 651 2794 homine,
671 2722 748 2784 ideo
766 2743 826 2803 per
846 2723 1000 2784 “insulas
1019 2721 1196 2803 gentium''

108 2808 288 2888 Qnificatur
313 2816 477 2878 naturalis
501 2816 606 2878 homo
632 2817 743 2897 quoad
771 2815 838 2890 illa,
864 2837 922 2878 seu
945 2819 1057 2898 quoad
1080 2818 1138 2879 illa
1161 2820 1194 2880 in

110 2908 224 2970 naturali
248 2909 407 2986 homine;
440 2909 523 2971 haec
547 2910 632 2971 salsa
655 2909 888 2990 significantur
910 2930 969 2992 per
990 2913 1195 2975 “confossos

112 2993 201 3070 gladio
214 3000 322 3062 me0.”
365 3017 414 3074 (De
424 3017 487 3061 falsis
498 3017 553 3062 mali
564 3024 587 3061 et
598 3018 629 3061 de
640 3017 702 3061 falsis
713 3031 761 3061 nou
773 3018 828 3061 mali
837 3018 945 3062 videatur
955 3019 979 3062 in
989 3020 1107 3063 Domina
1116 3021 1198 3065 Novae

114 3086 262 3151 fflvnrolym,
274 3109 297 3140 n.
310 3096 358 3153 21.)
402 3081 506 3161 Apud
521 3080 701 3154 Davidem,

139 3204 332 3259 “Dominabitur
343 3225 360 3258 a
374 3211 443 3259 mari
455 3211 489 3259 ad
502 3225 584 3268 mare,
599 3220 627 3259 et
638 3226 655 3259 a
664 3210 747 3259 fluvio
760 3225 844 3274 usque
857 3212 891 3259 ad
904 3210 971 3259 fines
984 3222 1087 3267 terrae3
1105 3225 1196 3259 eoram

209 3275 468 3401 (lpsolip'ppngabpm
486 3290 515 3324 se
535 3276 648 3334 insulae,
662 3287 689 3323 et
707 3277 798 3324 hostes
818 3277 883 3338 Ejus
901 3277 1040 3339 pulverem
1055 3276 1197 3324 lambent’'

242 3353 265 3389 s.
327 3356 355 3389 n.
385 3355 420 3402 ,9
439 3358 444 3390 :

116 3447 174 3524 laec
191 3465 230 3527 de
249 3465 420 3541 Domino;
463 3474 497 3527 et
521 3485 581 3546 per
602 3464 797 3527 “dominari
821 3486 840 3527 a
865 3465 947 3527 mari
971 3464 1013 3526 ad
1038 3485 1140 3536 mare,
1161 3475 1196 3526 et

117 3550 216 3622 aluvio
231 3580 336 3642 usque
352 3558 396 3620 ad
413 3558 496 3621 fines
512 3558 653 3632 terrae,”
667 3560 869 3640 intelligitur
886 3560 1070 3622 dominium
1089 3558 1196 3640 Ipsius

117 3656 312 3726 superomnia
335 3649 424 3716 caeli
445 3663 479 3715 et
503 3653 688 3729 ecclesiae;
713 3655 745 3714 in
770 3654 897 3716 mundo
920 3655 1008 3716 enim
1032 3654 1197 3734 spirituali

119 3748 282 3809 surnaria
302 3747 449 3820 termini,
469 3766 509 3808 ac
534 3747 735 3808 intermedia
754 3758 832 3808 sunt
853 3756 962 3808 terrae
984 3746 1038 3807 ubi
1062 3745 1196 3808 habita-

119 3825 195 3899 limes
209 3860 267 3921 pro
283 3839 418 3920 angelis
430 3851 465 3901 et
479 3839 672 3921 spiritibus;
693 3839 770 3900 inde
784 3860 842 3920 per
858 3846 905 3900 “a
922 3840 1004 3900 mari
1021 3839 1063 3900 ad
1082 3858 1173 3900 mare
1183 3839 1197 3860 ”

119 3918 312 4000 significantur
331 3934 447 3995 omnia
466 3932 551 3995 caeli
564 3954 576 4009 ;,
596 3943 631 3995 et
655 3934 732 4013 quia
751 3935 864 3994 omnia
887 3932 982 4005 caeli,
1003 3931 1197 4012 significan-

119 4013 252 4088 luetiam
269 4025 587 4102 omnia'ecclesiae;
612 4036 690 4087 sunt
708 4027 797 4087 enim
818 4019 906 4086 bona
923 4026 1047 4086 amoris
1063 4036 1098 4086 et
1119 4026 1197 4087 inde

119 4116 172 4172 vera
183 4136 258 4198 quae
274 4120 405 4183 faciunt
422 4119 554 4181 caelum
570 4127 605 4180 et
622 4139 754 4200 quoque
771 4118 960 4191 ecclesiam,
978 4119 1056 4179 ideo
1072 4138 1131 4199 per
1150 4127 1198 4180 “a

121 4206 176 4266 uari
186 4212 222 4272 ad
237 4233 331 4275 mare
344 4211 359 4234 ”
375 4209 610 4293 significantur
625 4213 730 4275 etiam
747 4213 860 4273 omnia
873 4211 1059 4287 ecclesiae3
1084 4213 1197 4273 omnia

122 4296 177 4360 taeli
187 4315 216 4367 et
227 4306 396 4369 ecclesiae
410 4303 642 4384 significantur
659 4325 717 4386 per
732 4312 779 4366 “a
793 4305 892 4366 fluvio
904 4306 946 4366 ad
960 4304 1042 4365 fines
1057 4304 1197 4374 terrae,”

122 4387 159 4447 sed
172 4413 217 4474 per
235 4401 323 4463 haec
345 4398 578 4479 significantur
601 4399 714 4460 omnia
734 4399 817 4460 caeli
841 4408 876 4460 et
900 4398 1064 4460 ecclesiae
1084 4399 1194 4477 quoad
