2684 4988
112 481 195 551 10¹4
420 480 670 533 APOCALYPSIS
692 480 919 532 EXPLICATA.

108 653 232 739 aliquid
251 654 340 717 vitae
359 652 537 735 spiritualis
556 661 619 715 est.
664 652 768 734 Apud
789 652 1000 728 Sachan‘am,

161 789 219 838 Vrsi
234 798 297 837 sunt
313 790 451 851 “quatuor
464 802 556 836 currus
571 797 698 835 exeuntes
713 787 783 835 inter
796 787 863 836 duos
878 796 985 836 montes
998 785 1089 844 aerio‚”
1100 785 1127 835 td
1137 796 1188 848 qm

237 866 315 902 erant
331 853 409 916 equi:
429 863 457 901 et
473 854 540 901 dixit
556 852 678 914 angelus,
696 855 714 874 ‘⁴
725 852 761 901 lli
778 861 842 901 sunt
859 862 974 915 quatuor
990 852 1061 901 venti
1076 851 1184 907 meum.

237 930 366 968 exeunte·
377 918 503 967 astando
514 918 589 979 juxta
603 917 748 966 Dominum
760 918 843 966 totius
855 928 941 966 terrae
950 917 965 936 ’'
976 917 1020 979 (vi.
1034 930 1054 975 1,
1067 918 1100 978 sl:
1186 986 1190 999 Ι

108 1045 221 1124 agitur
243 1044 287 1105 ibi
311 1042 354 1104 de
376 1041 519 1105 ecclesia
542 1040 763 1122 propaganda
786 1041 875 1122 apud
897 1040 974 1103 illos
996 1041 1050 1122 qui
1072 1039 1190 1102 nondum

108 1140 140 1198 in
154 1136 264 1219 aliqua
277 1137 350 1199 luce
363 1137 432 1197 veri
447 1134 611 1198 ecclesiae
626 1135 769 1208 fuerunt,
782 1136 938 1216 quianon
953 1134 1097 1197 Verbum
1112 1133 1191 1196 habu·

108 1240 227 1292 erunt:
249 1228 343 1312 (quid
356 1228 547 1311 significant
561 1236 580 1260 ‘⁴
589 1238 732 1310 quatuor
745 1248 858 1291 currus
866 1228 882 1253 ’⁸
890 1239 925 1291 et
939 1235 958 1260 ‘⁶
967 1240 1105 1310 quatuor
1114 1224 1191 1309 equi*

108 1332 144 1384 ct
170 1321 250 1402 quid
278 1320 375 1402 plura
401 1319 444 1381 de
470 1320 548 1393 illis,
570 1320 728 1382 videatur
755 1339 867 1401 supra,
891 1339 924 1382 n.
949 1334 1058 1400 355151,
1081 1315 1192 1400 etquid

110 1419 276 1472 “montes
294 1408 412 1481 aeris,”
430 1409 534 1471 etiam
552 1428 664 1490 supra,
684 1428 716 1470 n.
738 1407 887 1490 [405[d],]
909 1408 1019 1488 364[r]‚
1038 1409 1092 1470 ubi
1107 1405 1192 1489 expli·

108 1513 187 1564 cata
213 1513 292 1564 sunt
307 1501 331 1581 :)
360 1520 419 1580 per
446 1506 622 1582 “quatuor
647 1512 769 1563 ventos
780 1501 794 1524 ’'
821 1501 865 1563 ibi
893 1499 1097 1580 significatur
1118 1517 1194 1562 omne

111 1595 269 1657 Divinum
279 1595 477 1674 proceden5‚
486 1615 544 1657 seu
555 1594 713 1657 Divinum
724 1593 854 1658 Bonum
865 1614 905 1657 ac
916 1594 1074 1657 Divinum
1085 1592 1193 1663 Verum.

108 1709 154 1752 ex
167 1689 285 1769 quibus
297 1689 460 1764 ecclesia;
483 1708 585 1770 quare
598 1687 729 1762 dicitur,
742 1688 863 1750 “venti
876 1687 1047 1750 caelorum
1059 1695 1194 1750 exeunte

109 1805 129 1846 a
151 1783 277 1845 stando
295 1783 395 1864 juxta
418 1783 601 1845 Dominum
624 1783 728 1846 totius
748 1791 857 1845 terrae
869 1781 896 1858 ;”
919 1783 1043 1845 “exire
1061 1803 1079 1845 a
1099 1779 1194 1844 stando

106 1877 206 1959 juxta
219 1877 333 1958 Ipsum
342 1877 357 1899 '⁹
367 1875 534 1957 significat
548 1876 729 1956 procedere
742 1898 749 1952 ;
773 1875 862 1957 quod
874 1880 894 1907 ⁴‘
903 1876 1040 1939 currus”
1052 1886 1084 1938 et
1097 1868 1194 1956 “equi'

109 1971 265 2035 dicantur
283 1971 331 2034 illi
350 1973 453 2042 venti,
473 1980 525 2033 est
544 1972 621 2052 quia
638 1969 803 2033 “currus''
817 1968 1009 2051 significant
1029 1967 1195 2033 doctrinalia

110 2067 190 2129 boni
213 2076 247 2128 et
271 2067 350 2135 veri.
374 2076 409 2129 et
434 2065 561 2146 “equi’'
584 2062 793 2128 intellectum
815 2083 942 2138 eorum,
966 2076 1000 2127 et
1028 2065 1079 2127 hic
1103 2073 1133 2126 et
1154 2059 1195 2124 illt

111 2160 299 2242 procedunt
318 2181 363 2221 ex
383 2159 507 2222 Divino
526 2159 672 2221 Domini.
716 2158 824 2239 Apud.
838 2157 1086 2239 Evangelistas‚

166 2293 248 2342 lilius
259 2293 377 2341 hominis
392 2293 504 2341 “mittet
516 2293 627 2354 angelos
639 2306 703 2341 suos
715 2306 774 2341 cum
787 2293 865 2341 tubae
877 2307 944 2341 voce
956 2307 1063 2354 magna,
1075 2301 1100 2341 et
1110 2301 1194 2351 congre·

240 2361 342 2420 gabunt
359 2355 460 2407 eletios
480 2357 568 2419 Ipsius
584 2373 601 2406 a
617 2368 729 2420 quatuor
743 2359 838 2411 tentis.
854 2358 888 2405 ab
902 2368 1024 2406 extremo
1040 2359 1158 2406 caelorum
1169 2351 1194 2401 til

240 2434 390 2472 extremum
403 2423 507 2472 illorum
515 2423 529 2439 '¹
542 2422 650 2483 (Matri.
660 2423 731 2472 xxiv.
742 2435 771 2482 31
783 2437 789 2480 ;
807 2423 891 2471 Marc
901 2423 956 2472 xiii.
967 2424 1022 2484 τηε

110 2548 155 2610 ibi
172 2547 407 2627 praedicuntur
424 2568 443 2608 a
460 2546 608 2608 Domino
620 2566 738 2608 omnes
751 2555 859 2609 status
872 2548 1050 2609 successivi
1063 2543 1193 2609 ecclesiae

111 2662 215 2723 usque
245 2640 287 2702 ad
318 2638 418 2701 finem
448 2640 517 2720 ejus
544 2640 680 2722 quando
709 2640 861 2702 ultimum
888 2640 1068 2721 judicium;
1096 2660 1128 2701 ac
1152 2655 1193 2718 per

112 2734 282 2816 “angelos
297 2755 372 2797 cum
390 2735 490 2797 tubae
503 2755 586 2797 voce
604 2754 727 2814 magna
735 2734 750 2756 ”
762 2733 969 2814 significatur
981 2732 1194 2815 evangelizatio

111 2830 154 2892 de
178 2829 346 2905 Domino;
370 2838 404 2890 et
429 2847 488 2908 per
508 2835 746 2908 “congregare
766 2825 893 2890 electos
915 2849 935 2890 a
954 2840 1094 2910 quatuor
1109 2825 1193 2889 ventis

109 2925 153 2987 ab
175 2934 332 2986 extremo
356 2921 527 2985 caelorum
554 2922 597 2984 ad
624 2933 815 2985 extremum
843 2921 999 2985 illorum”
1021 2920 1193 3004 significatur

109 3019 308 3081 instauratio
318 3015 482 3079 ecclesiae
494 3037 600 3079 novae
614 3038 621 3092 ;
639 3023 658 3047 ‘⁴
668 3015 766 3078 electi
775 3016 789 3039 '¹
800 3028 876 3078 sunt
887 3018 942 3097 qui
955 3018 987 3078 in
1001 3017 1089 3080 bono
1099 3013 1193 3078 amoris

111 3124 146 3176 et
169 3112 256 3187 fidei,
279 3117 450 3192 “quatuor
472 3110 588 3172 venti’'
612 3120 689 3174 sunt
713 3130 830 3172 omnes
853 3119 964 3172 status
987 3111 1065 3173 boni
1085 3120 1115 3173 et
1134 3104 1191 3176 veri,

111 3214 331 3270 “extremum
352 3205 521 3267 caelorum
542 3205 584 3266 ad
606 3215 797 3267 extremum
818 3203 980 3278 illorum‚”
997 3216 1074 3268 sunt
1090 3206 1191 3266 interm

110 3310 145 3362 et
172 3309 318 3362 externa
345 3296 522 3359 ecclesiae.
574 3313 632 3367 (Sed
646 3313 705 3357 naec
719 3313 844 3357 videantur
856 3311 943 3357 curius
956 3313 1104 3371 expuerunt
1116 3303 1192 3356 Amal

112 3406 257 3456 Caelestidus,
269 3419 292 3450 n.
304 3404 382 3461 4060.)
425 3385 530 3467 Apud
551 3385 734 3458 Danielem,

161 3528 178 3547 ⁸¹
189 3522 285 3572 Hircus
295 3534 433 3582 caprarum
444 3534 571 3580 magnum
583 3534 611 3567 se
624 3519 686 3568 iecit
696 3519 787 3575 valde:
805 3520 852 3568 sed
865 3534 924 3567 cum
936 3520 1096 3574 invaluisset.
1106 3512 1189 3567 indum

240 3597 280 3635 est
293 3600 376 3634 cornu
388 3599 525 3646 magnum,
537 3595 562 3632 et
575 3585 754 3633 ascenderunt
765 3583 873 3647 aspectu
884 3595 999 3647 quatuor
1011 3586 1070 3635 loco
1080 3584 1130 3647 ejus
1139 3582 1189 3644 juti!

240 3662 354 3715 quatuor
366 3661 461 3699 ventos
473 3651 607 3698 caelorum
616 3649 630 3666 '⁹
642 3650 706 3711 (viii.
718 3650 756 3708 8):

109 3778 187 3860 qnid
207 3775 407 3855 intelligitur
430 3794 488 3855 per
508 3774 664 3836 “hircum
684 3773 881 3854 caprarum”
897 3783 931 3836 et
957 3795 1016 3855 per
1036 3761 1188 3837 “arieten”

109 3870 142 3931 in
169 3888 211 3929 eo
238 3868 362 3946 capite,
387 3865 544 3927 videatur
570 3884 672 3946 supra
699 3880 733 3938 (n.
753 3863 873 3943 316[e]),
896 3867 988 3946 quod
1017 3885 1131 3947 nempe
1151 3873 1190 3941 pet

110 3960 265 4022 “hircum
286 3957 484 4037 caprarum''
502 3956 709 4037 significetur
731 3956 813 4019 fides
837 3968 993 4037 separata
1012 3980 1032 4021 a
1050 3959 1191 4021 charitate.

109 4053 249 4137 proinde
273 4052 320 4114 illi
344 4054 398 4133 qui
423 4063 545 4132 putant
570 4073 604 4114 se
629 4051 749 4114 salvari
776 4072 835 4133 per
857 4053 947 4133 quod
971 4055 1079 4116 sciant
1100 4043 1193 4114 dotti·

108 4148 197 4212 nnlia
216 4158 250 4209 et
272 4168 350 4208 vera
371 4146 486 4218 Verbi,
506 4157 540 4208 et
566 4167 632 4209 non
652 4148 805 4228 cogitant
827 4146 868 4208 de
888 4146 1000 4229 aliqua
1018 4150 1087 4211 vita
1104 4158 1196 4208 secun·

108 4245 187 4307 dum
211 4242 288 4318 illa;
318 4260 376 4321 per
397 4241 572 4303 “cornua'’
592 4240 821 4322 significantur
842 4262 931 4315 vera,
952 4254 986 4305 et
1011 4245 1044 4306 in
1068 4240 1200 4325 opposito

108 4358 206 4402 sensu
225 4336 318 4406 salsa,
339 4335 390 4398 hic
411 4335 515 4411 salsa;
544 4356 602 4416 per
622 4345 753 4399 “cornu
777 4336 962 4417 magnum”
981 4336 1101 4399 salsum
1116 4330 1202 4398 domi·

108 4452 203 4506 nans,
228 4430 318 4511 quod
342 4439 395 4491 est
421 4431 510 4510 quod
535 4450 593 4511 per
620 4430 727 4493 solum
753 4431 835 4493 scire
859 4440 893 4492 et
922 4431 1000 4493 inde
1024 4432 1157 4495 credere
1176 4427 1207 4491 sil
