2684 4988
167 111 231 193 762
477 125 730 179 avocatursts
752 127 980 179 sumcere

168 295 496 378 etper“exaudire”
506 297 708 379 intelligitur
717 298 855 362 obedire
864 307 900 362 et
908 297 1233 383 reciperezseqbens
1295 288 1327 347 <l

168 390 201 452 in
220 390 339 455 ordine
356 392 543 454 succedens
562 391 757 455 obedientia
775 403 811 456 et
830 393 982 474 receptio
1001 395 1050 457 ita
1064 394 1331 457 deserimur-13

168 484 258 566 quod
278 484 363 547 caeli
386 487 554 567 recepturi
573 487 640 549 sint
664 507 684 548 a
708 486 866 560 Domino,
887 487 1093 569 intelligitur
1115 509 1173 573 per
1192 493 1332 552 “eff“

167 579 301 642 audiam
325 579 440 644 caelos
451 580 477 657 ;''
505 581 597 663 quod
620 581 765 645 eccles-ia
787 592 966 664 receptura
988 585 1033 647 sit
1059 605 1079 647 e
1101 583 1216 658 caelis,
1232 580 1332 649 issi

168 693 227 754 per
245 673 359 737 caelos
377 695 398 737 a
418 674 576 749 Domino,
596 675 797 756 intelligitur
816 697 875 757 per
894 677 985 759 quod
1007 678 1123 742 “caeli
1141 679 1250 742 exaud
1281 665 1332 734 :1⁴-

168 778 227 831 ent
258 778 382 831 terram
396 768 422 846 ;”
452 770 543 851 quod
570 770 696 833 bonum
722 781 758 833 et
785 789 901 834 verum
927 783 1145 852 recepturum
1169 775 1213 837 sit
1238 760 1332 836 mh

169 862 324 935 ecclesia.
345 862 547 943 intelligitur
566 884 625 945 per
644 865 734 946 quod
755 870 875 928 “terra
896 866 1060 929 exaudiet
1077 866 1331 930 frumentum

168 967 203 1020 et
219 969 367 1021 mustum
390 969 425 1022 et
450 958 585 1023 oleum”
609 958 825 1038 (“mustum”
843 970 897 1025 est
917 980 1033 1023 verum
1057 981 1097 1023 ac
1120 961 1275 1025 “oleum
1319 951 1332 978 ¹’

168 1062 221 1113 est
241 1051 381 1133 bonum)
397 1074 404 1129 ;
428 1062 463 1115 et
478 1053 569 1134 quod
588 1052 635 1115 illi
654 1053 698 1117 ab
714 1053 869 1125 ecclesia,
885 1055 975 1135 apud
999 1075 1084 1136 quos
1103 1055 1232 1119 bonum
1248 1058 1327 1119 εἲ

168 1165 283 1207 verum
303 1157 366 1218 est,
385 1147 462 1209 inde
481 1148 649 1229 recepturi
668 1149 748 1220 sint,
762 1146 967 1228 intelligitur
982 1168 1042 1229 per
1057 1149 1148 1230 quod
1167 1149 1320 1213 “haec

168 1241 353 1303 exaudient
372 1240 585 1322 Jisreelem:”
618 1241 708 1324 quod
739 1262 808 1304 non
838 1251 937 1316 terra,
969 1241 1039 1323 ejus
1067 1243 1314 1309 frumentum.

169 1343 316 1396 mustum
337 1344 371 1396 ct
391 1335 502 1397 oleum
522 1335 743 1416 intelligatur,
761 1335 820 1398 sed
840 1335 986 1399 ecclesia
1003 1356 1081 1401 cum
1096 1335 1168 1416 ejus
1187 1336 1311 1400 bonis

168 1436 202 1489 ct
223 1429 320 1503 veris
342 1438 450 1508 patet,
469 1449 547 1491 nam
567 1429 698 1502 dicitur,
721 1428 934 1492 “Seminabo
951 1429 1128 1511 Jisreelem
1149 1430 1233 1494 Mihi
1251 1433 1300 1493 in

66 1586 69 1593 ,
168 1520 285 1584 terra.”
329 1521 431 1604 Apud
452 1521 604 1595 Esaiam,
987 1546 991 1553 ·

218 1667 322 1719 “Dabo
334 1669 361 1717 in
374 1670 480 1720 deserto
492 1670 598 1719 cedrum
612 1671 732 1725 schittae.
748 1679 775 1720 et
787 1680 912 1732 myrtum.
924 1681 950 1721 et
962 1673 1085 1723 arborem
1098 1672 1168 1730 olei:
1187 1686 1285 1736 ponam

297 1734 323 1782 in
337 1735 479 1783 solitudine
492 1735 615 1792 abietem.
630 1736 736 1784 taedam
748 1746 776 1784 et
787 1734 909 1784 buxum'’
921 1735 976 1796 (xli.
990 1736 1046 1798 19):

168 1883 253 1948 haec
285 1885 328 1946 dc
361 1885 607 1947 instauratione
630 1884 798 1948 ecclesiae
821 1906 841 1948 a
865 1885 1015 1947 Domino
1040 1886 1132 1966 apud
1162 1898 1280 1968 gentes

169 1974 258 2041 dicta
272 1987 350 2040 sunt
364 1999 370 2054 ;
388 1987 423 2040 et
437 1998 496 2059 per
509 1984 529 2010 ‘⁶
540 1978 712 2041 desertum
722 1978 737 2003 ”
750 1989 785 2041 et
796 2000 858 2061 per
872 1985 892 2011 “
901 1979 1121 2043 solitudinem
1129 1981 1145 2005 '’
1157 1979 1277 2062 signifi·

167 2081 263 2134 catur
283 2071 338 2133 ubi
357 2073 446 2152 prius
466 2091 534 2134 non
553 2073 678 2135 bonum
695 2075 771 2155 quia
791 2092 859 2136 non
876 2092 1012 2149 verum;
1034 2093 1096 2154 per
1115 2075 1275 2139 “cedrum

166 2165 344 2239 schittae,”
359 2173 378 2198 “
389 2177 537 2246 myrtum
547 2165 562 2189 ”
574 2176 608 2229 et
627 2167 810 2230 “arborem
825 2166 892 2229 olei
901 2166 915 2191 ”
931 2165 1143 2248 significatur
1158 2170 1277 2232 bonum

167 2259 341 2340 spirituale
367 2270 402 2322 et
431 2259 601 2336 caeleste;
631 2281 671 2322 ac
700 2281 760 2342 per
790 2260 996 2334 “abietem”
1024 2261 1221 2325 “taedam’'
1248 2273 1278 2325 et

168 2359 187 2384 ‘⁶
197 2354 325 2416 buxum
333 2354 349 2378 ”
361 2353 570 2436 significatur
583 2355 708 2416 bonum
722 2365 757 2417 et
771 2375 886 2419 verum
900 2354 977 2417 inde
990 2355 1023 2417 in
1037 2357 1185 2418 naturali
1198 2378 1205 2434 ;
1225 2377 1278 2439 per

167 2449 422 2530 unamquamvis
443 2449 532 2511 enim
552 2448 705 2511 arborem
722 2448 848 2530 aliquid
865 2449 944 2512 boni
966 2459 1002 2513 et
1022 2452 1092 2513 veri
1114 2451 1279 2517 ecclesiae

166 2542 199 2603 in
214 2541 330 2604 Verbo
347 2541 564 2622 significatur,
579 2552 614 2605 et
629 2542 688 2604 illa
700 2543 865 2607 ecclesiae
875 2564 963 2624 quae
975 2553 1055 2607 sunt
1070 2545 1104 2607 in
1119 2544 1280 2626 spirituali

167 2656 225 2698 seu
248 2636 382 2699 interno
404 2635 543 2699 homine
567 2635 800 2717 significantur
822 2657 881 2718 per
906 2637 1076 2701 “cedrum
1103 2638 1281 2712 schittae,''

168 2729 375 2808 “myrtum’'-
388 2739 423 2792 et
445 2730 627 2792 “arborem
648 2730 713 2794 olei
725 2730 751 2806 ;”
774 2741 809 2793 et
831 2730 890 2794 illa
908 2730 1075 2794 eccles-iae
1094 2753 1185 2814 quae
1203 2744 1279 2797 sunt

166 2825 199 2887 in
219 2823 363 2887 naturali
382 2845 440 2887 seu
464 2833 611 2887 externo
630 2823 767 2887 bomine
790 2844 849 2906 per
869 2825 1075 2900 “abieteml’
1094 2826 1283 2893 “taedam'’

165 2928 201 2981 et
223 2917 406 2982 “buxum”
451 2917 556 2999 Apud
573 2918 748 2992 Davidem,

217 3068 387 3137 “Uebovah]
403 3072 498 3121 Pastor
510 3087 595 3128 meus,
610 3087 664 3120 non
677 3073 791 3129 carebo;
809 3073 837 3121 in
856 3073 961 3136 pascuis
979 3073 1078 3121 herbae
1090 3075 1189 3123 cubare
1207 3074 1285 3124 faciet

295 3153 347 3193 me.
361 3138 395 3185 ad
408 3152 491 3200 aquas
505 3139 622 3200 quietum
634 3138 747 3186 deducet
758 3152 802 3186 me
812 3152 830 3194 ;.
841 3174 846 3186 .
856 3175 862 3186 .
873 3138 1012 3200 dispones
1024 3149 1087 3186 ante
1099 3153 1145 3188 me
1161 3153 1284 3188 menum

296 3217 385 3251 coram
407 3202 521 3251 inimic'u
542 3204 625 3257 meis:
655 3203 837 3265 pinguefacies
858 3203 919 3252 oleo
935 3212 1017 3266 caput
1038 3217 1138 3263 meum,
1160 3205 1285 3266 potuim

295 3281 384 3315 meum
397 3268 543 3317 abundabit
552 3267 565 3286 '⁸
578 3267 633 3329 (Ps.
645 3268 719 3316 xxiii.
735 3280 756 3326 ι,
770 3280 793 3325 2,
807 3269 845 3329 5);

166 3436 225 3498 per
252 3416 336 3478 haec
367 3416 520 3477 insensu
545 3416 680 3478 interno
706 3415 909 3496 intelligitur
935 3415 1025 3497 quod
1053 3415 1112 3496 qui
1142 3415 1285 3479 confidit

168 3510 317 3573 Domino
336 3509 479 3571 ducatur
498 3511 530 3570 in
552 3511 667 3571 omnia
690 3509 781 3571 bona
803 3518 839 3571 et
863 3530 943 3571 vera
962 3507 1047 3571 caeli
1070 3517 1106 3570 et
1129 3509 1283 3573 abundet

162 3604 319 3684 jucundis
335 3623 470 3679 eorum;
494 3624 554 3685 per
571 3605 776 3667 “Pastorem
791 3603 929 3665 meum”
944 3603 1148 3684 intelligitur
1164 3603 1284 3671 Domi·

166 3719 250 3774 nus;
282 3717 341 3779 per
366 3704 523 3778 “pascua
549 3697 698 3759 herbae''
722 3696 955 3779 significantur
976 3698 1196 3778 cognitiones
1212 3699 1285 3762 veri

165 3802 201 3856 et
231 3793 331 3868 boni;
366 3811 426 3872 per
456 3797 592 3873 “aquas
620 3790 796 3873 quietum”
823 3790 1056 3872 significantur
1085 3813 1166 3857 vera
1193 3792 1283 3856 caeli

166 3887 263 3964 inde;
287 3907 347 3967 per
371 3892 552 3948 “mensam
561 3886 576 3911 ’'
599 3883 808 3967 significatur
831 3887 971 3949 nutritio
993 3887 1198 3967 spiritualis;
1226 3908 1284 3970 per

167 3980 433 4062 “pinguefacere
456 3980 534 4043 oleo
557 3979 683 4062 caput”
706 3978 915 4061 significatur
938 3981 1105 4061 sapientia
1127 4000 1216 4063 quae
1239 4002 1282 4044 ex

165 4074 276 4156 bono;
299 4096 358 4157 per
379 4074 564 4156 “poculum
584 4093 697 4137 meum
716 4075 902 4139 abundabit
914 4074 929 4098 ”
947 4074 1157 4157 significatur
1179 4076 1281 4143 intel·
