2684 4988
113 487 191 536 1012
418 484 669 536 APOCALYPSIS
692 484 920 535 Exeucm.

109 652 255 716 Verum:
280 653 368 734 apud
387 653 463 716 illos
482 654 572 716 enim
591 653 722 716 fuerunt
742 672 811 715 non
830 654 893 715 nisi
909 672 1011 734 quam
1030 652 1191 717 traditione

109 766 215 809 vanae
238 768 282 810 ex
307 767 407 809 sensu
430 747 564 810 litterae
589 746 705 822 Verbi,
729 749 762 809 in
786 749 905 829 quibus
929 750 1003 828 ipsa
1024 767 1099 809 vera
1117 744 1193 809 Vetti

108 837 289 901 falsificata
304 849 339 900 et
355 839 446 901 bona
461 838 659 901 adulterata
674 838 820 901 fuerunt.
864 854 950 911 (Quod
962 850 1086 898 “urum‘’
1096 853 1195 912 Quen

109 927 197 978 omnia,
208 933 232 970 et
246 928 311 970 unde
327 927 380 978 hoc,
392 928 501 971 rideatur
515 927 540 971 in
551 927 657 971 Arcano
670 927 819 978 Coelern'lus,
830 940 854 972 n.
863 927 916 984 ⁶34·
928 930 997 984 5897,
1007 927 1073 984 6239,
1083 927 1141 984 6451,
1149 925 1197 984 δός

110 990 202 1050 819996.
213 995 280 1050 9894.
292 997 360 1049 9898.
371 995 439 1051 9838.
450 1005 518 1051 9995.
531 1006 612 1050 89949
625 1005 707 1051 89999.
720 1006 802 1050 99399.
815 1006 897 1051 99995.
910 995 1003 1051 89548.)

168 1060 328 1143 418[a].
356 1062 815 1142 “Retinentorquotuomntor
826 1060 1106 1142 termo‚''—Quod
1119 1059 1197 1141 signi·

111 1150 188 1214 ficet
215 1152 440 1215 remissionem
468 1152 615 1236 influxus
641 1155 721 1235 q'us,
750 1165 887 1216 constat
915 1175 959 1215 ex
987 1152 1197 1234 significatione

112 1250 282 1326 “quatuor
295 1257 472 1309 ventorum
486 1246 625 1320 terrae,''
637 1248 727 1328 quod
743 1249 787 1310 sit
800 1268 901 1310 omne
916 1247 1073 1309 Divinum
1089 1243 1199 1308 incaelo

112 1351 358 1412 (dequaseqntur);
381 1347 417 1399 et
432 1357 477 1398 ex
494 1336 746 1418 significatione
764 1339 941 1401 “retinere
957 1337 1067 1410 illos,'’
1081 1335 1198 1419 quodsit

111 1428 464 1491 remittereinfluxum
481 1428 570 1510 ejus:
594 1430 654 1492 sed
674 1430 753 1512 quid
772 1430 975 1511 intelligitur
992 1450 1050 1511 per
1064 1428 1199 1492 remissio·

112 1540 189 1583 nem
213 1521 358 1584 influxus
386 1522 499 1585 Divini
526 1523 558 1584 in
583 1523 689 1596 caelo,
714 1543 814 1586 nemo
836 1527 922 1586 scire
950 1534 1064 1605 potest
1091 1523 1144 1584 nisi
1164 1518 1199 1583 tul

112 1615 298 1678 revelatum
318 1627 381 1691 est,
398 1628 433 1679 et
453 1629 701 1699 consequenter
720 1638 781 1680 nec
801 1620 876 1681 sciri
897 1630 1013 1700 potest
1032 1618 1107 1700 quid
1123 1614 1198 1697 signi·

99 1708 230 1775 'fleatur
243 1730 301 1791 per
312 1717 332 1742 ‘⁴
341 1713 568 1774 retentionem
578 1722 723 1793 quatuor
732 1723 911 1774 ventorum
923 1714 1061 1775 terrae.”
1090 1711 1198 1792 Absque

113 1803 331 1877 revelatione,
348 1806 421 1887 quis
440 1824 509 1867 non
528 1806 725 1912 opinaturus
743 1817 795 1868 est
815 1807 905 1887 quod
926 1814 1010 1887 per‘
1014 1814 1141 1869 ‘ventos
1146 1800 1198 1865 ”ti

112 1896 347 1978 intelligantur
366 1898 458 1960 venti
481 1899 537 1980 qui
559 1898 602 1960 ab
624 1898 755 1978 angelis
777 1900 926 1960 retenti?
949 1901 1104 1982 quoniam
1123 1896 1197 1960 etiam
1218 1936 1229 1993 3

113 1991 297 2072 sequitur,‘
302 1997 360 2051 ‘ne
379 1990 474 2054 flaret
490 2000 612 2053 ventus
628 2010 727 2071 super
743 2002 867 2053 terram
888 2011 998 2072 neque
1017 2006 1197 2072 supermare,
1219 1998 1229 2045 8

114 2104 221 2166 neque
238 2104 336 2163 super
353 2103 488 2146 omnem
504 2083 698 2146 arborem:”
721 2104 836 2146 verum
856 2105 916 2164 per
933 2092 1083 2147 “ventos
1098 2076 1198 2147 terrae'

113 2178 166 2241 hic
192 2188 228 2241 ut
255 2176 368 2239 alibi
360 2197 393 2239 m
418 2176 533 2240 Verbo
556 2176 763 2258 significatur
786 2199 886 2239 omne
916 2178 1074 2240 Divinum
1095 2175 1196 2259 quoda

114 2271 262 2333 Domino
285 2271 317 2331 in
342 2268 448 2343 caelo,
468 2271 500 2331 in
524 2271 635 2350 specie
660 2269 817 2332 Divinum
834 2270 987 2355 ¹Verum;
1011 2282 1046 2335 et
1069 2273 1125 2333 hoc
1143 2267 1196 2350 quia

113 2364 219 2427 influit
243 2385 262 2426 a
286 2364 432 2426 Domino
452 2373 489 2425 ut
512 2361 590 2425 Sole
614 2364 647 2425 in
670 2364 859 2425 universum
884 2365 1016 2429 caelum
1039 2376 1073 2428 et
1093 2360 1196 2426 indein

115 2460 302 2521 universam
323 2467 459 2532 terram,
477 2455 553 2519 ideo
572 2476 631 2537 per
648 2457 820 2520 “retinere
840 2458 917 2520 illos
925 2458 940 2480 ”
957 2458 1148 2540 significatur
1161 2473 1195 2516 re·

116 2553 250 2614 mittere
271 2551 442 2612 influxum.
488 2548 555 2612 Sed
580 2561 616 2612 ut
635 2550 719 2612 haec
739 2550 858 2612 clarius
878 2551 1115 2632 intelligantur,
1131 2549 1194 2610 dice·

115 2657 167 2708 tur
179 2646 282 2707 etiam
298 2645 470 2725 quomodo
486 2664 521 2705 se
538 2663 591 2706 res
607 2643 711 2705 habet
727 2663 801 2705 cum
818 2644 946 2707 influxu
963 2646 1030 2706 illo.
1069 2643 1195 2706 Dominus

117 2748 169 2802 est
189 2737 247 2800 Sol
267 2739 351 2800 caeli
370 2737 533 2818 angelici;
558 2757 603 2799 ex
624 2736 702 2817 Ipso
721 2747 758 2799 ut
777 2736 856 2799 Sole
876 2740 1030 2819 procedit
1047 2737 1141 2800 omnis
1155 2733 1195 2794 lux

115 2844 150 2895 et
174 2833 282 2894 omnis
301 2831 393 2892 calor
413 2831 476 2906 ibi;
501 2829 559 2892 lux
579 2850 664 2911 quae
688 2831 851 2910 procedit,
871 2843 924 2893 est
949 2835 981 2893 in
1006 2852 1063 2893 sua
1085 2825 1196 2892 essentia

116 2926 274 2988 Divinum
292 2924 430 2996 Verum,
448 2925 524 3003 quia
544 2934 596 2985 est
617 2923 675 2984 lux
693 2923 893 3003 spiritualis;
918 2945 956 2987 ac
977 2925 1066 2987 calor
1081 2923 1127 3004 qui
1142 2937 1195 3000 pro·

116 3019 205 3082 cedit
230 3030 282 3079 est
310 3020 342 3079 in
366 3038 425 3078 sua
447 3017 595 3078 essentia
622 3016 780 3078 Divinum
805 3016 947 3090 Bonum,
968 3020 1044 3099 quia
1066 3028 1112 3079 est
1131 3010 1196 3075 calor

116 3113 314 3194 spiritualis:
340 3112 421 3173 haec
436 3109 575 3172 effluunt
591 3131 611 3171 a
629 3110 775 3172 Domino
792 3120 828 3172 ut
846 3109 925 3172 Sole
942 3113 974 3172 in
992 3131 1104 3173 omnes
1114 3103 1195 3170 caelos

116 3206 374 3269 accommodate
398 3205 440 3266 ad
465 3205 695 3284 receptionem
718 3205 761 3266 ab
784 3205 915 3284 augelis
938 3206 1002 3279 ibi;
1025 3223 1118 3286 quare
1133 3210 1195 3261 nunc

117 3301 283 3363 remissius
300 3319 387 3361 nunc
405 3298 577 3360 intensius.
623 3296 769 3378 Quando
785 3299 963 3369 remissius,
978 3310 1057 3360 tunc
1073 3307 1195 3376 separan-

117 3409 169 3457 tur
189 3394 267 3456 boni
286 3413 305 3455 a
326 3392 440 3453 malis·
435 3392 600 3472 ,quando
619 3401 732 3453 autem
751 3392 924 3462 intensius,
945 3403 1025 3453 tunc
1045 3391 1196 3470 rejiciuntur

118 3489 205 3550 mali.
244 3486 463 3593 Quapropter
474 3505 549 3546 cum
560 3484 714 3546 ultimum
724 3483 901 3565 judicium
895 3496 1010 3558 instat,
1022 3496 1098 3548 tunc
1110 3477 1194 3544 Domi·

118 3602 178 3643 nus
203 3583 344 3662 primum
365 3580 501 3640 remisse
525 3578 641 3651 influit,
662 3579 706 3640 ob
725 3598 859 3641 causam
880 3590 916 3640 ut
936 3591 1124 3659 separentur
1141 3566 1194 3634 boni

117 3697 136 3738 a
155 3675 260 3738 malis.
307 3673 499 3753 Quoniam
492 3692 524 3733 m
542 3673 605 3734 hoc
623 3673 733 3752 capite
751 3671 792 3735 de
808 3674 1023 3753 separatione
1039 3671 1093 3734 illa
1106 3668 1194 3748 agitur.

117 3770 193 3832 ideo
210 3770 437 3849 praemittitur
453 3767 516 3827 de‘
521 3768 729 3828 ‘retentione
745 3777 888 3847 quatuor
901 3778 1078 3828 ventorum
1094 3749 1229 3826 9999991.

117 3883 287 3944 perquam
302 3860 507 3940 significatur
520 3861 671 3922 remissio
683 3859 826 3922 influxus
840 3860 953 3922 Divini
970 3859 1054 3922 Boni
1066 3879 1101 3921 ac
1115 3843 1194 3917 Divisst'

118 3956 198 4018 Veri
226 3977 244 4017 a
273 3956 439 4016 Domino:
468 3955 558 4036 quod
583 3955 624 4015 de
649 3955 860 4034 separatione
888 3955 1053 4015 bonorum
1079 3973 1097 4015 a
1119 3942 1193 4011 malis

118 4061 212 4131 patet
232 4071 252 4111 a
270 4050 488 4130 sequentibus
507 4048 601 4129 hujus
620 4048 750 4128 capitis,
772 4066 848 4109 nam
868 4047 1040 4121 dicitur,“
1049 4067 1089 4109 ne
1105 4044 1193 4105 danus

117 4142 269 4205 afficiatis
283 4153 418 4213 terram,
434 4161 540 4222 neque
557 4160 659 4213 mare,
674 4159 781 4219 neque
797 4159 934 4201 omnem
951 4141 1110 4210 arborem,
1121 4139 1193 4210 usque

117 4239 195 4299 dum
213 4236 455 4316 signaverimus
471 4255 587 4296 servos
604 4235 666 4296 Dei
683 4253 781 4314 super
796 4233 962 4295 frontibus
978 4253 1089 4295 eorum
1097 4226 1193 4331 ”(8888

118 4332 172 4415 3);
195 4352 234 4394 ac
255 4340 375 4412 postea
395 4350 497 4410 usque
519 4328 562 4391 ad
586 4328 684 4391 finem
704 4328 823 4409 capitis
841 4329 953 4408 agitur
972 4327 1042 4389 de‘
1047 4304 1193 4406 ‘signatis

116 4429 179 4490 hoc
193 4438 256 4499 est,
271 4426 313 4487 de
331 4426 427 4487 bonis
440 4424 604 4505 separatis
619 4444 639 4485 a
655 4421 761 4484 malis.
806 4419 873 4484 Sed
886 4421 929 4484 de
946 4423 1009 4485 hae
1022 4413 1190 4509 sepapationt
