2684 4988
370 495 446 546 cnr.
463 496 537 558 vn„
555 495 658 547 vans.
679 496 806 564 17.-u.
820 484 893 562 482.
1108 496 1189 564 1199

118 658 234 728 ulteriore
243 666 464 747 expositione,
474 666 632 749 quoniam
644 666 678 729 in
691 688 750 730 usu
762 677 936 748 receptum
948 677 1001 730 est
1014 687 1059 730 ex
1070 665 1188 728 Verbo

115 753 195 823 dicere
209 766 226 792 ⁴⁴
235 760 352 823 Pastor
360 761 375 784 ''
393 761 434 824 de
452 760 517 824 illis
536 762 591 844 qui
608 761 746 837 docent,
766 771 801 825 et
821 766 841 794 “
850 761 943 825 Grex
951 761 967 786 ”
985 761 1028 824 de
1050 760 1114 823 illis
1133 760 1188 843 qui

113 848 210 919 discunt
220 877 228 933 ;
251 856 312 918 sed
330 855 418 937 quod
437 856 485 919 ita
500 855 665 930 dicautur,
684 853 814 938 [causa]
832 855 981 919 nondum
998 864 1051 918 est
1067 850 1187 929 ¹¹¹nota,

110 963 184 1026 quare
194 950 327 1013 dicetur.
359 951 399 1032 ln
411 950 506 1014 caelo
520 951 574 1013 ubi
587 951 699 1013 omnia
711 951 999 1031 repraesentativa
1012 958 1089 1012 sunt
1102 967 1188 1030 quae

108 1054 191 1105 coram
210 1044 314 1107 oculis
331 1054 506 1125 apparent,
526 1053 783 1124 repraesentant
802 1044 891 1106 enim
911 1043 972 1105 sub
991 1042 1190 1124 apparentia

106 1137 216 1199 naturali
229 1138 410 1219 spiritualia
420 1158 506 1220 quae
518 1137 631 1219 angeli
643 1139 798 1219 cogitant
811 1147 846 1200 et
856 1138 974 1219 quibus
987 1135 1187 1210 afficiuntur,

104 1223 140 1289 ita
151 1230 297 1294 sistuntur
309 1234 535 1313 cogitationes
551 1243 586 1296 et
602 1230 796 1296 affectiones
812 1231 943 1294 illorum
957 1250 1070 1294 coram
1083 1230 1191 1293 oculis

104 1317 205 1388 illorum
220 1328 252 1388 iu
268 1326 382 1389 formis
397 1327 513 1409 quales
529 1336 607 1389 sunt
626 1327 659 1389 in
679 1327 816 1402 mundo,
832 1346 891 1388 seu
907 1326 941 1388 in
959 1326 1073 1388 formis
1089 1334 1188 1387 natu·

103 1415 192 1480 talium
206 1421 376 1493 similibus.
394 1431 428 1484 et
445 1421 509 1483 hoc
526 1441 570 1483 ex
588 1419 888 1500 correspondentia
903 1440 988 1502 quae
1005 1439 1024 1482 a
1040 1418 1189 1482 Domino

104 1501 169 1570 lana
179 1522 227 1575 est
243 1514 332 1576 inter
344 1512 535 1594 spiritualia
550 1522 586 1576 et
602 1512 770 1575 naturalia
783 1527 1101 1586 (dequaeorresponeentia
1109 1526 1191 1572 muris

104 1595 255 1653 liburnum
264 1617 312 1661 est:
330 1616 354 1653 et
363 1609 470 1666 inopere
480 1609 519 1654 De
532 1609 600 1654 Caelo
609 1614 633 1653 et
642 1609 745 1669 lnj'em.
755 1621 779 1654 n
788 1610 886 1664 87-102,
895 1615 919 1653 et
927 1621 952 1654 n.
962 1607 1087 1666 rog-115).
1130 1588 1188 1652 Ex

104 1685 372 1764 correspondentia
398 1683 456 1746 illa
482 1693 534 1746 est
561 1684 651 1766 quod
678 1685 711 1746 in
738 1682 833 1746 caelo
855 1692 1041 1763 appareant
1068 1701 1190 1762 greges

104 1789 134 1834 ex
150 1779 269 1852 ovibus,
288 1779 385 1860 agnis
408 1788 443 1841 et
466 1779 585 1859 capris,
605 1789 785 1859 pascentes
808 1779 841 1840 in
864 1777 980 1841 viretis
1001 1786 1037 1840 et
1056 1796 1189 1859 quoque

104 1864 124 1927 'tt
135 1868 230 1936 hortis
240 1894 249 1950 ;
272 1894 358 1955 quae
374 1873 591 1954 apparentiae
605 1873 757 1936 existunt
774 1893 818 1935 ex
835 1870 1098 1953 cogitationibus
1113 1867 1189 1933 illo·

104 1975 151 2027 tlm
168 1967 218 2048 qui
238 1968 270 2029 in
291 1966 389 2030 bonis
408 1977 443 2030 et
462 1967 549 2029 veris
566 1966 731 2029 ecclesiae
749 1975 838 2041 sunt,
858 1976 894 2029 et
913 1964 1041 2028 exiliis
1064 1962 1189 2025 intelli·

104 2067 194 2124 tenter
209 2070 243 2124 et
259 2062 430 2142 sapienter
442 2062 607 2142 cogitant.
652 2060 736 2123 Inde
750 2081 837 2123 nunc
854 2059 1009 2141 estquod
1025 2059 1059 2121 in
1072 2057 1189 2121 Verbo

104 2152 177 2216 oties
189 2155 319 2219 dicatur
334 2162 353 2188 ‘⁸
362 2155 478 2237 grex,”
490 2165 562 2219 tum
575 2175 707 2237 quoque
722 2161 741 2186 ‘⁴
750 2153 938 2236 pascuum‚”
953 2159 971 2184 ‘⁴
981 2172 1117 2234 pascere
1125 2149 1141 2176 ”
1153 2162 1189 2216 et

109 2259 219 2320 pastor
231 2249 256 2326 ;’'
275 2249 427 2312 Verbum
441 2251 529 2312 enim
543 2250 575 2312 in
593 2249 706 2311 littera
718 2259 770 2312 est
783 2269 828 2311 ex
841 2247 965 2311 talibus
977 2267 1062 2329 quae
1075 2265 1189 2309 coram

104 2340 179 2405 :ulis
200 2345 232 2406 in
257 2344 353 2408 caelo
375 2355 550 2426 apparent,
571 2364 630 2425 per
647 2364 733 2426 quae
756 2341 987 2424 significantur
1005 2339 1190 2422 spiritualia

104 2447 160 2501 ttae
175 2437 453 2519 correspondent.
498 2436 667 2518 Quoniam
685 2447 802 2500 notum
820 2446 872 2499 est
891 2437 924 2498 in
941 2435 1084 2499 ecclesia
1100 2434 1189 2516 quod

104 2543 242 2605 pascere
253 2531 269 2555 ”
292 2532 459 2612 significat
483 2533 658 2605 instruere,
684 2537 702 2562 ‘⁶
715 2550 874 2612 pascuum
886 2529 900 2554 ’⁹
923 2525 1190 2602 instrudtionem

104 2639 105 2644 ’
138 2625 304 2708 “pastor''
331 2623 578 2700 instrudiorem,
606 2626 706 2687 velim
735 2623 843 2687 solum
871 2623 982 2705 aliqua
1009 2621 1084 2685 loca
1110 2621 1189 2685 inde

104 2733 200 2802 >sque
213 2720 370 2783 ulteriore
384 2719 612 2801 explicatione
625 2718 752 2794 afferre,
766 2718 821 2780 ubi
835 2722 854 2749 ‘⁴
862 2737 1000 2799 pascere
1008 2716 1024 2742 ”
1034 2725 1069 2779 et
1083 2720 1102 2749 ‘⁶
1112 2735 1191 2797 pas·

104 2815 195 2877 tum”
214 2817 431 2879 nominantur
442 2813 598 2894 :—Apud
616 2813 769 2887 Esaiam,

222 2961 240 2982 ⁴¹
249 2959 366 3008 Pascent
377 2972 472 3020 greges
485 2958 522 3006 tui
535 2958 562 3006 in
575 2958 617 3006 die
630 2957 678 3005 illo
690 2957 717 3005 in
731 2965 807 3018 prato
819 2955 873 3003 lato
881 2952 895 2973 '⁸
907 2954 979 3016 (xxx.
991 2954 1048 3016 23);

104 3073 162 3135 ›ud
181 3073 338 3148 eundem,

127 3187 189 3237 “Ut
202 3197 295 3250 9²⁸¹&
308 3201 417 3249 gregem
432 3200 510 3234 suurn
525 3194 624 3248 pascet,
639 3184 665 3233 in
680 3184 817 3233 brachium
831 3197 910 3232 suum
925 3182 1032 3245 colliget
1046 3195 1189 3245 agnon...

204 3250 336 3302 ladlantes
348 3252 443 3300 leniter
454 3250 554 3300 ducet”
566 3250 611 3312 (xl.
625 3250 680 3312 11);

104 3368 164 3446 pud
181 3368 338 3442 eundem,

132 3481 229 3531 “Dicet
243 3477 350 3537 vindis,
367 3479 459 3535 Exite:
474 3479 513 3528 eis
528 3478 571 3542 qui
586 3478 613 3527 in
628 3477 753 3535 tenebris,
771 3475 954 3534 Revelamin13
972 3489 1052 3538 super
1065 3474 1116 3523 viis
1133 3488 1193 3539 pas-

205 3557 275 3604 cent,
290 3547 355 3595 etin
369 3546 494 3594 omnibus
506 3545 581 3593 clivis
594 3558 721 3607 pascuum
734 3557 826 3591 eorum
834 3541 848 3560 '’
860 3541 934 3602 (xlix.
946 3542 986 3603 9);

104 3673 164 3748 pud
181 3672 380 3746 Jercmr'am,

134 3784 254 3836 “Contra
273 3795 395 3847 pastores
414 3793 554 3846 pascentes
572 3797 607 3844 po
627 3781 700 3830 ulum
719 3794 816 3837 meum,
836 3793 886 3827 vos
903 3778 1065 3840 dispersistis
1084 3792 1192 3840 gregem

205 3865 295 3900 meum
305 3865 324 3908 ;.
334 3887 340 3899 .
350 3886 356 3899 .
367 3859 487 3912 propter
501 3848 599 3897 maledi
628 3847 718 3896 ionem
736 3845 809 3908 luget
823 3854 903 3902 terra,
918 3852 1079 3894 exaruerunt
1096 3857 1194 3906 pascua

204 3916 303 3965 deserti
311 3913 325 3934 ''
337 3914 420 3976 (xxiii.
432 3925 455 3971 2,
469 3914 525 3974 10);

104 4028 165 4097 aud
182 4030 340 4103 eundem,

255 4145 272 4166 ¹⁴
282 4140 399 4192 Pascet”
412 4140 496 4190 Israel
511 4140 564 4191 “in
576 4138 699 4189 Carmele
711 4146 738 4188 et
750 4136 889 4187 Bascbane
897 4133 912 4155 '⁹
924 4135 952 4197 (l.
966 4133 1021 4197 19);

104 4265 170 4326 'ud
187 4266 397 4339 Ezechielem,

120 4375 147 4398 '⁴
159 4378 211 4443 Ego
222 4396 347 4446 quaeram
362 4395 471 4442 gregem
487 4393 585 4435 meum,
600 4388 626 4427 et
640 4377 791 4440 perquiram
806 4389 853 4424 eos
856 4411 926 4432 .....
932 4385 1038 4435 pascam
1052 4385 1099 4420 eos
1111 4383 1193 4433 super

207 4448 345 4496 montibus·
355 4446 469 4503 Israelis,
481 4445 508 4493 ln
518 4444 602 4494 alveis
612 4453 638 4493 et
650 4444 677 4492 in
687 4441 812 4492 omuibus
821 4439 1032 4489 habitationibus
1042 4447 1128 4486 terrae
1138 4450 1145 4496 ;
1163 4435 1191 4485 ln
