2716 4986
355 493 434 542 car.
452 493 511 552 vr,
529 491 632 541 vens.
650 490 760 558 9.-u.
780 474 897 558 391[c].
1123 477 1186 554 827

40 648 199 722 eultus:
223 671 257 722 et
274 660 427 741 quiahoc
442 680 509 721 non
526 659 768 722 Intellexerunt
781 659 909 739 Judaei,
923 660 981 721 sed
999 659 1186 721 docuerunt

44 736 180 827 alites,
203 754 277 816 ideo
299 752 381 817 didti
404 765 481 817 sunt
509 775 529 816 a
553 754 701 816 Domino
725 754 849 816 “stulti
872 764 906 816 et
934 753 1053 815 caeci.”
1099 751 1186 832 Quia

46 822 134 903 hoc
169 846 391 928 significatum
421 858 473 910 est
504 868 562 929 per
592 847 757 919 “altare''
784 848 860 909 ideo
890 844 1187 909 sanctificabantur

49 937 189 1004 ⁰mnes
206 943 259 1024 qui
281 943 469 1023 tetigerunt
488 943 580 1017 iliud,
599 952 634 1004 ut
654 952 790 1004 constat
810 943 898 1023 apud
917 941 1042 1014 Mosen,

124 1072 142 1094 ⁴¹
150 1074 253 1137 Septem
261 1074 331 1124 dies.
341 1113 347 1124 .
358 1073 547 1123 ,sanctificabis
556 1074 669 1128 ”altare.
682 1077 734 1122 “ut
744 1075 827 1122 altare
838 1074 872 1122 sit
881 1071 1003 1122 santium
1015 1070 1186 1129 modiorum

200 1141 288 1188 omnis
301 1141 346 1202 qui
358 1140 475 1203 tetigerit
486 1141 570 1189 altare
582 1138 782 1189 sanetificetur'’
794 1139 887 1200 (Exod.
899 1140 971 1187 xxix.
983 1138 1039 1200 37):

58 1259 138 1324 Der
154 1274 320 1350 “tangere
328 1268 343 1292 ”
362 1267 569 1350 significatur
588 1270 846 1340 communicare,
868 1267 1058 1339 transferre,
1079 1277 1114 1329 et
1135 1287 1186 1329 re·

57 1352 86 1396 Ὠ
97 1347 184 1435 ἰρετε
197 1376 316 1434 (videatur
326 1390 349 1422 n.
361 1376 456 1434 10130),
469 1360 522 1422 hic
536 1359 697 1421 Divinum
709 1360 800 1441 quod
815 1359 970 1439 procedit
984 1378 1003 1419 a
1016 1357 1166 1419 Domino
1179 1379 1186 1434 ;

56 1445 119 1506 ἓῒ
133 1451 201 1532 quia
219 1452 283 1514 hoc
303 1451 558 1533 significabatur
576 1472 634 1533 per
651 1450 851 1531 “tangere''
870 1461 904 1512 et
924 1451 979 1532 qui
999 1451 1186 1530 tetigerunt

54 1538 377 1620 &audificabantun
402 1548 549 1628 sequitur
571 1547 660 1628 quod
686 1547 762 1628 Ipse
787 1546 951 1608 Dominus
974 1545 1007 1606 in
1032 1564 1188 1625 supremo

55 1635 171 1701 &cusu
193 1639 400 1720 significetur
424 1661 483 1722 per
507 1639 671 1713 “aitare,’'
689 1640 824 1702 aliunde
847 1641 935 1701 enirn
960 1658 1027 1700 non
1051 1650 1103 1699 est
1127 1638 1187 1701 ali·

55 1734 161 1811 quod
179 1731 352 1798 sanctum:
381 1737 490 1797 omnis
508 1737 610 1798 etiam
630 1735 739 1798 cultus
758 1746 810 1797 est
830 1735 939 1797 cultus
959 1733 1095 1795 Domini
1115 1743 1149 1794 et
1169 1754 1189 1794 a

62 1810 241 1906 liomino;
270 1850 373 1911 quare
396 1832 509 1903 etiam,
534 1830 610 1911 quia
633 1830 742 1892 cultus
766 1831 798 1891 in
822 1829 964 1892 ecclesia
988 1829 1044 1890 iila
1067 1828 1188 1909 princi·

67 1923 194 2002 paliter
213 1924 394 1987 constabat
418 1925 450 1985 in
470 1923 675 1986 holocaustis
694 1935 729 1986 et
752 1922 930 1996 sacrificiis,
952 1943 1010 2004 per
1030 1920 1190 1984 “altare’'

62 2015 323 2096 significabatur
349 2019 457 2099 ipsum
482 2018 640 2080 Divinum
663 2039 783 2099 aquo,
803 2029 837 2080 et
864 2018 927 2080 hoc
953 2017 1110 2078 Divinum
1135 2025 1188 2078 est

69 2105 230 2173 Divinum
250 2111 443 2175 Humanum
461 2112 606 2175 Domini.
652 2112 736 2175 Inde
749 2132 881 2195 quoque
898 2122 969 2174 erat
986 2111 1076 2193 quod
1093 2128 1187 2171 man-

74 2204 189 2267 datum
209 2207 253 2268 sit

122 2327 200 2392 Quod
211 2329 281 2390 ignis
291 2344 372 2391 super
380 2330 457 2378 altari
469 2329 496 2390 ju
518 2329 567 2378 ‘ter
575 2329 689 2387 arderet,
699 2338 726 2378 et
735 2343 866 2392 nusquam
874 2329 1088 2389 exstingueretur
1095 2327 1187 2388 (Levit.
1264 2336 1273 2359 ⁹

204 2394 240 2442 vi.
251 2405 274 2454 5,
285 2391 355 2458 6[B.
366 2397 400 2444 A.
414 2407 452 2451 12,
464 2407 493 2454 13
507 2395 525 2455 ),

78 2532 110 2584 et
132 2523 222 2604 quod
248 2544 292 2586 ex
317 2523 375 2586 illo
399 2524 477 2604 igne
500 2524 766 2586 accenderentur
789 2523 945 2585 lucernae
968 2523 1000 2584 in
1024 2522 1189 2584 Tentorio

79 2627 273 2688 conventus,
293 2627 328 2679 et
352 2618 441 2698 quod
460 2638 504 2679 ex
524 2616 644 2679 eodem
665 2617 879 2679 desumerent
903 2618 935 2678 in
959 2615 1136 2679 thuribulis
1155 2626 1189 2677 et

80 2709 236 2784 suffirent‚
261 2730 338 2772 nam
366 2731 424 2792 per
450 2711 615 2791 “ignem''
638 2709 889 2791 significabatur
917 2712 1057 2773 Divinus
1081 2709 1191 2772 Amor

80 2801 129 2880 qui
142 2811 195 2863 est
209 2802 242 2863 in
256 2802 332 2863 solo
345 2801 495 2864 Domino
507 2818 713 2876 (vuearursupra,
723 2832 746 2863 n.
756 2801 820 2876 68).
863 2801 951 2882 Quia
966 2803 1083 2881 “ignis
1099 2800 1190 2862 aita-

82 2892 142 2953 ris”
165 2892 333 2974 significat
358 2894 516 2956 Divinum
540 2893 716 2967 Amorem,
740 2893 816 2956 ideo
839 2891 1110 2956 sanctificabatur
1133 2913 1191 2974 per

82 2986 169 3051 iilum
188 2988 356 3069 propheta
375 2987 503 3061 Esaias,

131 3121 266 3171 “votavit
283 3121 317 3169 ad
335 3136 377 3170 me
390 3137 459 3170 unus
471 3122 614 3183 seraphim,
629 3122 656 3170 iu
669 3121 745 3182 cujus
757 3135 837 3168 manu
856 3135 941 3182 pruna
953 3120 1031 3181 ignis,
1046 3134 1138 3182 quam.
1148 3157 1154 3169 .
1165 3157 1187 3169 ..

206 3198 345 3247 acceperat
357 3187 471 3248 desuper
482 3187 576 3243 altari;
593 3197 621 3234 et
632 3188 719 3247 tetigit
731 3200 762 3234 os
777 3201 874 3239 meum,
888 3197 914 3234 et
927 3187 1001 3241 dixit,
1016 3185 1115 3245 Tetigit
1127 3185 1191 3232 haec

207 3253 279 3300 labia
292 3261 353 3308 ωας
372 3253 432 3300 ideo
444 3253 553 3301 recessit
568 3252 694 3314 iniquitas
707 3261 760 3310 tua,
774 3261 801 3299 et
813 3263 949 3312 peccatum
963 3262 1036 3299 tuum
1049 3249 1191 3312 expiatur”

205 3313 320 3381 ([Esor'.]
332 3318 367 3365 vi.
378 3318 402 3372 ὁ,
415 3318 455 3377 7):

85 3446 154 3526 quid
171 3445 256 3509 haec
273 3445 305 3507 in
322 3446 406 3508 serie
418 3444 621 3525 significant,
634 3445 739 3507 videri
756 3454 869 3526 potest
887 3445 965 3506 dum
983 3445 1086 3505 scitur
1101 3443 1191 3527 quod

86 3539 237 3603 ‘'altare''
260 3537 426 3620 significet
455 3539 636 3601 Dominum
659 3538 770 3620 quoad
799 3536 956 3598 Divinum
987 3535 1192 3609 Humanum,
1246 3609 1253 3621 ο

85 3635 165 3713 quod
195 3633 334 3713 “ignis'’
360 3653 458 3713 super
485 3632 543 3694 illo
571 3633 728 3694 Divinum
758 3632 887 3693 Bonum
917 3631 1026 3692 Divini
1055 3629 1193 3693 Amoris

86 3723 195 3808 ipsius.
213 3728 303 3810 quod
323 3734 390 3790 “os
408 3739 442 3791 et
463 3727 572 3789 labia”
592 3726 775 3808 prophetae
795 3723 984 3806 significent
1005 3722 1193 3787 doctrinam

86 3819 156 3886 boni
174 3832 210 3886 et
230 3822 310 3892 veri,
327 3822 417 3903 quod
435 3821 626 3901 “tangere''
642 3818 808 3900 significet
826 3820 1084 3892 communicare,
1103 3820 1193 3881 “ini-

86 3916 212 3995 quitas'’
229 3936 315 3998 quae
335 3917 472 3978 recessit
491 3915 621 3986 salsum,
638 3935 677 3976 ac
698 3912 927 3994 “peccatum’'
947 3912 1091 3988 malum;
1117 3934 1193 3975 nam

88 4010 268 4092 “iniquitas
277 4008 292 4032 ”
308 4010 431 4071 dicitur
446 4009 488 4071 de
505 4009 576 4071 vita
594 4006 667 4070 salsi
686 4029 745 4070 seu
764 4007 806 4069 de
826 4009 895 4069 vita
915 4017 1035 4068 contra
1052 4027 1141 4079 vera,
1160 4020 1194 4068 et

89 4103 313 4184 “peccatum'’
326 4103 369 4166 de
382 4105 453 4165 vita
469 4101 548 4165 mali
564 4122 622 4164 seu
635 4103 677 4164 de
691 4103 761 4164 vita
773 4112 893 4163 contra
909 4101 1044 4162 bonum.
1092 4099 1194 4180 Apud

88 4193 231 4272 Esaiam,

29 4366 36 4381 ,
133 4324 256 4373 “Omnia
264 4337 362 4385 pecora
369 4322 486 4370 Arabiae
494 4319 805 4383 congregabunturTibi,
815 4320 912 4367 arietes
922 4318 1055 4367 Nebaioth
1063 4319 1196 4366 ministrn-

210 4391 276 4437 bunt
291 4388 361 4444 Tibi,
378 4387 525 4436 ascendent
542 4387 576 4434 ad
594 4385 792 4446 beneplacitum
810 4384 894 4432 altare
911 4397 1016 4441 meum;
1035 4383 1072 4431 ita
1085 4384 1194 4431 domum

209 4455 314 4504 decoris
326 4449 406 4502 1¹1mei
417 4452 552 4502 decorabo
560 4451 574 4469 ”
586 4452 632 4512 (lx.
643 4454 681 4510 7):
