2684 4988
112 485 178 557 Μ
425 485 676 539 maturus
697 484 922 537 aroucam.

165 656 316 735 “Vincenti
335 658 407 707 dabo
425 658 506 708 odere
523 658 558 706 de
575 659 672 706 arbore
688 657 759 705 vitae
777 671 845 721 quae
863 655 892 704 in
910 654 1001 704 medio
1021 653 1136 717 paradisi
1153 649 1213 703 Dei*

165 724 378 837 “Vinlclgnzlrion
389 788 510 837 laedetur
520 803 537 836 a
549 798 637 836 morte
648 788 768 836 secunda
774 786 788 804 '⁸
800 787 838 843 (ii.
851 785 907 844 nl:

164 853 309 902 “Vincens
320 863 348 902 et
359 855 518 902 cusmdieus
526 868 610 915 opera
622 866 775 916 mosum
786 852 822 900 ad
834 851 923 908 finem
934 851 1006 899 dabo
1018 850 1058 899 iili
1069 858 1213 912 potestaten

244 933 325 981 super
335 930 432 980 gentes
439 919 453 936 ''
465 920 503 975 (ii.
516 920 572 979 2⁶):

164 983 316 1040 ‘'Vincens.
329 984 427 1032 latiam
440 984 516 1032 illum
528 984 681 1032 columnam
694 984 721 1031 in
734 982 835 1044 templo
848 981 897 1029 Dei
906 981 920 999 '¹
932 981 980 1038 (iii.
992 977 1073 1039 1¹¹12);

164 1048 318 1106 “Vincens,
332 1050 403 1097 dabo
414 1050 439 1098 ei
451 1051 546 1098 sedere
559 1048 665 1097 lictum
678 1049 706 1096 in
718 1049 816 1096 throno
828 1045 911 1096 meo”
922 1046 970 1108 (iii.
981 1046 1039 1107 21);

164 1116 182 1137 ‘¹
190 1114 320 1190 vicerunt
327 1113 341 1131 ’'
348 1115 495 1163 draconem
506 1118 523 1136 ⁸·
531 1129 579 1176 per
585 1114 745 1175 sanguinem
752 1112 833 1174 ligni,
841 1121 869 1160 et
876 1110 1051 1174 perverbum
1060 1107 1213 1159 testimonii¹

163 1180 475 1371 “Viutclffiiisssidebit
492 1244 593 1300 omnia.
609 1253 635 1292 et
651 1257 699 1292 ero
717 1243 755 1292 illi
774 1241 856 1300 Deus,
876 1251 904 1290 et
920 1241 966 1290 ille
983 1241 1036 1290 erit
1054 1239 1122 1289 Mihi
1140 1237 1213 1288 iilius*

252 1324 305 1359 ¹¹¹·
318 1321 333 1369 i

113 1424 161 1490 Et
180 1425 268 1507 apud
287 1424 487 1498 Jolronnm,

165 1537 246 1603 jesus
255 1539 290 1586 ad
298 1538 478 1600 discipuloa,“
487 1537 563 1586 llaec
572 1538 679 1586 loeutus
687 1551 748 1586 sum
756 1537 835 1586 vobio
845 1545 875 1585 ut
886 1536 915 1584 in
928 1534 974 1584 Me
986 1549 1080 1598 pacem
1092 1534 1213 1584 babeatis

242 1604 270 1651 in
288 1604 392 1651 mundo
405 1600 579 1652 affiictionem
597 1603 711 1659 habetis,
724 1603 773 1651 red
790 1601 924 1659 confidite.
938 1600 997 1664 Ego
1012 1600 1064 1649 vici
1079 1601 1207 1650 mundum

242 1669 306 1729 (ιη
317 1668 373 1729 ssi:

111 1800 171 1864 per
184 1781 275 1862 quod
292 1780 458 1843 Dominus
472 1782 617 1844 “vicerit
633 1779 824 1851 mundum‚’'
835 1777 1036 1859 intelligitur
1047 1779 1139 1860 quod
1156 1779 1213 1840 sub

107 1868 275 1956 jugaverit
288 1874 402 1935 omnia
419 1873 556 1944 inferna,
571 1894 648 1935 nam
663 1880 683 1904 ‘⁴
694 1872 861 1934 mundus”
873 1873 918 1934 ibi
933 1870 1103 1952 significat
1119 1873 1213 1935 omnir

111 1966 200 2028 mala
219 1976 253 2029 et
274 1965 359 2029 lalsa
377 1987 464 2048 quae
482 1968 526 2029 ab
544 1965 672 2029 inferno

165 2100 214 2162 (Ut
227 2115 334 2164 quoque
347 2102 420 2164 apud
434 2102 590 2166 fldem,
605 2116 664 2164 cap.
675 2102 730 2150 viii.
743 2113 789 2162 23;
807 2116 865 2163 cap.
877 2100 922 2150 xii.
934 2113 981 2161 31:
999 2115 1057 2164 cap.
1070 2102 1125 2152 xiv.
1139 2114 1177 2162 17,
1191 2114 1213 2165 ις

241 2179 289 2226 30:
306 2181 364 2228 cap.
374 2181 418 2214 xv.
430 2168 469 2223 18,
482 2179 527 2228 19;
545 2181 603 2228 cap.
613 2167 668 2216 xri.
678 2167 702 2223 8,
714 2179 741 2215 rr
753 2180 759 2223 ;
776 2181 834 2229 cap.
843 2165 908 2215 xvii.
918 2181 942 2229 9,
955 2178 992 2225 14,
1004 2167 1052 2228 ιθ).

110 2277 225 2343 Simile
255 2299 316 2361 per
342 2280 536 2351 “vincere'’
562 2281 617 2342 ubi
644 2280 688 2342 de
719 2280 876 2352 Domino.
904 2278 1114 2360 significatur
1141 2300 1213 2362 apul

111 2370 264 2445 Esaiam,

161 2505 254 2569 “Quis
266 2506 309 2554 hic
321 2506 367 2583 qui
379 2506 453 2554 venit
465 2521 499 2553 ex
509 2505 604 2560 Edom.
610 2520 775 2582 conspersus
782 2516 871 2554 vestes
883 2520 917 2553 ex
930 2505 1044 2555 Bozrai.
1054 2544 1060 2555 .
1070 2544 1076 2555 .
1088 2507 1213 2584 .Toreula

240 2571 342 2619 calcavi
351 2571 434 2627 solus.
446 2581 472 2619 et
482 2572 516 2619 de
526 2573 633 2633 populis
642 2586 697 2618 non
707 2586 749 2619 mr
759 2571 882 2619 ldeeum:
901 2580 1044 2638 propterea
1053 2573 1158 2621 calcavi
1171 2574 1213 2623 illc

240 2636 268 2685 in
281 2637 323 2684 ira
335 2650 403 2692 mea,
415 2647 442 2684 et
454 2636 610 2684 conculcavi
623 2651 671 2684 eos
684 2637 711 2684 io
724 2637 948 2684 excandescentia
959 2650 1035 2693 mea:
1053 2637 1126 2685 unde
1136 2653 1213 2700 spars

240 2710 281 2750 est
291 2698 405 2749 vidioria
414 2716 508 2749 eorum
519 2716 600 2762 super
610 2712 700 2749 restes
712 2716 796 2755 meas.
808 2712 835 2749 et
846 2715 927 2749 omne
937 2702 1130 2751 vestimentum
1141 2719 1213 2752 meur

248 2766 435 2891 ¹111'113i';‹;).:..at
449 2767 614 2815 descendere
632 2766 682 2815 ieci
701 2767 729 2814 in
746 2777 845 2815 terram
861 2764 1002 2815 vidioriarn
1020 2781 1117 2816 eorum
1125 2768 1139 2785 ’'
1154 2769 1213 2829 (lxii

106 2954 221 3035 agitur
243 2953 349 3016 ibide
375 2952 534 3024 Domino,
554 2964 588 3015 et
609 2953 652 3015 de
675 2954 796 3033 pugnis
821 2953 927 3034 Ipsius
945 2963 1066 3015 contra
1090 2954 1213 3017 inferna

109 3066 149 3109 ac
166 3047 208 3108 de
225 3046 461 3126 subjugatione
477 3066 612 3119 eorum;
637 3045 714 3127 lpse
729 3046 841 3127 quoad
859 3045 1016 3107 Divinum
1034 3045 1213 3110 Humanun

109 3159 204 3201 suum
227 3139 427 3219 intelligitur
449 3139 492 3200 ibi
516 3158 576 3218 per
595 3137 765 3207 “Edom.’'
784 3141 839 3220 qui
864 3145 1094 3219 “conspersus
1117 3153 1214 3203 veste

109 3252 153 3294 ex
175 3231 281 3294 Bozra
294 3232 320 3306 ;”
343 3241 377 3294 et
398 3252 457 3313 per
476 3239 620 3294 “vestes
645 3232 777 3313 lpsius”
796 3232 1003 3312 significatur
1022 3231 1175 3295 Verbum
1198 3235 1213 3296 ii

109 3323 242 3400 littera;
267 3333 287 3356 ‘⁴
297 3334 411 3387 vestes
421 3325 436 3346 '¹
452 3326 541 3387 enim
558 3325 748 3405 significant
765 3346 844 3387 vera
860 3327 1089 3398 investientia‚
1102 3337 1138 3389 et
1156 3345 1213 3389 cun

109 3417 152 3480 de
172 3416 330 3488 Domino.
348 3416 541 3498 significant
562 3417 686 3480 Divina
706 3438 795 3490 vera,
813 3418 952 3499 proinde
970 3417 1133 3492 Verbum,
1147 3440 1212 3501 quo

109 3507 200 3568 niam
216 3507 261 3568 ibi
277 3517 356 3569 sunt
373 3508 489 3569 omnia
506 3506 631 3569 Divina
644 3528 725 3570 vera
737 3525 857 3578 (nummi
865 3537 977 3582 sumn.
991 3523 1110 3588 ι95[ι]).
1141 3509 1211 3573 Ver

108 3597 187 3659 bum
211 3598 243 3658 in
268 3618 368 3659 sensu
391 3599 528 3661 litterae
551 3599 604 3661 hic
628 3601 730 3661 etiam
755 3600 955 3680 intelligitur
977 3620 1036 3681 per
1058 3608 1211 3672 “vestes,

108 3691 185 3770 quia
202 3690 245 3751 ibi
263 3703 340 3752 sunt
357 3711 437 3753 vera
453 3693 680 3762 investientia,
697 3694 836 3755 inservit
852 3695 941 3756 enim
957 3713 1076 3755 sensus
1096 3693 1213 3759 littera

109 3801 170 3862 pro
193 3793 289 3844 veste
313 3785 423 3845 sensui
447 3784 631 3865 spirituali:
663 3796 698 3848 et
721 3787 798 3867 quia
823 3785 972 3848 Verbum
995 3787 1108 3866 quoad
1136 3787 1213 3850 illun

109 3894 244 3936 sensum
261 3896 280 3936 a
300 3877 425 3956 populo
439 3876 580 3957 Judaico
596 3876 795 3940 distradtum
811 3891 875 3950 est.
892 3889 926 3941 et
944 3899 1002 3960 per
1017 3879 1051 3941 id
1068 3879 1213 3944 Divinun

108 3965 236 4029 Verum
255 3969 494 4042 adulteratum,
512 3971 635 4034 dicitur
652 3971 890 4054 “Conspersus
909 3983 1023 4034 vestes
1042 3994 1087 4036 ex
1109 3973 1213 4048 Bozra

109 4078 288 4139 ...sparsa
311 4070 362 4121 est
386 4058 525 4123 victoria
548 4082 663 4124 eorum
687 4083 786 4144 super
806 4076 920 4126 vestes
943 4084 1046 4136 meas,
1066 4074 1103 4128 et
1127 4085 1213 4128 omn«

107 4153 349 4214 vestimentum
367 4173 478 4215 meum
498 4155 601 4236 pollui
614 4155 640 4231 ;''
664 4161 683 4187 '⁶
694 4168 807 4218 vestes
823 4177 868 4219 ex
889 4155 1019 4219 Bozra”
1034 4157 1212 4238 significan

108 4243 262 4306 ultimum
291 4244 406 4316 Verbi,
430 4248 521 4327 quod
549 4259 602 4311 est
629 4269 748 4311 sensus
776 4250 910 4312 litterae
936 4249 1027 4329 ejus;
1057 4249 1213 4315 “vidiori:

109 4357 223 4426 eorum
248 4358 345 4418 super
364 4351 477 4400 vestes
500 4361 592 4402 meas
601 4341 616 4364 ”
639 4339 805 4421 significat
830 4345 997 4405 sinistram
1021 4345 1209 4427 interprete

108 4431 235 4492 tionem
263 4444 297 4493 et
325 4433 586 4513 applicationem
618 4437 686 4497 veri
713 4437 756 4498 ab
783 4438 820 4498 iis
844 4438 899 4518 qui
927 4436 1066 4500 trahunt
1092 4458 1213 4502 sensun
