2684 4988
113 486 179 556 φῦ
339 486 344 493 “
425 484 675 537 APOCALYPSIS
697 484 924 537 Exeucnrn.

112 664 300 730 aeternum,
324 656 413 719 unde
437 653 584 720 arefaciat
606 665 658 719 est
681 677 726 719 ex
750 666 904 739 tempore
919 657 945 735 ;''
971 678 1030 739 per
1053 663 1072 690 ‘⁴
1082 656 1196 720 arefieri*

113 749 321 832 significatur
337 771 404 814 non
424 753 549 814 bonum
566 761 601 814 et
618 771 732 814 verum
749 752 902 833 amplius.
948 751 1049 833 Quod
1069 752 1196 815 Domine
1219 742 1225 753 ⁸

113 845 179 908 hoc
192 845 313 908 viderit
329 856 364 908 et
382 847 506 908 dixerit
523 865 598 908 cum
614 832 767 908 reversus
783 857 835 909 est
851 848 883 909 in
901 848 1017 909 urbem
1034 857 1068 910 et
1083 847 1196 919 esurivit

112 949 166 1002 est
178 941 255 1021 quia
271 960 330 1021 per
343 941 488 1002 “urbem
503 939 776 1020 Hierosolymam
785 939 802 964 '¹
814 940 1021 1022 significatur
1033 941 1196 1013 ecclesiaet

112 1054 172 1115 per
183 1035 363 1108 “esurire’'
374 1055 450 1097 cum
461 1036 502 1097 de
517 1035 675 1108 Domino,
686 1035 1091 1116 significaturdesiderare
1103 1036 1196 1098 bonum

112 1127 146 1187 in
164 1126 312 1189 ecclesia
331 1144 540 1201 (nummum,
552 1157 575 1188 n.
589 1127 713 1206 386p1).
757 1127 824 1207 Qui
847 1147 917 1189 non
940 1129 1005 1191 scit
1024 1127 1100 1210 quid
1119 1125 1196 1207 signi·

113 1216 192 1281 licat
209 1217 348 1292 “ficus,'’
364 1229 398 1281 et
418 1220 508 1301 quod
528 1218 694 1301 perillam
715 1217 813 1281 ficum
832 1217 1009 1282 intellecta
1028 1221 1071 1283 sit
1089 1216 1196 1282 ecclesia

112 1313 201 1392 apud
231 1311 322 1375 illam
353 1326 505 1394 gentem,
533 1333 601 1375 non
631 1313 720 1376 aliud
753 1315 885 1394 cogitat
916 1333 1016 1395 quam
1047 1314 1127 1395 quod
1152 1314 1196 1375 hot

112 1404 236 1470 saelum
266 1408 309 1471 sit
339 1428 359 1469 a
390 1408 538 1470 Domino
566 1429 610 1470 ex
641 1408 873 1489 indignatione
900 1410 979 1490 quia
1008 1408 1151 1481 esurivit;
1172 1415 1196 1468 al

112 1501 176 1564 hoc
202 1520 268 1563 non
292 1503 368 1563 ideo
391 1500 514 1564 sactum
537 1512 602 1576 est,
626 1502 686 1565 sed
710 1513 747 1564 ut
769 1501 1015 1583 significaretur
1035 1503 1118 1584 quod
1137 1518 1196 1582 gens

111 1595 249 1676 Judaica
266 1596 344 1658 talis
360 1607 470 1672 esset;
494 1598 607 1659 omnia
623 1598 711 1659 enim
728 1597 887 1659 miracula
904 1597 1041 1659 Domini
1057 1596 1195 1659 involvunt

112 1701 148 1753 et
171 1689 361 1772 significant
386 1691 467 1754 talia
489 1711 575 1772 quae
599 1689 682 1753 caeli
705 1700 742 1753 et
764 1691 928 1754 ecclesiae
952 1703 1040 1766 sunt,
1065 1691 1141 1753 unde
1157 1686 1195 1750 ille

114 1782 278 1844 miracula
290 1781 425 1844 suerunt
439 1781 564 1844 Divina
577 1799 726 1856 (videntum.
733 1811 800 1856 7337.
808 1799 875 1856 8364.
883 1795 968 1856 1¹19051
979 1800 1042 1857 fin).
1075 1778 1195 1844 Eccle8l2

113 1894 270 1955 perversa
283 1895 341 1935 seu
358 1875 460 1936 homo
473 1874 636 1936 ecclesiae
653 1894 827 1955 perversus
840 1876 951 1957 quoad
969 1874 1143 1938 naturalem
1155 1888 1194 1933 ser
1228 1924 1233 1957 r

112 1978 294 2030 externum
321 1988 417 2031 suum
445 1968 617 2031 hominem
644 1969 747 2031 etiam
770 1967 978 2049 significatur
999 1989 1059 2050 per
1080 1960 1195 2029 “ficun'
1226 1962 1233 2061 l

112 2063 201 2144 apud
219 2062 396 2136 Davidem,

164 2210 270 2260 “Dedit
280 2211 383 2273 pluvias
393 2225 485 2259 eornm
496 2211 664 2272 grandinem,
676 2212 766 2272 ignem
779 2209 945 2259 flammarum
960 2211 986 2259 in
1000 2220 1071 2261 terra
1077 2210 1194 2261 eorunm

243 2277 373 2339 percussit
385 2277 466 2325 vitem
480 2291 573 2325 eorum
591 2287 618 2325 et
635 2275 713 2324 licum
730 2290 832 2334 eorum,
846 2276 979 2338 confregit
990 2278 1107 2325 arborem
1117 2268 1194 2323 tenid

242 2357 335 2391 eorum
344 2341 358 2360 '⁹
369 2342 426 2403 (Ps.
438 2357 479 2392 cv.
491 2354 531 2402 32,
544 2340 600 2404 3'3):

111 2484 195 2548 haec
212 2485 254 2547 de
267 2484 432 2566 Aegypto
449 2481 537 2547 dicta
554 2493 643 2556 sunt,
661 2503 832 2565 perquam
849 2483 1055 2564 significatur
1071 2474 1193 2546 naturalis

111 2579 215 2642 homo
237 2581 292 2661 qui
320 2582 352 2641 in
375 2579 466 2641 falsis
489 2590 523 2641 et
547 2579 666 2654 maiis;
693 2599 731 2640 ac
756 2598 815 2659 per
839 2579 1001 2651 “vitcm‚”
1022 2572 1154 2640 “ficum”
1169 2578 1193 2631 el

113 2675 294 2736 “arborem
320 2674 452 2742 termini
462 2672 477 2696 ”
494 2672 726 2753 significantur
749 2673 862 2734 omnia
884 2672 1058 2746 ecclesiae,
1077 2691 1128 2752 per
1140 2662 1193 2724 ‘'vl-

111 2768 207 2830 tem”
224 2770 357 2830 interna
378 2788 435 2829 seu
455 2767 639 2847 spiritualia
658 2767 737 2847 ejus,
758 2788 816 2847 per
837 2765 988 2828 “ficum''
1007 2778 1138 2828 externa
1152 2774 1193 2819 seu

111 2863 277 2926 naturalia
296 2862 376 2942 ejus,
393 2871 427 2924 et
448 2883 508 2943 per
524 2864 708 2924 “arborem
728 2862 861 2924 termini
870 2861 886 2885 ”
901 2881 1003 2924 omne
1022 2859 1192 2942 cognitivum

111 2967 146 3019 et
170 2959 422 3039 perceptivum;
447 2977 506 3038 per
526 2963 544 2987 ‘⁴
557 2957 736 3019 terminum
745 2956 761 2979 ”
779 2954 987 3036 significatur
1010 2956 1155 3021 ultimum,
1171 2946 1193 3007 ll

111 3051 200 3133 quod
229 3053 388 3113 interiora
411 3051 568 3113 desinunt
596 3060 631 3112 et
657 3051 690 3110 in
713 3070 780 3131 quo
807 3071 847 3112 ea
873 3051 971 3112 simul
999 3062 1086 3124 sunt,
1106 3058 1135 3109 et
1154 3056 1194 3123 pel

113 3151 132 3177 “
143 3145 280 3208 arbores
291 3145 306 3169 ”
330 3145 543 3224 cognitiones
566 3154 601 3206 et
625 3144 882 3224 perceptiones:
910 3164 996 3224 quae
1020 3143 1125 3205 omnia
1141 3132 1193 3218 qul

110 3260 268 3321 perversa
291 3239 423 3301 fuerunt
447 3249 482 3301 et
506 3239 582 3300 ideo
601 3239 774 3311 damnata,
794 3237 916 3299 dicitur
933 3237 1025 3318 quod
1046 3243 1194 3318 “perch

110 3345 146 3398 et
169 3332 369 3406 confracla‚”
391 3353 450 3415 per
473 3353 559 3414 quae
582 3330 789 3412 significatur
811 3332 953 3394 exitium
977 3341 1014 3394 et
1037 3323 1192 3392 damnatio:

110 3429 200 3510 quod
224 3450 268 3491 ex
292 3428 383 3490 falsis
403 3426 482 3489 mali
502 3447 586 3507 quae
602 3447 646 3489 ex
667 3445 781 3488 amore
801 3425 927 3498 mundi,
947 3423 1194 3505 significaturptl

111 3524 274 3605 “pluvias
304 3542 419 3584 eorum
452 3522 664 3602 grandinem,
694 3521 808 3600 ignem
838 3518 1047 3580 flammarum
1079 3518 1194 3580 intem

109 3637 225 3681 eorum
238 3617 263 3693 ;”
280 3616 441 3698 “pluviae
453 3626 489 3678 ut
503 3613 657 3696 grando”
668 3611 860 3694 significant
872 3611 957 3675 falsa
967 3611 1058 3684 mali,
1070 3621 1102 3674 et
1112 3598 1195 3685 “igll'

109 3712 318 3775 flammarum
327 3711 342 3735 ”
361 3709 529 3791 significat
548 3728 698 3771 amorem
718 3707 843 3770 mundi.
888 3705 992 3788 Apud
1011 3705 1146 3774 Nahum,

161 3860 285 3909 “Omnia
297 3860 464 3907 munimenta
476 3868 522 3906 tua
534 3869 562 3906 ut
581 3858 644 3906 ficus
656 3871 717 3905 cum
735 3845 876 3917 p'rimitiis;
894 3869 963 3918 quae
975 3856 999 3904 si
1017 3853 1193 3904 commoveam·

239 3925 366 3973 decidunt
378 3940 458 3986 super
469 3939 501 3972 os
513 3923 679 3972 comedentis
687 3921 703 3941 ''
714 3922 761 3982 (iii.
775 3923 830 3982 12):

109 4069 193 4131 haec
213 4069 255 4131 de
276 4069 384 4130 “urbe
403 4065 634 4148 sanguinum,”
654 4086 713 4146 per
731 4084 831 4146 quam
851 4062 1062 4144 significatur
1078 4054 1198 4124 dollril¹²

109 4164 142 4224 in
161 4183 227 4244 qua
246 4184 325 4225 vera
345 4161 520 4224 falsificata
540 4171 575 4222 et
594 4160 683 4222 bona
702 4158 893 4220 adulterata
913 4167 1014 4232 sunt;
1038 4158 1116 4219 haec
1131 4163 1198 4214 com·

109 4269 245 4340 paratur
263 4257 418 4319 “ficubus
436 4277 511 4319 cum
528 4256 692 4337 primitiis,
706 4274 791 4335 quae
809 4254 834 4314 si
852 4263 1119 4324 commoventur,
1132 4238 1205 4310 decl‘

108 4355 193 4415 dunt
217 4373 315 4432 super
338 4373 376 4413 os
400 4349 641 4421 comedenti5‚”
664 4361 698 4410 et
728 4369 786 4428 per
808 4347 872 4408 hoc
897 4345 1114 4426 significatur,
1133 4322 1213 4422 quod

109 4449 198 4510 bona
225 4448 268 4508 ibi
297 4466 363 4508 non
392 4447 481 4507 bona
504 4446 583 4518 sint,
609 4454 777 4524 utcunque
801 4451 966 4523 apparent
995 4452 1032 4503 ut
1059 4441 1159 4514 bona;
1179 4428 1229 4494 εἴ
