2684 4988
354 500 918 585 car.v11.,vuns4-u.427[a].
1113 515 1194 582 1049

105 681 216 761 quinon
234 684 300 746 scit
325 685 357 745 id
376 704 537 747 arcanum
557 683 673 758 Verbi,
694 685 783 766 quod
804 706 862 766 per
885 705 1046 766 personas
1070 685 1102 747 in
1122 685 1190 748 his·

106 777 190 838 loricis
212 778 254 838 ibi
279 778 474 840 nominatas
497 778 529 840 in
553 798 653 842 sensu
676 778 839 860 spirituali
869 778 1105 858 intelligantur
1127 799 1190 853 res

105 885 144 930 seu
162 871 244 951 quod
272 872 478 952 unaquaevis
506 891 649 953 persona
676 873 720 935 ibi
747 872 871 954 aliquid
896 873 941 934 rei
969 872 1134 935 ecclesiae
1158 884 1193 936 et

104 963 164 1025 caeli
187 975 434 1045 repraesentet,
462 975 497 1028 et
524 966 603 1028 inde
630 966 663 1027 id
691 966 869 1048 significet,
895 985 962 1027 non
991 968 1074 1029 scire
1102 966 1192 1029 aliud

104 1067 190 1135 potest
211 1079 313 1140 quam
341 1059 539 1122 historicum
566 1059 712 1133 litterae,
737 1061 770 1121 in
797 1081 863 1144 quo
888 1079 955 1121 non
980 1061 1053 1141 plus
1082 1061 1194 1122 Divini

104 1162 214 1232 apparet
233 1173 337 1234 quam
357 1156 389 1215 in
412 1153 560 1216 historiis
579 1154 653 1216 aliis
665 1175 674 1231 ;
696 1174 772 1217 cum
793 1164 908 1217 tamen
933 1156 964 1217 in
986 1150 1101 1218 Verbo
1121 1165 1192 1218 tam

104 1242 332 1328 inpropheticis
345 1269 446 1331 quam
462 1250 494 1311 in
511 1249 692 1322 historicis,
706 1250 739 1312 in
753 1250 908 1311 omnibus
921 1260 956 1312 et
970 1250 1110 1331 singulis
1123 1249 1192 1330 ejus

104 1349 137 1402 ut
150 1341 304 1404 Divinum
319 1343 409 1424 quod
426 1344 459 1404 in
476 1342 591 1405 littera
608 1363 675 1405 non
692 1353 834 1425 apparet
851 1344 913 1404 nisi
930 1344 1039 1406 solum
1056 1344 1121 1406 illis
1138 1345 1193 1427 qui

104 1432 221 1497 insensu
233 1436 400 1518 spirituali
413 1446 491 1498 sunt
505 1447 539 1499 et
553 1435 647 1498 illum
660 1446 794 1499 norunt.
831 1435 1005 1499 Arcanum
1019 1437 1193 1518 spirituale

104 1526 294 1593 'uhistorico
313 1531 356 1593 de
376 1529 483 1593 Caino
506 1540 541 1594 et
561 1530 673 1595 Abele
692 1539 745 1595 est
766 1531 850 1594 hoc:
877 1531 967 1593 Abel
991 1532 1035 1593 ibi
1059 1552 1191 1612 reprae-

104 1634 188 1687 tentat
209 1625 338 1687 bonum
358 1626 535 1688 charitatis
554 1635 589 1688 et
610 1623 734 1688 Cainus
753 1645 869 1688 verum
889 1624 965 1688 fidei
977 1647 984 1702 ;
1009 1626 1041 1687 id
1064 1626 1191 1688 bonum

104 1728 121 1780 tt
133 1717 190 1782 hoc
203 1740 323 1782 verum
339 1721 443 1782 etiam
460 1721 493 1782 in
506 1719 623 1783 Verbo
636 1729 802 1783 vocantur
816 1720 964 1782 “fratres
977 1720 1002 1796 ;''
1021 1740 1060 1782 ac
1077 1740 1192 1782 verum

104 1806 154 1874 ldei
182 1813 494 1894 “primogenitus”
521 1835 566 1877 ex
597 1834 699 1876 causa
728 1814 805 1896 quia
836 1835 925 1888 vera,
957 1835 1042 1895 quae
1074 1823 1194 1895 postea

104 1899 157 1967 lent
174 1904 262 1976 fidei.
284 1907 428 1987 primum
448 1908 665 1989 acquiruntur
684 1917 719 1971 et
738 1916 947 1989 reponuntur
966 1910 999 1968 in
1019 1908 1192 1981 memoria,

104 1998 269 2061 tbonum
300 1999 379 2061 inde
410 2001 496 2069 sicut
525 2020 569 2062 ex
597 2002 829 2082 promptuario
856 1999 988 2062 hauriat
1015 2000 1104 2082 quod
1132 2001 1193 2063 sibi

104 2090 272 2174 onjungat,
290 2111 329 2154 ac
349 2092 452 2155 faciat
470 2102 508 2155 ut
531 2094 599 2155 sint
623 2092 709 2156 fidei.
755 2092 883 2156 Verum
903 2095 992 2156 enim
1013 2113 1080 2155 non
1105 2095 1194 2176 prius

104 2184 120 2244 t
147 2183 221 2247 fidei
251 2204 353 2267 quarn
384 2204 461 2247 cum
491 2178 698 2249 homo'vult
731 2185 812 2248 illud
844 2196 879 2249 et
912 2187 991 2250 facit
1021 2187 1124 2264 illud;
1158 2197 1194 2250 et

104 2287 237 2358 [uantum
262 2278 368 2340 homo
391 2279 424 2341 id
447 2277 538 2353 facit,
560 2288 694 2342 tantum
715 2279 881 2342 Dominus
900 2281 1075 2362 conjungit
1099 2280 1193 2343 illum

104 2368 147 2433 ihi
164 2381 198 2435 et
217 2372 326 2445 caelo,
344 2392 383 2435 ac
402 2371 508 2435 influit
526 2393 570 2435 ex
586 2392 701 2434 amore
718 2392 794 2434 cum
813 2373 915 2447 bono,
933 2393 971 2435 ac
993 2395 1051 2455 per
1067 2375 1193 2436 bonum

104 2482 207 2528 uvera
224 2486 311 2547 quae
335 2466 440 2528 homo
462 2487 482 2527 a
505 2466 647 2548 pueritia
666 2467 854 2548 acquisivit,
875 2486 913 2528 ac
934 2466 1111 2548 conjungit
1135 2467 1193 2530 illa

104 2577 176 2632 ouo,
196 2579 235 2621 ac
260 2558 340 2622 facit
361 2569 397 2621 ut
416 2560 484 2621 sint
504 2559 598 2621 fidei:
624 2560 713 2642 prius
734 2579 801 2621 non
821 2561 889 2622 sint
909 2561 970 2622 nisi
990 2581 1090 2640 quam
1110 2580 1193 2642 cog·

104 2651 220 2715 itiones
236 2662 272 2715 et
290 2653 472 2728 scientiae;
497 2652 615 2733 quibus
635 2652 738 2715 homo
754 2652 864 2715 adhuc
882 2672 950 2714 non
967 2652 1067 2714 fidem
1088 2654 1193 2717 habet

104 2743 176 2807 liam
194 2766 295 2828 quam
320 2747 407 2808 sicut
427 2745 526 2808 rebus
545 2746 669 2807 auditis
693 2767 737 2808 ex
760 2745 838 2819 alio,
859 2767 878 2808 a
897 2747 1015 2828 quibus
1035 2747 1193 2809 recedere

104 2848 191 2902 »otest
214 2839 364 2917 sialiter
388 2848 508 2922 postea
532 2840 684 2920 cogitat;
711 2859 814 2921 quare
837 2839 894 2902 illa
923 2839 1005 2902 fides
1029 2850 1081 2902 est
1111 2839 1193 2903 fides

104 2929 213 2995 literius
240 2935 275 2995 in
302 2954 349 3006 se,
374 2943 409 2995 et
434 2952 502 2995 non
526 2953 604 3010 sua;
632 2943 667 2995 et
691 2953 795 3013 usque
822 2931 904 2995 fides
932 2929 991 2994 sua
1015 2935 1077 2995 erit
1105 2935 1193 3014 apud

104 3027 259 3099 nominem,
280 3036 317 3089 ut
338 3036 475 3088 maneat
499 3025 591 3088 illum
616 3036 694 3108 post
715 3035 881 3104 mortem;
905 3037 940 3089 et
960 3037 1040 3089 tunc
1065 3026 1101 3089 fit
1122 3048 1191 3096 sua.

104 3120 211 3197 tuendo
227 3120 260 3181 id
277 3119 367 3201 quod
384 3120 502 3194 credit,
516 3121 620 3193 videt,
635 3120 708 3182 vult
725 3130 761 3182 et
777 3119 866 3192 facit,
886 3130 965 3182 tunc
982 3122 1071 3183 enim
1088 3122 1193 3183 intrat

104 3210 315 3286 inhominem,
341 3224 374 3275 et
401 3212 524 3276 format
548 3214 701 3295 spiritum
725 3213 806 3293 ejus,
829 3224 863 3276 et
887 3213 925 3276 fit
948 3212 1134 3276 affectionis
1158 3225 1192 3277 et

104 3306 295 3385 :ogitationis
308 3307 377 3386 ejus
390 3328 397 3383 ;
422 3307 557 3389 spiritus
569 3308 658 3370 enim
676 3306 822 3369 hominis
839 3309 871 3368 in
889 3328 947 3369 sua
962 3309 1111 3370 essentia
1125 3328 1191 3370 non

104 3407 136 3459 *st
156 3402 214 3463 nisi
237 3420 338 3482 quam
363 3421 422 3462 sua
445 3397 578 3462 affectio
600 3410 635 3462 et
660 3402 836 3480 cogitatio.
882 3400 983 3481 Quod
1008 3399 1193 3463 affectionis

104 3501 146 3563 ut,
157 3493 218 3556 hoc
233 3504 376 3556 vocatur
392 3493 538 3571 bonum;
563 3504 597 3556 et
611 3495 701 3575 quod
719 3494 796 3556 inde
813 3497 1032 3575 cogitationis
1049 3503 1113 3569 est,
1127 3494 1192 3558 hoc

104 3597 216 3650 locatur
234 3607 372 3663 verum;
397 3587 500 3649 homo
524 3608 585 3650 nec
610 3588 700 3650 aliud
724 3589 831 3651 credit
855 3610 970 3651 verum
994 3609 1192 3671 essequam

104 3681 166 3757 luod
184 3691 235 3743 est
256 3678 443 3743 affectionis
462 3680 543 3760 ejus,
564 3682 623 3743 sed
643 3682 810 3745 interioris
829 3679 1014 3744 affectionis
1034 3703 1120 3763 quae
1140 3694 1193 3746 est

104 3772 211 3850 tpiritus
222 3774 312 3854 ejus:
334 3765 437 3856 q'uare
449 3775 539 3857 quod
556 3774 660 3837 homo
675 3796 718 3837 ex
736 3776 894 3838 interiore
908 3773 1084 3838 affectione
1099 3776 1193 3856 cogi·

104 3875 143 3942 at,
160 3868 222 3932 hoc
242 3870 313 3950 ejus
333 3868 416 3931 tides
435 3879 508 3947 est;
532 3879 567 3931 et
587 3869 715 3950 reliqua
735 3890 954 3952 quaecunque
978 3871 1010 3931 in
1032 3872 1193 3932 memoria

104 3978 138 4023 ua
162 3973 267 4037 tenet,
293 3965 365 4025 sive
390 3963 447 4025 illa
474 3962 622 4025 hauserit
651 3984 695 4025 ex
720 3963 846 4036 Verbo,
872 3966 942 4026 sive
970 3985 1014 4026 ex
1039 3961 1194 4027 doctrina

104 4054 237 4121 eclesiae
254 4080 314 4140 per
331 4055 523 4132 leflionem,
538 4059 608 4120 sive
624 4079 669 4120 ex
686 4060 951 4140 praedicatione,
966 4060 1037 4120 sive
1054 4079 1098 4120 ex
1116 4079 1193 4139 pro·

104 4150 147 4214 rio
163 4149 352 4223 intelle&u‚
371 4171 438 4213 non
459 4161 537 4214 sunt
557 4150 651 4225 fides
670 4161 840 4233 utcunque
861 4162 959 4234 putat
976 4153 1066 4234 quod
1086 4153 1140 4223 sit,
1158 4163 1193 4214 et

104 4245 193 4311 icitur
218 4267 258 4309 ac
289 4247 439 4309 creditur
466 4245 567 4309 hodie
595 4246 686 4328 quod
714 4247 767 4308 sit.
823 4245 899 4308 Hoc
929 4247 1193 4327 primogenitum

104 4350 109 4403 b
126 4343 335 4424 primitivum
355 4350 407 4403 est
428 4339 518 4421 quod
538 4339 662 4403 Cainus
683 4341 715 4402 in
735 4340 898 4402 historico
917 4339 976 4402 illo
996 4359 1193 4421 repraesen-

104 4446 122 4500 t
136 4447 173 4502 et
190 4434 376 4519 significat,
391 4453 470 4495 narn
484 4432 607 4497 Cainus
624 4444 696 4496 erat
713 4434 970 4516 primogenitus.
1016 4433 1101 4495 Tale
1115 4452 1191 4494 cum
