2684 4988
416 212 494 263 cnr.
510 214 599 276 v111.‚
616 214 720 267 vans.
740 218 867 269 ra-x.
885 205 1008 291 526[b].
1188 229 1270 296 1309

127 380 236 466 apud
255 380 390 457 Lucam,

197 493 529 626 Ortus[;tg›]al⁷tg)apparuit
540 499 558 520 ‘¹
566 497 619 548 illis
630 498 676 562 qui
689 498 716 548 in
726 500 843 551 tenebris
854 510 881 552 et
893 503 988 553 umbra
1000 504 1095 555 mortis
1108 506 1204 557 sedent
1211 506 1226 528 ”
1238 507 1266 568 (i.

328 599 334 618 .
414 597 420 621 ·

121 691 236 773 apud
256 690 410 766 Esaiam,

192 804 252 855 “Si
268 807 466 868 exprompseris
481 806 605 856 famelico
618 777 737 858 animm
754 817 837 870 tuam,
852 818 880 860 et
896 811 1014 862 animem
1027 810 1151 863 afflittarn
1166 824 1268 864 satura-

279 871 358 997 zvlerie
374 872 509 997 e130rietur
523 872 550 920 in
565 873 683 923 tenebris
697 874 743 923 lux
759 883 813 934 tua,
829 883 856 925 et
873 875 959 939 caligo
977 886 1022 927 tua
1039 878 1107 928 sicut
1120 879 1268 930 meridiee”

299 950 353 985 vm.
367 948 399 985 10
415 950 422 996 ;

119 1058 235 1142 apud
257 1060 412 1135 eundem,

221 1170 326 1220 “Dicet
336 1170 442 1232 vinetis,
459 1172 553 1232 Exite;
570 1174 611 1224 eis
624 1175 670 1237 qui
684 1175 712 1223 in
724 1175 850 1235 tenebris,
866 1175 1056 1227 Revelamini”
1067 1175 1141 1242 (xlix.
1152 1179 1195 1242 9);

121 1295 237 1376 apud
257 1295 414 1370 eundem,

196 1408 215 1432 ‘⁶
223 1407 342 1457 Audient
352 1408 379 1456 in
391 1409 434 1457 die
447 1409 493 1457 iilo
502 1410 575 1459 surdi
584 1412 667 1459 verba
676 1411 745 1469 libri,
756 1421 783 1462 et
793 1427 827 1463 ex
839 1412 952 1476 caligine
962 1409 1053 1478 meque
1066 1415 1183 1465 tenebris
1194 1413 1265 1465 oculi

280 1487 418 1523 caecorum
431 1473 580 1524 videbunt”
593 1475 675 1537 (xxix.
689 1477 745 1538 18);

122 1596 237 1678 apud
256 1597 412 1669 eundem,

198 1713 217 1734 ⁰⁴
226 1711 328 1760 Ducam
340 1725 434 1761 caecos
447 1712 474 1760 in
486 1713 530 1761 via
543 1727 597 1762 non
610 1722 744 1764 noverunt
745 1751 815 1773 .....
820 1729 920 1777 ponam
933 1716 1058 1766 tenebras
1069 1730 1160 1766 coram
1173 1716 1224 1767 illie
1237 1717 1265 1767 in

280 1776 374 1834 lucem,
388 1786 415 1827 et
427 1787 549 1828 contorta
561 1778 588 1827 in
601 1776 787 1829 testitudinem
795 1779 809 1799 ''
821 1781 886 1842 (xlii.
900 1781 957 1843 16);

131 1902 237 1984 apud
253 1901 412 1977 Mickam,

288 2021 428 2086 “Quando
439 2023 535 2071 sedero
546 2022 573 2071 in
587 2022 713 2081 tenebris,
726 2022 848 2087 Jehoveb
860 2023 906 2072 lux
917 2023 983 2076 mihi
991 2022 1006 2044 '⁹
1017 2022 1073 2086 (vii.
1086 2024 1126 2087 8):

142 2165 180 2226 in
199 2165 251 2227 his
270 2164 352 2228 locis
370 2164 559 2228 “tenebrae
568 2164 583 2189 ’³
602 2164 792 2246 significant
810 2165 892 2228 falsa
911 2167 1134 2247 ignorantiae,
1153 2167 1266 2250 qualia

144 2258 279 2321 fuerunt
293 2268 327 2321 et
344 2258 443 2321 hodie
460 2270 537 2322 sunt
554 2259 641 2340 apud
658 2269 780 2341 gentes
794 2259 925 2341 probas.
963 2259 1058 2324 Haec
1075 2260 1158 2324 salsa
1170 2280 1264 2342 pror·

147 2372 202 2414 sus
221 2350 380 2415 distinbta
404 2364 481 2416 sunt
501 2373 520 2415 a
539 2352 628 2415 salsis
652 2353 750 2430 mali;
777 2353 860 2416 haec
884 2355 972 2416 enim
996 2355 1028 2416 in
1052 2374 1126 2417 sese
1145 2374 1264 2418 recon-

148 2446 232 2508 dunt
256 2446 391 2520 malum,
416 2447 493 2528 quia
515 2468 535 2509 a
558 2446 647 2509 malo
670 2456 758 2520 sunt,
782 2457 818 2510 at
842 2447 899 2510 illa
921 2448 954 2510 in
978 2469 1052 2512 sese
1075 2448 1263 2513 recondunt

147 2539 283 2612 bonum.
304 2560 365 2621 pro
384 2539 448 2602 fine
468 2543 556 2603 enim
575 2540 702 2604 habent
722 2541 866 2604 bonurn:
894 2552 1099 2625 quapropter
1117 2543 1138 2605 ii
1157 2543 1211 2625 qui
1231 2544 1264 2605 in

148 2633 211 2696 illis
230 2634 321 2698 salsis
340 2645 428 2708 sunt,
449 2645 590 2716 possunt
609 2635 727 2698 instrui
745 2637 778 2697 in
796 2637 893 2710 veris,
910 2645 945 2699 et
964 2657 1096 2719 quoque
1116 2637 1194 2700 dum
1213 2637 1265 2700 in·'

148 2738 320 2792 struuntur
339 2730 502 2810 recipiunt
518 2749 597 2791 vera
616 2729 728 2801 corde,
745 2749 789 2791 ex
809 2749 908 2791 causa
926 2731 1003 2811 quia
1022 2730 1158 2802 bonum,
1175 2730 1265 2811 quod

148 2835 199 2886 est
223 2825 256 2886 in
279 2822 411 2885 illorum
435 2822 535 2897 salsis,
555 2832 647 2885 amat
669 2842 796 2897 verum,
819 2832 853 2885 et
876 2843 1008 2905 quoque
1032 2844 1069 2886 se
1091 2822 1265 2904 conjungit

148 2938 226 2980 vero
245 2917 380 2999 quando
396 2917 547 2980 auditur:
572 2917 670 2979 aliter
687 2915 770 2979 salsa
789 2916 889 2994 mali;
913 2917 996 2981 haec
1015 2927 1212 2980 aversantur
1230 2927 1265 2981 et

148 3023 305 3094 respuunt
322 3031 423 3074 omne
440 3031 566 3085 verum,
583 3031 628 3075 ex
648 3030 748 3073 causa
765 3011 840 3092 quia
856 3030 971 3074 verum
988 3020 1051 3084 est,
1068 3020 1103 3074 et
1122 3012 1169 3074 sic
1189 3030 1265 3075 cum

148 3105 237 3167 malo
267 3125 334 3167 non
365 3105 560 3167 concordat.
618 3103 846 3167 “Tenebrae''
875 3105 978 3167 etiam
1008 3103 1198 3184 significant
1232 3106 1265 3168 in

148 3197 263 3261 Verbo
287 3219 414 3260 meram
438 3199 664 3279 ignorantiam
689 3219 734 3260 ex
754 3199 985 3279 deprivatione
1009 3198 1077 3260 veri
1101 3197 1152 3278 (ut
1175 3200 1265 3278 apud

148 3292 320 3364 Davidem,
341 3293 392 3354 Ps.
406 3290 524 3354 ¹²¹xviii.
538 3281 600 3373 2'9;
632 3293 683 3354 Ps.
699 3293 845 3354 cxxxix.
863 3308 910 3366 ιι,
928 3291 991 3374 12).
1037 3291 1242 3355 “Tenebrae
1251 3292 1266 3317 ”

148 3407 278 3470 quoque
298 3387 488 3469 significant
508 3387 620 3449 lumen
640 3385 804 3460 naturale,
824 3386 889 3449 hoc
909 3388 998 3448 enim
1017 3383 1203 3466 respefflve
1221 3386 1265 3450 ad

148 3481 255 3546 lucem
276 3482 483 3563 spiritualem
507 3491 559 3544 est
583 3482 668 3544 sicut
687 3481 866 3544 tenebrae:
897 3501 999 3562 quare
1018 3481 1120 3543 etiam
1140 3479 1264 3562 angeli,

148 3595 222 3640 cum
235 3577 425 3657 despiciunt
442 3577 474 3638 in
492 3575 604 3637 lumen
618 3573 771 3637 naturale
784 3574 939 3648 hominia,
953 3573 1052 3656 quale
1064 3583 1116 3636 est
1132 3575 1165 3636 in
1182 3594 1265 3656 cog·

148 3672 275 3734 nitione
298 3670 441 3733 naturali
463 3670 649 3743 hominum,
673 3665 830 3749 speb'iant
853 3669 887 3730 id
913 3670 998 3732 sicut
1022 3670 1200 3747 tenebras;
1229 3681 1266 3734 et

147 3766 203 3830 illa
214 3786 301 3848 quae
314 3767 346 3827 in
360 3765 418 3827 illo
430 3774 518 3836 sunt,
531 3765 617 3827 sicut
630 3765 662 3826 in
676 3763 842 3827 tenebris:
862 3763 927 3826 hoc
941 3762 1053 3825 lumen
1066 3783 1126 3844 per
1139 3769 1158 3796 ‘⁴
1167 3773 1265 3828 tene·

146 3859 245 3923 bras”
261 3857 478 3940 significatur,
495 3857 572 3921 Gen.
583 3859 602 3919 i.
614 3871 684 3938 2-5.
721 3856 767 3919 Et
784 3858 860 3938 quia
876 3875 993 3919 sensus
1009 3855 1143 3919 litterae
1159 3856 1264 3919 Verbi

148 3953 308 4017 naturalis
331 3962 394 4024 est,
414 3953 491 4015 ideo
514 3972 645 4033 quoque
668 3949 725 4013 ille
748 3951 781 4012 in
804 3949 922 4012 Verbo
944 3959 1084 4012 vocatur
1108 3947 1266 4012 “nubes'’

147 4058 180 4111 et
199 4068 333 4130 quoque
354 4046 572 4119 “tenebrae'’
588 4040 775 4126 respebtive
794 4044 837 4106 ad
856 4062 992 4105 sensum
1012 4043 1180 4106 internum
1200 4043 1266 4123 spi·

147 4142 311 4215 ritualem‚
332 4142 385 4223 qui
405 4151 457 4203 est
482 4139 541 4202 iux
561 4139 656 4215 caeli,
676 4148 711 4203 et
729 4148 872 4202 vocatur
891 4136 1056 4220 ‘'gloria''
