2684 4988
112 486 192 551 1130
419 480 668 531 APOCALYPSIS
691 481 922 532 EXPLICATA.

108 663 143 716 et
156 652 356 716 felicitatem
367 651 459 714 vitae
470 660 631 713 aeternae
644 657 776 731 ponunt
789 650 823 712 in
836 650 1032 731 cogitando
1044 659 1081 713 et
1092 647 1191 712 voleru

107 747 194 810 bene
214 756 248 808 et
269 746 347 807 inde
367 745 400 806 in
419 745 556 826 agendo
575 744 673 818 bene,
693 762 733 807 ac
753 744 786 806 in
805 741 990 807 affee'tione
1010 745 1134 806 veriet
1154 743 1191 805 bo

109 840 275 922 spirituali
294 860 380 922 quae
400 849 452 902 est
472 839 562 921 apud
582 838 660 901 illos
679 839 736 920 qui
755 839 789 900 in
805 838 968 919 conjugio
985 838 1125 901 caelesti
1141 856 1188 899 sun

108 935 173 997 hoc
190 945 255 1008 est,
272 935 305 996 in
325 933 483 1015 conjugio
502 933 582 995 boni
601 943 637 996 et
654 933 734 1006 veri,
752 932 800 994 illi
817 932 1062 1013 intelliguntur
1077 951 1133 1013 per
1144 930 1191 993 hae

108 1030 197 1110 apud
216 1028 343 1102 Mosen,

160 1163 313 1212 “Sebuloni
326 1164 402 1220 dixit.
418 1162 531 1212 Laetare
546 1162 666 1212 Sebulon
681 1162 709 1211 in
723 1162 798 1212 exitu
813 1173 870 1218 tuo.
884 1172 912 1211 et
929 1161 1056 1212 Isaschar
1070 1162 1095 1211 io
1109 1160 1191 1211 tentoni

240 1230 309 1284 tuis:
330 1229 445 1290 populos
467 1229 494 1277 in
515 1237 637 1277 montem
659 1229 812 1281 vocabunt:
833 1228 871 1276 ibi
892 1228 1082 1277 sacrificabunt
1101 1226 1191 1276 sacrifici

238 1294 368 1357 justitiae,
388 1294 451 1357 quia
469 1292 634 1343 affluentiam
656 1294 739 1343 maris
759 1303 866 1356 sugent,
890 1304 918 1342 et
938 1291 1049 1342 obleeta
1068 1293 1191 1342 occultorum

238 1374 338 1408 arenae
345 1359 359 1377 ”
371 1358 474 1419 (Deutr.
485 1359 578 1408 xxxiii.
592 1360 630 1418 18,
644 1360 698 1422 19):

109 1491 192 1553 haec
213 1488 304 1554 dieta
323 1501 401 1554 sunt
422 1491 464 1554 de
488 1491 628 1573 illisqui
651 1492 684 1553 in
706 1489 866 1571 conjugio
888 1490 970 1553 boni
995 1500 1030 1553 et
1050 1491 1114 1552 veri
1131 1496 1191 1558 sunt¹

109 1603 231 1666 nempe
255 1586 288 1646 in
312 1587 399 1648 veris
421 1586 534 1667 quoad
558 1583 770 1648 intellectum
794 1594 829 1647 et
854 1585 1110 1666 cogitationem,
1127 1601 1157 1645 ac
1172 1581 1191 1642 ir

108 1678 206 1742 bonis
227 1680 339 1760 quoad
363 1680 579 1743 voluntatem
603 1689 638 1742 et
661 1676 894 1742 affeetionem:
923 1677 1119 1741 “Sebulon¹'
1137 1673 1191 1738 illud

110 1773 302 1854 conjugium
313 1773 494 1856 significat,
506 1785 541 1837 et
554 1781 573 1806 “
584 1772 763 1837 Isaschar''
774 1771 990 1836 afletlionem
1002 1774 1070 1835 veri
1081 1781 1113 1835 et
1124 1768 1191 1832 boni:

111 1867 259 1930 “laetari
276 1869 308 1930 in
325 1869 446 1931 exitu¹’
459 1868 628 1950 significat
644 1869 733 1950 quod
751 1868 799 1929 eis
812 1867 999 1948 jucundum
1016 1868 1059 1929 sit
1075 1867 1106 1929 in
1117 1862 1192 1927 onni-

109 1962 171 2024 bus
186 1964 342 2044 genuinis
357 1965 444 2026 veris
460 1983 499 2027 ac
516 1964 614 2026 bonis
633 1961 817 2044 (“exitus”
829 1961 1001 2043 significat
1018 1962 1131 2032 omnia,
1142 1957 1191 2040 quia

109 2055 276 2129 ultimum,
301 2055 457 2120 effeetum
481 2068 516 2120 et
544 2055 778 2137 conclusum);
808 2056 967 2119 “laetare
996 2057 1029 2118 in
1053 2048 1191 2119 tentoriis'

110 2149 277 2231 significat
291 2153 323 2213 in
335 2154 426 2214 omni
438 2151 532 2215 cultu
545 2173 552 2228 ;
572 2157 590 2182 ‘⁶
599 2170 721 2214 vocare
732 2149 876 2232 populos
889 2151 923 2212 in
937 2160 1089 2213 montem
1099 2144 1191 2227 '’sigri·

110 2243 188 2308 ficat
205 2247 282 2327 quia
302 2245 349 2308 illi
366 2256 445 2309 sunt
465 2247 498 2308 in
515 2246 612 2309 caelo
628 2246 683 2308 ubi
700 2246 826 2308 bonurn
843 2247 990 2322 amoris;
1017 2241 1191 2307 “sacrificare

110 2339 271 2403 sacrificia
285 2341 438 2421 justitiae
446 2341 461 2364 ”
474 2340 643 2423 significat
656 2341 786 2404 cultum
799 2361 843 2402 ex
857 2341 945 2402 veris
959 2360 1046 2422 quae
1058 2360 1100 2401 ex
1115 2338 1191 2408 bono}

112 2433 348 2497 “affluentiam
363 2436 463 2498 maris
478 2455 598 2516 sugere
607 2434 621 2457 '¹
635 2433 803 2516 significat
818 2455 862 2496 ex
876 2433 996 2496 Verbo
1009 2434 1131 2496 haurire
1140 2444 1191 2491 vert

110 2524 294 2600 doetrinae,
314 2540 348 2590 et
368 2529 446 2591 inde
466 2529 750 2609 intelligentiam3
777 2534 840 2591 “et
860 2525 1001 2590 obteeta
1020 2526 1191 2590 occultorum

110 2643 232 2685 arenae
256 2623 399 2702 sugere”
423 2621 591 2703 significat
616 2622 802 2704 spiritualia
825 2643 912 2704 quae
938 2622 1049 2685 latent
1073 2623 1104 2684 in
1124 2633 1191 2681 sensu

111 2717 247 2779 litterae
272 2717 386 2780 Verbi.
442 2716 611 2797 Quoniam
638 2717 772 2779 “tribus
794 2717 958 2798 Jehudae,
986 2715 1153 2779 lsascharis
1171 2716 1191 2770 el

110 2810 312 2874 Sebulonis’'
326 2811 564 2892 significabant
581 2812 712 2874 caelum
730 2811 783 2872 ubi
801 2813 927 2873 bonum
944 2812 1078 2883 amoris,
1094 2805 1191 2870 “tribu

109 2905 285 2985 Jehudae'‘
305 2907 413 2986 ipsum
433 2905 515 2967 illud
538 2906 674 2977 bonum,
697 2906 832 2967 “tribus
852 2904 1062 2967 Isascharis”
1080 2897 1191 2966 arsenio·

111 3017 188 3060 nem
205 2998 285 3078 ejus
304 3010 338 3061 et
359 3006 376 3030 ‘⁴
387 2999 559 3061 Sebulon”
573 2996 844 3079 conjunetionem
861 2998 932 3079 ejus
948 3019 1026 3061 cum
1043 2999 1130 3068 veris,
1141 2991 1191 3055 ideo

165 3132 231 3181 Illae
240 3142 294 3209 tres
303 3134 388 3258 tripos
396 3115 658 3181 castrametabantur
663 3133 696 3180 ad
705 3133 837 3181 orientem
844 3111 967 3181 Tentorii
976 3126 1191 3189 conventusle·

240 3213 266 3247 n.
279 3211 344 3258 3-10
363 3214 368 3258 ;

112 3328 182 3389 “ad
204 3328 370 3389 orientem
380 3325 394 3348 '⁸
414 3326 503 3388 enim
523 3326 556 3387 in
576 3325 673 3388 caelo
692 3325 850 3388 habitant
869 3327 925 3407 qui
946 3326 980 3387 in
1000 3326 1089 3388 bono
1103 3313 1191 3387 anoris

110 3431 198 3494 sunt,
220 3432 254 3483 et
275 3421 353 3482 inde
373 3422 405 3482 in
425 3416 602 3483 afseClione
623 3421 700 3482 boni
722 3431 756 3482 et
776 3420 856 3492 veri,
878 3438 917 3481 ac
939 3420 973 3481 in
994 3419 1139 3500 conjugio
1152 3423 1191 3472 seu

109 3512 346 3595 conjunfflone
373 3534 500 3587 eorum,
527 3534 649 3596 nempe
675 3517 706 3576 in
731 3514 819 3575 veris
842 3514 955 3595 quoad
981 3512 1151 3577 doolrinarn
1167 3506 1191 3564 el

108 3611 142 3672 in
161 3610 259 3672 bonis
277 3609 389 3691 quoad
410 3610 526 3671 vitam.

598 3837 700 3875 vansus
713 3826 736 3875 8.

162 3930 267 4012 446.
295 3950 414 3991 ‘uxorne
422 3949 837 3999 &ornaturummilcianorum
851 3931 1191 3999 carolomanno-euni

107 4011 137 4051 lle
148 4011 242 4061 almoth·
256 4020 284 4051 ex
295 4010 353 4051 tritu
364 4010 496 4061 oculamino
507 4011 618 4051 duodecim
630 4010 698 4051 mlltlo
709 4008 814 4059 rlqmrx'

141 4109 164 4160 8.
190 4110 241 4162 “fr
262 4110 329 4161 tribu
348 4109 482 4162 sabulonis
502 4109 635 4161 duodecim
654 4108 732 4161 millio
753 4108 869 4174 siponti?
887 4107 1010 4172 significat
1031 4105 1191 4187 conjunxerunt·

239 4179 341 4226 illorum
354 4178 400 4241 qui
415 4179 443 4225 in
461 4179 532 4226 tertio
549 4179 613 4225 caelo
628 4194 684 4225 cum
696 4177 807 4224 Domino
822 4169 860 4241 [n.
872 4175 952 4240 447];
972 4183 1020 4228 ‘ex
1039 4177 1104 4228 tribu
1118 4171 1155 4224 lut

238 4243 371 4295 duodecim
379 4243 458 4295 millio
466 4244 582 4310 siponti?
590 4242 710 4308 significat
717 4244 918 4307 conjunctionem
927 4244 1030 4291 illorum
1038 4245 1114 4308 quiin
1121 4240 1191 4290 lew

238 4313 303 4359 caelo
319 4328 374 4358 cum
392 4311 503 4359 Domino
523 4311 561 4376 [n.
574 4309 653 4375 448];
673 4319 720 4361 “ex
738 4308 805 4359 tribu
823 4307 980 4374 Benlamr'm'e
998 4309 1126 4361 duodecim
1140 4296 1191 4357 milli

237 4377 353 4443 erynoir'ss'
365 4377 486 4440 significat
497 4379 697 4442 conjunctionem
713 4378 815 4424 illorum
828 4377 873 4440 qui
889 4377 918 4423 r'n
931 4377 1021 4425 ultimo
1032 4378 1095 4426 coelo
1106 4389 1153 4425 cun
1162 4369 1191 4420 0⁴

238 4447 307 4492 mino
321 4445 359 4510 [n.
371 4445 446 4508 449].
