<?xml version="1.0" encoding="UTF-8"?>
<!DOCTYPE html PUBLIC "-//W3C//DTD XHTML 1.0 Transitional//EN"
    "http://www.w3.org/TR/xhtml1/DTD/xhtml1-transitional.dtd">
<html xmlns="http://www.w3.org/1999/xhtml" xml:lang="en" lang="en">
 <head>
  <title>
</title>
<meta http-equiv="Content-Type" content="text/html;charset=utf-8" />
  <meta name='ocr-system' content='tesseract 3.04.00' />
  <meta name='ocr-capabilities' content='ocr_page ocr_carea ocr_par ocr_line ocrx_word'/>
</head>
<body>
  <div class='ocr_page' id='page_1' title='image "./apocalypsisexpl00swedgoog_0090.png"; bbox 0 0 2684 4988; ppageno 0'>
   <div class='ocr_carea' id='block_1_1' title="bbox 162 476 971 547">
    <p class='ocr_par' dir='ltr' id='par_1_1' title="bbox 162 476 971 547">
     <span class='ocr_line' id='line_1_1' title="bbox 162 476 971 547; baseline -0.006 -15"><span class='ocrx_word' id='word_1_1' title='bbox 162 479 225 547; x_wconf 84' lang='grc'>742</span> <span class='ocrx_word' id='word_1_2' title='bbox 473 478 722 530; x_wconf 73' lang='lat' dir='ltr'>APOCALYPSIS</span> <span class='ocrx_word' id='word_1_3' title='bbox 744 476 971 528; x_wconf 82' lang='lat' dir='ltr'><strong>EXPLICATA.</strong></span> 
     </span>
    </p>
   </div>
   <div class='ocr_carea' id='block_1_2' title="bbox 162 643 1278 919">
    <p class='ocr_par' dir='ltr' id='par_1_2' title="bbox 162 643 1278 919">
     <span class='ocr_line' id='line_1_2' title="bbox 163 643 1278 730; baseline -0.002 -21"><span class='ocrx_word' id='word_1_4' title='bbox 163 655 241 710; x_wconf 90' lang='lat' dir='ltr'>runt</span> <span class='ocrx_word' id='word_1_5' title='bbox 267 647 389 721; x_wconf 89' lang='lat' dir='ltr'>tritica,</span> <span class='ocrx_word' id='word_1_6' title='bbox 414 658 449 710; x_wconf 93' lang='lat' dir='ltr'>et</span> <span class='ocrx_word' id='word_1_7' title='bbox 473 648 587 730; x_wconf 88' lang='lat' dir='ltr'>spinas</span> <span class='ocrx_word' id='word_1_8' title='bbox 611 656 823 711; x_wconf 88' lang='lat' dir='ltr'>messuerunt</span> <span class='ocrx_word' id='word_1_9' title='bbox 834 646 850 672; x_wconf 88' lang='lat'><strong>”</strong></span> <span class='ocrx_word' id='word_1_10' title='bbox 873 644 1083 728; x_wconf 82' lang='lat' dir='ltr'>significatur</span> <span class='ocrx_word' id='word_1_11' title='bbox 1107 643 1200 727; x_wconf 93' lang='lat' dir='ltr'>quod</span> <span class='ocrx_word' id='word_1_12' title='bbox 1223 665 1278 727; x_wconf 92' lang='lat' dir='ltr'>pro</span> 
     </span>
     <span class='ocr_line' id='line_1_3' title="bbox 162 739 1278 817; baseline -0.003 -14"><span class='ocrx_word' id='word_1_13' title='bbox 162 740 260 803; x_wconf 89' lang='lat' dir='ltr'>bonis</span> <span class='ocrx_word' id='word_1_14' title='bbox 286 742 356 804; x_wconf 85' lang='lat' dir='ltr'>veri</span> <span class='ocrx_word' id='word_1_15' title='bbox 383 742 450 804; x_wconf 89' lang='lat' dir='ltr'>sint</span> <span class='ocrx_word' id='word_1_16' title='bbox 478 741 568 803; x_wconf 89' lang='lat' dir='ltr'>mala</span> <span class='ocrx_word' id='word_1_17' title='bbox 595 741 690 817; x_wconf 74' lang='lat' dir='ltr'>falsi,</span> <span class='ocrx_word' id='word_1_18' title='bbox 721 739 891 803; x_wconf 87' lang='lat' dir='ltr'>“tritica&#39;’</span> <span class='ocrx_word' id='word_1_19' title='bbox 915 750 994 803; x_wconf 91' lang='lat' dir='ltr'>sunt</span> <span class='ocrx_word' id='word_1_20' title='bbox 1022 740 1115 802; x_wconf 92' lang='lat' dir='ltr'>bona</span> <span class='ocrx_word' id='word_1_21' title='bbox 1143 740 1223 811; x_wconf 88' lang='lat' dir='ltr'>veri,</span> <span class='ocrx_word' id='word_1_22' title='bbox 1247 749 1278 801; x_wconf 82' lang='lat' dir='ltr'>et</span> 
     </span>
     <span class='ocr_line' id='line_1_4' title="bbox 165 833 964 919; baseline -0.001 -22"><span class='ocrx_word' id='word_1_23' title='bbox 165 839 185 867; x_wconf 85' lang='lat'>‘⁴</span> <span class='ocrx_word' id='word_1_24' title='bbox 193 834 332 918; x_wconf 88' lang='lat' dir='ltr'>spinae”</span> <span class='ocrx_word' id='word_1_25' title='bbox 351 846 428 899; x_wconf 91' lang='lat' dir='ltr'>sunt</span> <span class='ocrx_word' id='word_1_26' title='bbox 449 835 538 898; x_wconf 85' lang='lat' dir='ltr'>mala</span> <span class='ocrx_word' id='word_1_27' title='bbox 556 833 639 919; x_wconf 88' lang='lat' dir='ltr'>falsi.</span> <span class='ocrx_word' id='word_1_28' title='bbox 685 834 789 916; x_wconf 83' lang='lat' dir='ltr'>Apud</span> <span class='ocrx_word' id='word_1_29' title='bbox 808 835 964 907; x_wconf 88' lang='lat' dir='ltr'>eundern,</span> 
     </span>
    </p>
   </div>
   <div class='ocr_carea' id='block_1_3' title="bbox 188 967 1282 1356">
    <p class='ocr_par' dir='ltr' id='par_1_3' title="bbox 188 967 1282 1356">
     <span class='ocr_line' id='line_1_5' title="bbox 188 967 1280 1032; baseline -0.001 -16"><span class='ocrx_word' id='word_1_30' title='bbox 188 1011 191 1016; x_wconf 92' lang='lat'><em>.</em></span> <span class='ocrx_word' id='word_1_31' title='bbox 219 967 316 1018; x_wconf 73' lang='lat' dir='ltr'>lamael</span> <span class='ocrx_word' id='word_1_32' title='bbox 335 969 378 1032; x_wconf 88' lang='lat' dir='ltr'>qui</span> <span class='ocrx_word' id='word_1_33' title='bbox 397 968 447 1017; x_wconf 87' lang='lat' dir='ltr'>fuit</span> <span class='ocrx_word' id='word_1_34' title='bbox 464 970 496 1018; x_wconf 88' lang='lat' dir='ltr'>de</span> <span class='ocrx_word' id='word_1_35' title='bbox 515 969 618 1017; x_wconf 88' lang='lat' dir='ltr'>semine</span> <span class='ocrx_word' id='word_1_36' title='bbox 636 968 721 1031; x_wconf 80' lang='lat' dir='ltr'>regni,</span> <span class='ocrx_word' id='word_1_37' title='bbox 739 969 836 1017; x_wconf 85' lang='lat' dir='ltr'>occidit</span> <span class='ocrx_word' id='word_1_38' title='bbox 854 967 1003 1025; x_wconf 89' lang='lat' dir='ltr'>Gedaliam,</span> <span class='ocrx_word' id='word_1_39' title='bbox 1020 982 1099 1031; x_wconf 89' lang='lat' dir='ltr'>quem</span> <span class='ocrx_word' id='word_1_40' title='bbox 1120 967 1223 1016; x_wconf 81' lang='lat' dir='ltr'>fecerat</span> <span class='ocrx_word' id='word_1_41' title='bbox 1239 982 1280 1016; x_wconf 83' lang='lat' dir='ltr'>rex</span> 
     </span>
     <span class='ocr_line' id='line_1_6' title="bbox 295 1032 1280 1097; baseline 0 -15"><span class='ocrx_word' id='word_1_42' title='bbox 295 1033 401 1083; x_wconf 81' lang='lat' dir='ltr'>Babelis</span> <span class='ocrx_word' id='word_1_43' title='bbox 411 1032 576 1097; x_wconf 67' lang='lat' dir='ltr'>praefestum</span> <span class='ocrx_word' id='word_1_44' title='bbox 590 1034 617 1082; x_wconf 91' lang='lat' dir='ltr'>in</span> <span class='ocrx_word' id='word_1_45' title='bbox 631 1043 709 1091; x_wconf 82' lang='lat' dir='ltr'>terra,</span> <span class='ocrx_word' id='word_1_46' title='bbox 721 1043 747 1082; x_wconf 86' lang='lat' dir='ltr'>et</span> <span class='ocrx_word' id='word_1_47' title='bbox 760 1048 856 1082; x_wconf 82' lang='lat' dir='ltr'>omnes</span> <span class='ocrx_word' id='word_1_48' title='bbox 865 1032 983 1097; x_wconf 86' lang='lat' dir='ltr'>Judaeos</span> <span class='ocrx_word' id='word_1_49' title='bbox 993 1033 1036 1096; x_wconf 92' lang='lat' dir='ltr'>qui</span> <span class='ocrx_word' id='word_1_50' title='bbox 1051 1033 1162 1081; x_wconf 87' lang='lat' dir='ltr'>fuerunt</span> <span class='ocrx_word' id='word_1_51' title='bbox 1171 1047 1233 1081; x_wconf 88' lang='lat' dir='ltr'>cum</span> <span class='ocrx_word' id='word_1_52' title='bbox 1242 1047 1280 1088; x_wconf 86' lang='lat' dir='ltr'>eo.</span> 
     </span>
     <span class='ocr_line' id='line_1_7' title="bbox 293 1099 1281 1157; baseline -0.002 -9"><span class='ocrx_word' id='word_1_53' title='bbox 293 1109 319 1148; x_wconf 85' lang='lat' dir='ltr'>et</span> <span class='ocrx_word' id='word_1_54' title='bbox 326 1099 486 1155; x_wconf 77' lang='lat' dir='ltr'>Chaldaeos,</span> <span class='ocrx_word' id='word_1_55' title='bbox 495 1109 550 1147; x_wconf 86' lang='lat' dir='ltr'>turn</span> <span class='ocrx_word' id='word_1_56' title='bbox 558 1099 630 1147; x_wconf 85' lang='lat' dir='ltr'>viros</span> <span class='ocrx_word' id='word_1_57' title='bbox 637 1115 670 1147; x_wconf 82' lang='lat' dir='ltr'>ex</span> <span class='ocrx_word' id='word_1_58' title='bbox 679 1099 834 1157; x_wconf 85' lang='lat' dir='ltr'>Sicbem,ex</span> <span class='ocrx_word' id='word_1_59' title='bbox 841 1099 978 1147; x_wconf 86' lang='lat' dir='ltr'>Schilunte</span> <span class='ocrx_word' id='word_1_60' title='bbox 986 1108 1013 1147; x_wconf 83' lang='lat' dir='ltr'>et</span> <span class='ocrx_word' id='word_1_61' title='bbox 1021 1099 1160 1148; x_wconf 82' lang='lat' dir='ltr'>Samaria:</span> <span class='ocrx_word' id='word_1_62' title='bbox 1173 1099 1281 1147; x_wconf 82' lang='lat' dir='ltr'>“decem</span> 
     </span>
     <span class='ocr_line' id='line_1_8' title="bbox 293 1162 1282 1228; baseline -0.002 -15"><span class='ocrx_word' id='word_1_63' title='bbox 293 1174 384 1214; x_wconf 89' lang='lat' dir='ltr'>tamen</span> <span class='ocrx_word' id='word_1_64' title='bbox 399 1165 449 1213; x_wconf 80' lang='lat' dir='ltr'>viri</span> <span class='ocrx_word' id='word_1_65' title='bbox 468 1165 571 1213; x_wconf 82' lang='lat' dir='ltr'>inventi</span> <span class='ocrx_word' id='word_1_66' title='bbox 586 1176 648 1213; x_wconf 91' lang='lat' dir='ltr'>sunt</span> <span class='ocrx_word' id='word_1_67' title='bbox 666 1165 737 1213; x_wconf 87' lang='lat' dir='ltr'>inter</span> <span class='ocrx_word' id='word_1_68' title='bbox 751 1179 807 1222; x_wconf 86' lang='lat' dir='ltr'>eos,</span> <span class='ocrx_word' id='word_1_69' title='bbox 824 1165 868 1228; x_wconf 93' lang='lat' dir='ltr'>qui</span> <span class='ocrx_word' id='word_1_70' title='bbox 883 1164 1007 1212; x_wconf 85' lang='lat' dir='ltr'>dixerunt</span> <span class='ocrx_word' id='word_1_71' title='bbox 1021 1164 1056 1211; x_wconf 90' lang='lat' dir='ltr'>ad</span> <span class='ocrx_word' id='word_1_72' title='bbox 1073 1163 1228 1221; x_wconf 87' lang='lat' dir='ltr'>lsmaelem,</span> <span class='ocrx_word' id='word_1_73' title='bbox 1245 1162 1282 1212; x_wconf 79' lang='lat' dir='ltr'>Ne</span> 
     </span>
     <span class='ocr_line' id='line_1_9' title="bbox 293 1229 1280 1293; baseline 0 -15"><span class='ocrx_word' id='word_1_74' title='bbox 293 1231 400 1278; x_wconf 89' lang='lat' dir='ltr'>occidas</span> <span class='ocrx_word' id='word_1_75' title='bbox 413 1245 472 1287; x_wconf 86' lang='lat' dir='ltr'>nos,</span> <span class='ocrx_word' id='word_1_76' title='bbox 487 1230 550 1293; x_wconf 86' lang='lat' dir='ltr'>quia</span> <span class='ocrx_word' id='word_1_77' title='bbox 561 1240 624 1279; x_wconf 87' lang='lat' dir='ltr'>sunt</span> <span class='ocrx_word' id='word_1_78' title='bbox 637 1230 717 1278; x_wconf 89' lang='lat' dir='ltr'>nobis</span> <span class='ocrx_word' id='word_1_79' title='bbox 730 1229 888 1278; x_wconf 86' lang='lat' dir='ltr'>abscondita</span> <span class='ocrx_word' id='word_1_80' title='bbox 900 1230 927 1277; x_wconf 92' lang='lat' dir='ltr'>in</span> <span class='ocrx_word' id='word_1_81' title='bbox 940 1244 1014 1290; x_wconf 83' lang='lat' dir='ltr'>agro.</span> <span class='ocrx_word' id='word_1_82' title='bbox 1030 1229 1121 1277; x_wconf 83' lang='lat' dir='ltr'>tritica</span> <span class='ocrx_word' id='word_1_83' title='bbox 1132 1237 1161 1277; x_wconf 87' lang='lat' dir='ltr'>et</span> <span class='ocrx_word' id='word_1_84' title='bbox 1173 1230 1280 1284; x_wconf 80' lang='lat' dir='ltr'>hordea.</span> 
     </span>
     <span class='ocr_line' id='line_1_10' title="bbox 293 1294 1133 1356; baseline 0 -12"><span class='ocrx_word' id='word_1_85' title='bbox 293 1305 320 1344; x_wconf 90' lang='lat' dir='ltr'>et</span> <span class='ocrx_word' id='word_1_86' title='bbox 332 1295 421 1344; x_wconf 88' lang='lat' dir='ltr'>oleum</span> <span class='ocrx_word' id='word_1_87' title='bbox 434 1305 461 1344; x_wconf 85' lang='lat' dir='ltr'>et</span> <span class='ocrx_word' id='word_1_88' title='bbox 473 1295 542 1350; x_wconf 78' lang='lat' dir='ltr'>mel:</span> <span class='ocrx_word' id='word_1_89' title='bbox 560 1296 622 1344; x_wconf 89' lang='lat' dir='ltr'>ideo</span> <span class='ocrx_word' id='word_1_90' title='bbox 634 1295 725 1344; x_wconf 84' lang='lat' dir='ltr'>omisit</span> <span class='ocrx_word' id='word_1_91' title='bbox 737 1309 786 1343; x_wconf 85' lang='lat' dir='ltr'>eos</span> <span class='ocrx_word' id='word_1_92' title='bbox 799 1309 847 1343; x_wconf 88' lang='lat' dir='ltr'>nec</span> <span class='ocrx_word' id='word_1_93' title='bbox 859 1294 956 1343; x_wconf 85' lang='lat' dir='ltr'>occidit</span> <span class='ocrx_word' id='word_1_94' title='bbox 964 1294 977 1312; x_wconf 91' lang='lat'>&#39;’</span> <span class='ocrx_word' id='word_1_95' title='bbox 990 1294 1045 1354; x_wconf 81' lang='lat' dir='ltr'>(xli.</span> <span class='ocrx_word' id='word_1_96' title='bbox 1060 1295 1133 1356; x_wconf 78' lang='lat'>1-8):</span> 
     </span>
    </p>
   </div>
   <div class='ocr_carea' id='block_1_4' title="bbox 107 1427 1288 3961">
    <p class='ocr_par' dir='ltr' id='par_1_4' title="bbox 107 1427 1288 3961">
     <span class='ocr_line' id='line_1_11' title="bbox 163 1427 1283 1508; baseline 0 -19"><span class='ocrx_word' id='word_1_97' title='bbox 163 1446 222 1508; x_wconf 89' lang='lat' dir='ltr'>per</span> <span class='ocrx_word' id='word_1_98' title='bbox 245 1427 328 1490; x_wconf 91' lang='lat' dir='ltr'>haec</span> <span class='ocrx_word' id='word_1_99' title='bbox 356 1428 517 1491; x_wconf 84' lang='lat' dir='ltr'>historica</span> <span class='ocrx_word' id='word_1_100' title='bbox 543 1429 576 1489; x_wconf 92' lang='lat' dir='ltr'>in</span> <span class='ocrx_word' id='word_1_101' title='bbox 600 1448 700 1490; x_wconf 91' lang='lat' dir='ltr'>sensu</span> <span class='ocrx_word' id='word_1_102' title='bbox 724 1429 859 1490; x_wconf 88' lang='lat' dir='ltr'>interno</span> <span class='ocrx_word' id='word_1_103' title='bbox 881 1427 1083 1490; x_wconf 87' lang='lat' dir='ltr'>describitur</span> <span class='ocrx_word' id='word_1_104' title='bbox 1107 1428 1283 1490; x_wconf 89' lang='lat' dir='ltr'>damnatio</span> 
     </span>
     <span class='ocr_line' id='line_1_12' title="bbox 165 1520 1282 1604; baseline -0.001 -20"><span class='ocrx_word' id='word_1_105' title='bbox 165 1542 281 1585; x_wconf 88' lang='lat' dir='ltr'>eorum</span> <span class='ocrx_word' id='word_1_106' title='bbox 296 1522 353 1604; x_wconf 92' lang='lat' dir='ltr'>qui</span> <span class='ocrx_word' id='word_1_107' title='bbox 369 1522 547 1603; x_wconf 83' lang='lat' dir='ltr'>profanant</span> <span class='ocrx_word' id='word_1_108' title='bbox 567 1520 707 1599; x_wconf 68' lang='lat' dir='ltr'>sandta;</span> <span class='ocrx_word' id='word_1_109' title='bbox 740 1544 798 1603; x_wconf 89' lang='lat' dir='ltr'>per</span> <span class='ocrx_word' id='word_1_110' title='bbox 816 1520 1046 1585; x_wconf 82' lang='lat' dir='ltr'>“Gedaliam”</span> <span class='ocrx_word' id='word_1_111' title='bbox 1063 1523 1166 1594; x_wconf 89' lang='lat' dir='ltr'>enim,</span> <span class='ocrx_word' id='word_1_112' title='bbox 1185 1542 1282 1604; x_wconf 90' lang='lat' dir='ltr'>quem</span> 
     </span>
     <span class='ocr_line' id='line_1_13' title="bbox 164 1614 1283 1697; baseline 0.001 -20"><span class='ocrx_word' id='word_1_113' title='bbox 164 1636 225 1678; x_wconf 89' lang='lat' dir='ltr'>rex</span> <span class='ocrx_word' id='word_1_114' title='bbox 246 1616 380 1678; x_wconf 86' lang='lat' dir='ltr'>Babelis</span> <span class='ocrx_word' id='word_1_115' title='bbox 401 1614 604 1696; x_wconf 73' lang='lat' dir='ltr'>praefedtum</span> <span class='ocrx_word' id='word_1_116' title='bbox 624 1616 702 1679; x_wconf 86' lang='lat' dir='ltr'>fecit</span> <span class='ocrx_word' id='word_1_117' title='bbox 722 1619 755 1679; x_wconf 92' lang='lat' dir='ltr'>in</span> <span class='ocrx_word' id='word_1_118' title='bbox 776 1627 876 1688; x_wconf 88' lang='lat' dir='ltr'>terra,</span> <span class='ocrx_word' id='word_1_119' title='bbox 897 1627 932 1679; x_wconf 91' lang='lat' dir='ltr'>et</span> <span class='ocrx_word' id='word_1_120' title='bbox 953 1637 1011 1697; x_wconf 89' lang='lat' dir='ltr'>per</span> <span class='ocrx_word' id='word_1_121' title='bbox 1032 1616 1211 1696; x_wconf 85' lang='lat' dir='ltr'>“Judaeos</span> <span class='ocrx_word' id='word_1_122' title='bbox 1230 1618 1283 1697; x_wconf 89' lang='lat' dir='ltr'>qui</span> 
     </span>
     <span class='ocr_line' id='line_1_14' title="bbox 164 1709 1282 1793; baseline 0 -22"><span class='ocrx_word' id='word_1_123' title='bbox 164 1709 296 1789; x_wconf 88' lang='lat' dir='ltr'>fuerunt</span> <span class='ocrx_word' id='word_1_124' title='bbox 313 1729 388 1772; x_wconf 91' lang='lat' dir='ltr'>cum</span> <span class='ocrx_word' id='word_1_125' title='bbox 402 1710 473 1784; x_wconf 87' lang='lat' dir='ltr'>e0‚&#39;&#39;</span> <span class='ocrx_word' id='word_1_126' title='bbox 485 1730 523 1773; x_wconf 89' lang='lat' dir='ltr'>ac</span> <span class='ocrx_word' id='word_1_127' title='bbox 541 1732 600 1793; x_wconf 92' lang='lat' dir='ltr'>per</span> <span class='ocrx_word' id='word_1_128' title='bbox 615 1710 865 1784; x_wconf 59' lang='lat' dir='ltr'>“Chaldaeos’&#39;</span> <span class='ocrx_word' id='word_1_129' title='bbox 881 1712 996 1772; x_wconf 86' lang='lat' dir='ltr'>“viros</span> <span class='ocrx_word' id='word_1_130' title='bbox 1013 1731 1058 1772; x_wconf 85' lang='lat' dir='ltr'>ex</span> <span class='ocrx_word' id='word_1_131' title='bbox 1075 1709 1227 1783; x_wconf 88' lang='lat' dir='ltr'>Sichem,</span> <span class='ocrx_word' id='word_1_132' title='bbox 1241 1730 1282 1772; x_wconf 89' lang='lat' dir='ltr'>ex</span> 
     </span>
     <span class='ocr_line' id='line_1_15' title="bbox 163 1802 1283 1887; baseline -0.002 -20"><span class='ocrx_word' id='word_1_133' title='bbox 163 1802 339 1867; x_wconf 88' lang='lat' dir='ltr'>Schilunte</span> <span class='ocrx_word' id='word_1_134' title='bbox 353 1815 387 1867; x_wconf 89' lang='lat' dir='ltr'>et</span> <span class='ocrx_word' id='word_1_135' title='bbox 401 1803 581 1877; x_wconf 87' lang='lat' dir='ltr'>Samaria,”</span> <span class='ocrx_word' id='word_1_136' title='bbox 594 1803 831 1887; x_wconf 84' lang='lat' dir='ltr'>intelliguntur</span> <span class='ocrx_word' id='word_1_137' title='bbox 848 1804 894 1866; x_wconf 92' lang='lat' dir='ltr'>illi</span> <span class='ocrx_word' id='word_1_138' title='bbox 911 1806 965 1887; x_wconf 92' lang='lat' dir='ltr'>qui</span> <span class='ocrx_word' id='word_1_139' title='bbox 986 1803 1181 1885; x_wconf 76' lang='lat' dir='ltr'>profanant,</span> <span class='ocrx_word' id='word_1_140' title='bbox 1196 1824 1235 1867; x_wconf 86' lang='lat' dir='ltr'>ac</span> <span class='ocrx_word' id='word_1_141' title='bbox 1252 1805 1283 1866; x_wconf 81' lang='lat' dir='ltr'>ln</span> 
     </span>
     <span class='ocr_line' id='line_1_16' title="bbox 162 1896 1283 1981; baseline 0.001 -22"><span class='ocrx_word' id='word_1_142' title='bbox 162 1918 263 1961; x_wconf 90' lang='lat' dir='ltr'>sensu</span> <span class='ocrx_word' id='word_1_143' title='bbox 290 1896 463 1961; x_wconf 67' lang='lat' dir='ltr'>abstradto</span> <span class='ocrx_word' id='word_1_144' title='bbox 490 1900 599 1960; x_wconf 91' lang='lat' dir='ltr'>omnis</span> <span class='ocrx_word' id='word_1_145' title='bbox 626 1901 760 1980; x_wconf 83' lang='lat' dir='ltr'>generis</span> <span class='ocrx_word' id='word_1_146' title='bbox 788 1900 1052 1981; x_wconf 61' lang='lat' dir='ltr'>profanationes</span> <span class='ocrx_word' id='word_1_147' title='bbox 1083 1918 1162 1960; x_wconf 91' lang='lat' dir='ltr'>nam</span> <span class='ocrx_word' id='word_1_148' title='bbox 1195 1906 1283 1962; x_wconf 84' lang='lat' dir='ltr'>“rex</span> 
     </span>
     <span class='ocr_line' id='line_1_17' title="bbox 164 1991 1285 2075; baseline 0 -21"><span class='ocrx_word' id='word_1_149' title='bbox 164 1991 323 2055; x_wconf 81' lang='lat' dir='ltr'>Babelis&#39;&#39;</span> <span class='ocrx_word' id='word_1_150' title='bbox 344 1991 512 2074; x_wconf 85' lang='lat' dir='ltr'>significat</span> <span class='ocrx_word' id='word_1_151' title='bbox 536 1992 805 2075; x_wconf 84' lang='lat' dir='ltr'>profanationem</span> <span class='ocrx_word' id='word_1_152' title='bbox 829 1994 908 2055; x_wconf 92' lang='lat' dir='ltr'>boni</span> <span class='ocrx_word' id='word_1_153' title='bbox 932 2004 966 2056; x_wconf 91' lang='lat' dir='ltr'>et</span> <span class='ocrx_word' id='word_1_154' title='bbox 990 1993 1080 2069; x_wconf 87' lang='lat' dir='ltr'>veri;</span> <span class='ocrx_word' id='word_1_155' title='bbox 1107 1993 1285 2055; x_wconf 88' lang='lat' dir='ltr'>damnatio</span> 
     </span>
     <span class='ocr_line' id='line_1_18' title="bbox 163 2086 1284 2170; baseline -0.001 -20"><span class='ocrx_word' id='word_1_156' title='bbox 163 2106 279 2150; x_wconf 89' lang='lat' dir='ltr'>eorum</span> <span class='ocrx_word' id='word_1_157' title='bbox 306 2086 515 2170; x_wconf 84' lang='lat' dir='ltr'>significatur</span> <span class='ocrx_word' id='word_1_158' title='bbox 542 2108 600 2170; x_wconf 87' lang='lat' dir='ltr'>per</span> <span class='ocrx_word' id='word_1_159' title='bbox 628 2089 718 2169; x_wconf 92' lang='lat' dir='ltr'>quod</span> <span class='ocrx_word' id='word_1_160' title='bbox 748 2090 881 2151; x_wconf 86' lang='lat' dir='ltr'>“occisi</span> <span class='ocrx_word' id='word_1_161' title='bbox 909 2087 1008 2161; x_wconf 86' lang='lat' dir='ltr'>sint,&#39;‘</span> <span class='ocrx_word' id='word_1_162' title='bbox 1031 2107 1091 2169; x_wconf 91' lang='lat' dir='ltr'>per</span> <span class='ocrx_word' id='word_1_163' title='bbox 1118 2089 1259 2151; x_wconf 88' lang='lat' dir='ltr'>“occidi</span> <span class='ocrx_word' id='word_1_164' title='bbox 1269 2087 1284 2110; x_wconf 84' lang='lat'>&#39;¹</span> 
     </span>
     <span class='ocr_line' id='line_1_19' title="bbox 164 2171 1284 2262; baseline 0.001 -21"><span class='ocrx_word' id='word_1_165' title='bbox 164 2180 254 2241; x_wconf 89' lang='lat' dir='ltr'>enim</span> <span class='ocrx_word' id='word_1_166' title='bbox 268 2178 478 2260; x_wconf 86' lang='lat' dir='ltr'>significatur</span> <span class='ocrx_word' id='word_1_167' title='bbox 489 2179 711 2261; x_wconf 84' lang='lat' dir='ltr'>spiritualiter</span> <span class='ocrx_word' id='word_1_168' title='bbox 722 2180 831 2242; x_wconf 91' lang='lat' dir='ltr'>occidi</span> <span class='ocrx_word' id='word_1_169' title='bbox 845 2196 995 2251; x_wconf 71' lang='lat' dir='ltr'>(vineatum.</span> <span class='ocrx_word' id='word_1_170' title='bbox 1007 2195 1080 2259; x_wconf 82' lang='lat'>315)</span> <span class='ocrx_word' id='word_1_171' title='bbox 1094 2201 1100 2253; x_wconf 93' lang='grc'>;</span> <span class='ocrx_word' id='word_1_172' title='bbox 1121 2200 1184 2262; x_wconf 85' lang='lat' dir='ltr'>per</span> <span class='ocrx_word' id='word_1_173' title='bbox 1196 2171 1284 2242; x_wconf 60' lang='lat' dir='ltr'>“de-</span> 
     </span>
     <span class='ocr_line' id='line_1_20' title="bbox 107 2271 1285 2354; baseline 0 -21"><span class='ocrx_word' id='word_1_174' title='bbox 107 2328 110 2333; x_wconf 90' lang='lat'>.</span> <span class='ocrx_word' id='word_1_175' title='bbox 164 2290 239 2335; x_wconf 89' lang='lat' dir='ltr'>cem</span> <span class='ocrx_word' id='word_1_176' title='bbox 247 2271 262 2293; x_wconf 91' lang='lat'>‘’</span> <span class='ocrx_word' id='word_1_177' title='bbox 273 2281 387 2334; x_wconf 89' lang='lat' dir='ltr'>autem</span> <span class='ocrx_word' id='word_1_178' title='bbox 401 2278 420 2303; x_wconf 80' lang='lat'>‘⁴</span> <span class='ocrx_word' id='word_1_179' title='bbox 430 2271 548 2345; x_wconf 88' lang='lat' dir='ltr'>viros,’&#39;</span> <span class='ocrx_word' id='word_1_180' title='bbox 559 2273 614 2354; x_wconf 92' lang='lat' dir='ltr'>qui</span> <span class='ocrx_word' id='word_1_181' title='bbox 625 2272 784 2335; x_wconf 86' lang='lat' dir='ltr'>dixerunt</span> <span class='ocrx_word' id='word_1_182' title='bbox 796 2273 838 2334; x_wconf 92' lang='lat' dir='ltr'>ad</span> <span class='ocrx_word' id='word_1_183' title='bbox 851 2272 1042 2345; x_wconf 81' lang='lat' dir='ltr'>ismaelem,</span> <span class='ocrx_word' id='word_1_184' title='bbox 1054 2280 1073 2303; x_wconf 81' lang='lat'>⁴·</span> <span class='ocrx_word' id='word_1_185' title='bbox 1084 2271 1137 2335; x_wconf 96' lang='lat' dir='ltr'>Ne</span> <span class='ocrx_word' id='word_1_186' title='bbox 1148 2272 1285 2335; x_wconf 85' lang='lat' dir='ltr'>occidas</span> 
     </span>
     <span class='ocr_line' id='line_1_21' title="bbox 165 2366 1283 2449; baseline 0.002 -22"><span class='ocrx_word' id='word_1_187' title='bbox 165 2386 237 2439; x_wconf 90' lang='lat' dir='ltr'>nos,</span> <span class='ocrx_word' id='word_1_188' title='bbox 255 2368 332 2448; x_wconf 88' lang='lat' dir='ltr'>quia</span> <span class='ocrx_word' id='word_1_189' title='bbox 351 2376 429 2428; x_wconf 92' lang='lat' dir='ltr'>sunt</span> <span class='ocrx_word' id='word_1_190' title='bbox 449 2366 546 2428; x_wconf 91' lang='lat' dir='ltr'>nobis</span> <span class='ocrx_word' id='word_1_191' title='bbox 565 2367 767 2430; x_wconf 76' lang='lat' dir='ltr'>abscondita</span> <span class='ocrx_word' id='word_1_192' title='bbox 787 2369 819 2429; x_wconf 92' lang='lat' dir='ltr'>in</span> <span class='ocrx_word' id='word_1_193' title='bbox 839 2387 933 2449; x_wconf 84' lang='lat' dir='ltr'>agro,</span> <span class='ocrx_word' id='word_1_194' title='bbox 955 2368 1067 2430; x_wconf 90' lang='lat' dir='ltr'>tritica</span> <span class='ocrx_word' id='word_1_195' title='bbox 1087 2377 1122 2429; x_wconf 93' lang='lat' dir='ltr'>et</span> <span class='ocrx_word' id='word_1_196' title='bbox 1143 2366 1283 2440; x_wconf 90' lang='lat' dir='ltr'>hordea,</span> 
     </span>
     <span class='ocr_line' id='line_1_22' title="bbox 164 2460 1284 2544; baseline 0.002 -21"><span class='ocrx_word' id='word_1_197' title='bbox 164 2469 200 2523; x_wconf 89' lang='lat' dir='ltr'>et</span> <span class='ocrx_word' id='word_1_198' title='bbox 228 2461 340 2523; x_wconf 91' lang='lat' dir='ltr'>oleum</span> <span class='ocrx_word' id='word_1_199' title='bbox 368 2471 403 2524; x_wconf 92' lang='lat' dir='ltr'>et</span> <span class='ocrx_word' id='word_1_200' title='bbox 431 2460 528 2534; x_wconf 89' lang='lat' dir='ltr'>mel,”</span> <span class='ocrx_word' id='word_1_201' title='bbox 551 2460 788 2542; x_wconf 83' lang='lat' dir='ltr'>intelliguntur</span> <span class='ocrx_word' id='word_1_202' title='bbox 812 2461 859 2523; x_wconf 91' lang='lat' dir='ltr'>illi</span> <span class='ocrx_word' id='word_1_203' title='bbox 884 2462 939 2544; x_wconf 92' lang='lat' dir='ltr'>qui</span> <span class='ocrx_word' id='word_1_204' title='bbox 967 2481 1034 2523; x_wconf 90' lang='lat' dir='ltr'>non</span> <span class='ocrx_word' id='word_1_205' title='bbox 1063 2461 1284 2544; x_wconf 87' lang='lat' dir='ltr'>profanarunt</span> 
     </span>
     <span class='ocr_line' id='line_1_23' title="bbox 164 2551 1285 2639; baseline 0.003 -24"><span class='ocrx_word' id='word_1_206' title='bbox 164 2551 283 2617; x_wconf 65' lang='lat' dir='ltr'>sanCta</span> <span class='ocrx_word' id='word_1_207' title='bbox 302 2554 477 2628; x_wconf 85' lang='lat' dir='ltr'>ecclesiae,</span> <span class='ocrx_word' id='word_1_208' title='bbox 498 2557 574 2636; x_wconf 91' lang='lat' dir='ltr'>quia</span> <span class='ocrx_word' id='word_1_209' title='bbox 594 2553 658 2617; x_wconf 89' lang='lat' dir='ltr'>illis</span> <span class='ocrx_word' id='word_1_210' title='bbox 680 2555 805 2617; x_wconf 89' lang='lat' dir='ltr'>bonurn</span> <span class='ocrx_word' id='word_1_211' title='bbox 825 2566 860 2618; x_wconf 87' lang='lat' dir='ltr'>et</span> <span class='ocrx_word' id='word_1_212' title='bbox 880 2575 995 2618; x_wconf 84' lang='lat' dir='ltr'>verum</span> <span class='ocrx_word' id='word_1_213' title='bbox 1019 2556 1110 2618; x_wconf 91' lang='lat' dir='ltr'>intus</span> <span class='ocrx_word' id='word_1_214' title='bbox 1130 2567 1206 2632; x_wconf 92' lang='lat' dir='ltr'>est;</span> <span class='ocrx_word' id='word_1_215' title='bbox 1231 2557 1285 2639; x_wconf 93' lang='lat' dir='ltr'>qui</span> 
     </span>
     <span class='ocr_line' id='line_1_24' title="bbox 165 2640 1286 2731; baseline 0.001 -20"><span class='ocrx_word' id='word_1_216' title='bbox 165 2640 254 2711; x_wconf 77' lang='lat' dir='ltr'>enim</span> <span class='ocrx_word' id='word_1_217' title='bbox 274 2648 464 2731; x_wconf 89' lang='lat' dir='ltr'>profanant,</span> <span class='ocrx_word' id='word_1_218' title='bbox 483 2649 547 2711; x_wconf 89' lang='lat' dir='ltr'>illis</span> <span class='ocrx_word' id='word_1_219' title='bbox 567 2648 648 2711; x_wconf 90' lang='lat' dir='ltr'>nihil</span> <span class='ocrx_word' id='word_1_220' title='bbox 668 2650 747 2711; x_wconf 90' lang='lat' dir='ltr'>boni</span> <span class='ocrx_word' id='word_1_221' title='bbox 767 2660 801 2712; x_wconf 91' lang='lat' dir='ltr'>et</span> <span class='ocrx_word' id='word_1_222' title='bbox 820 2651 889 2712; x_wconf 89' lang='lat' dir='ltr'>veri</span> <span class='ocrx_word' id='word_1_223' title='bbox 909 2651 998 2711; x_wconf 92' lang='lat' dir='ltr'>intus</span> <span class='ocrx_word' id='word_1_224' title='bbox 1018 2659 1082 2721; x_wconf 89' lang='lat' dir='ltr'>est,</span> <span class='ocrx_word' id='word_1_225' title='bbox 1100 2650 1161 2712; x_wconf 90' lang='lat' dir='ltr'>sed</span> <span class='ocrx_word' id='word_1_226' title='bbox 1182 2650 1286 2712; x_wconf 90' lang='lat' dir='ltr'>modo</span> 
     </span>
     <span class='ocr_line' id='line_1_25' title="bbox 165 2742 1285 2825; baseline 0.001 -20"><span class='ocrx_word' id='word_1_227' title='bbox 165 2750 265 2805; x_wconf 86' lang='lat' dir='ltr'>extra</span> <span class='ocrx_word' id='word_1_228' title='bbox 282 2762 357 2805; x_wconf 88' lang='lat' dir='ltr'>curn</span> <span class='ocrx_word' id='word_1_229' title='bbox 379 2742 560 2825; x_wconf 89' lang='lat' dir='ltr'>loquuntur</span> <span class='ocrx_word' id='word_1_230' title='bbox 578 2753 613 2805; x_wconf 90' lang='lat' dir='ltr'>et</span> <span class='ocrx_word' id='word_1_231' title='bbox 632 2743 830 2825; x_wconf 89' lang='lat' dir='ltr'>praedicant</span> <span class='ocrx_word' id='word_1_232' title='bbox 846 2765 853 2819; x_wconf 82' lang='lat'><em>3</em></span> <span class='ocrx_word' id='word_1_233' title='bbox 878 2753 913 2804; x_wconf 90' lang='lat' dir='ltr'>at</span> <span class='ocrx_word' id='word_1_234' title='bbox 933 2742 998 2805; x_wconf 90' lang='lat' dir='ltr'>illis</span> <span class='ocrx_word' id='word_1_235' title='bbox 1014 2745 1070 2825; x_wconf 91' lang='lat' dir='ltr'>qui</span> <span class='ocrx_word' id='word_1_236' title='bbox 1087 2762 1155 2805; x_wconf 90' lang='lat' dir='ltr'>non</span> <span class='ocrx_word' id='word_1_237' title='bbox 1174 2743 1285 2824; x_wconf 91' lang='lat' dir='ltr'>profa-</span> 
     </span>
     <span class='ocr_line' id='line_1_26' title="bbox 165 2837 1285 2919; baseline 0.002 -20"><span class='ocrx_word' id='word_1_238' title='bbox 165 2847 249 2902; x_wconf 88' lang='lat' dir='ltr'>nant</span> <span class='ocrx_word' id='word_1_239' title='bbox 269 2847 321 2900; x_wconf 89' lang='lat' dir='ltr'>est</span> <span class='ocrx_word' id='word_1_240' title='bbox 341 2837 467 2899; x_wconf 90' lang='lat' dir='ltr'>bonum</span> <span class='ocrx_word' id='word_1_241' title='bbox 486 2847 520 2899; x_wconf 86' lang='lat' dir='ltr'>et</span> <span class='ocrx_word' id='word_1_242' title='bbox 540 2858 655 2899; x_wconf 89' lang='lat' dir='ltr'>verum</span> <span class='ocrx_word' id='word_1_243' title='bbox 674 2839 784 2899; x_wconf 91' lang='lat' dir='ltr'>intus:</span> <span class='ocrx_word' id='word_1_244' title='bbox 809 2837 873 2900; x_wconf 89' lang='lat' dir='ltr'>hoc</span> <span class='ocrx_word' id='word_1_245' title='bbox 894 2837 1096 2919; x_wconf 86' lang='lat' dir='ltr'>intelligitur</span> <span class='ocrx_word' id='word_1_246' title='bbox 1116 2858 1176 2919; x_wconf 91' lang='lat' dir='ltr'>per</span> <span class='ocrx_word' id='word_1_247' title='bbox 1195 2838 1285 2919; x_wconf 92' lang='lat' dir='ltr'>quod</span> 
     </span>
     <span class='ocr_line' id='line_1_27' title="bbox 165 2931 1285 3013; baseline 0 -19"><span class='ocrx_word' id='word_1_248' title='bbox 165 2933 315 2996; x_wconf 88' lang='lat' dir='ltr'>dixerint</span> <span class='ocrx_word' id='word_1_249' title='bbox 326 2937 427 2994; x_wconf 86' lang='lat' dir='ltr'>“esse</span> <span class='ocrx_word' id='word_1_250' title='bbox 441 2931 505 2994; x_wconf 90' lang='lat' dir='ltr'>illis</span> <span class='ocrx_word' id='word_1_251' title='bbox 519 2931 720 2994; x_wconf 88' lang='lat' dir='ltr'>abscondita</span> <span class='ocrx_word' id='word_1_252' title='bbox 733 2933 765 2993; x_wconf 90' lang='lat' dir='ltr'>in</span> <span class='ocrx_word' id='word_1_253' title='bbox 779 2952 872 3013; x_wconf 82' lang='lat' dir='ltr'>agro,</span> <span class='ocrx_word' id='word_1_254' title='bbox 883 2933 1006 3003; x_wconf 88' lang='lat' dir='ltr'>tritica,</span> <span class='ocrx_word' id='word_1_255' title='bbox 1018 2932 1158 3005; x_wconf 86' lang='lat' dir='ltr'>hordea,</span> <span class='ocrx_word' id='word_1_256' title='bbox 1171 2931 1285 2995; x_wconf 90' lang='lat' dir='ltr'>oleum</span> 
     </span>
     <span class='ocr_line' id='line_1_28' title="bbox 165 3025 1287 3109; baseline -0.001 -19"><span class='ocrx_word' id='word_1_257' title='bbox 165 3037 201 3090; x_wconf 88' lang='lat' dir='ltr'>et</span> <span class='ocrx_word' id='word_1_258' title='bbox 224 3026 291 3090; x_wconf 90' lang='lat' dir='ltr'>mel</span> <span class='ocrx_word' id='word_1_259' title='bbox 304 3026 331 3104; x_wconf 86' lang='lat'>;’&#39;</span> <span class='ocrx_word' id='word_1_260' title='bbox 354 3047 413 3109; x_wconf 87' lang='lat' dir='ltr'>per</span> <span class='ocrx_word' id='word_1_261' title='bbox 434 3032 452 3058; x_wconf 89' lang='grc'>“</span> <span class='ocrx_word' id='word_1_262' title='bbox 465 3026 601 3089; x_wconf 90' lang='lat' dir='ltr'>tritica”</span> <span class='ocrx_word' id='word_1_263' title='bbox 619 3037 654 3088; x_wconf 87' lang='lat' dir='ltr'>et</span> <span class='ocrx_word' id='word_1_264' title='bbox 676 3026 835 3089; x_wconf 83' lang='lat' dir='ltr'>“hordea</span> <span class='ocrx_word' id='word_1_265' title='bbox 845 3027 860 3049; x_wconf 92' lang='lat'>&#39;’</span> <span class='ocrx_word' id='word_1_266' title='bbox 880 3025 1113 3106; x_wconf 84' lang='lat' dir='ltr'>significantur</span> <span class='ocrx_word' id='word_1_267' title='bbox 1136 3026 1228 3089; x_wconf 88' lang='lat' dir='ltr'>bona</span> <span class='ocrx_word' id='word_1_268' title='bbox 1251 3038 1287 3089; x_wconf 91' lang='lat' dir='ltr'>et</span> 
     </span>
     <span class='ocr_line' id='line_1_29' title="bbox 165 3119 1287 3202; baseline -0.002 -18"><span class='ocrx_word' id='word_1_269' title='bbox 165 3119 1287 3202; x_wconf 68' lang='lat' dir='ltr'>veraexternihominisper“oleum”significaturbonuminterni</span> 
     </span>
     <span class='ocr_line' id='line_1_30' title="bbox 166 3216 1287 3299; baseline 0 -19"><span class='ocrx_word' id='word_1_270' title='bbox 166 3218 324 3292; x_wconf 78' lang='lat' dir='ltr'>hominiS,</span> <span class='ocrx_word' id='word_1_271' title='bbox 342 3227 377 3279; x_wconf 89' lang='lat' dir='ltr'>et</span> <span class='ocrx_word' id='word_1_272' title='bbox 398 3237 457 3299; x_wconf 90' lang='lat' dir='ltr'>per</span> <span class='ocrx_word' id='word_1_273' title='bbox 477 3216 571 3278; x_wconf 87' lang='lat' dir='ltr'>“mel</span> <span class='ocrx_word' id='word_1_274' title='bbox 581 3216 596 3239; x_wconf 91' lang='grc'>”</span> <span class='ocrx_word' id='word_1_275' title='bbox 616 3216 685 3296; x_wconf 84' lang='lat' dir='ltr'>ejus</span> <span class='ocrx_word' id='word_1_276' title='bbox 701 3216 905 3296; x_wconf 85' lang='lat' dir='ltr'>jucundum;</span> <span class='ocrx_word' id='word_1_277' title='bbox 930 3237 989 3297; x_wconf 90' lang='lat' dir='ltr'>per</span> <span class='ocrx_word' id='word_1_278' title='bbox 1007 3217 1154 3278; x_wconf 86' lang='lat' dir='ltr'>“decem</span> <span class='ocrx_word' id='word_1_279' title='bbox 1173 3217 1287 3280; x_wconf 88' lang='lat' dir='ltr'>viros”</span> 
     </span>
     <span class='ocr_line' id='line_1_31' title="bbox 166 3309 1287 3395; baseline -0.002 -20"><span class='ocrx_word' id='word_1_280' title='bbox 166 3311 399 3395; x_wconf 79' lang='lat' dir='ltr'>significantur</span> <span class='ocrx_word' id='word_1_281' title='bbox 416 3331 534 3373; x_wconf 90' lang='lat' dir='ltr'>omnes</span> <span class='ocrx_word' id='word_1_282' title='bbox 551 3310 597 3372; x_wconf 90' lang='lat' dir='ltr'>illi</span> <span class='ocrx_word' id='word_1_283' title='bbox 614 3313 669 3393; x_wconf 92' lang='lat' dir='ltr'>qui</span> <span class='ocrx_word' id='word_1_284' title='bbox 687 3309 773 3373; x_wconf 86' lang='lat' dir='ltr'>tales</span> <span class='ocrx_word' id='word_1_285' title='bbox 790 3320 879 3383; x_wconf 88' lang='lat' dir='ltr'>sunt,</span> <span class='ocrx_word' id='word_1_286' title='bbox 898 3330 977 3372; x_wconf 90' lang='lat' dir='ltr'>nam</span> <span class='ocrx_word' id='word_1_287' title='bbox 992 3310 1163 3373; x_wconf 87' lang='lat' dir='ltr'>“decem&#39;’</span> <span class='ocrx_word' id='word_1_288' title='bbox 1181 3313 1287 3392; x_wconf 85' lang='lat' dir='ltr'>signi·</span> 
     </span>
     <span class='ocr_line' id='line_1_32' title="bbox 166 3406 1287 3488; baseline -0.003 -17"><span class='ocrx_word' id='word_1_289' title='bbox 166 3407 269 3471; x_wconf 81' lang='lat' dir='ltr'>licant</span> <span class='ocrx_word' id='word_1_290' title='bbox 293 3426 411 3470; x_wconf 89' lang='lat' dir='ltr'>omnes</span> <span class='ocrx_word' id='word_1_291' title='bbox 439 3416 473 3469; x_wconf 90' lang='lat' dir='ltr'>et</span> <span class='ocrx_word' id='word_1_292' title='bbox 502 3407 633 3468; x_wconf 90' lang='lat' dir='ltr'>omnia:</span> <span class='ocrx_word' id='word_1_293' title='bbox 666 3427 725 3488; x_wconf 91' lang='lat' dir='ltr'>per</span> <span class='ocrx_word' id='word_1_294' title='bbox 747 3406 836 3487; x_wconf 92' lang='lat' dir='ltr'>quod</span> <span class='ocrx_word' id='word_1_295' title='bbox 862 3407 1040 3467; x_wconf 85' lang='lat' dir='ltr'>“omiserit</span> <span class='ocrx_word' id='word_1_296' title='bbox 1068 3425 1127 3467; x_wconf 90' lang='lat' dir='ltr'>eos</span> <span class='ocrx_word' id='word_1_297' title='bbox 1154 3415 1192 3468; x_wconf 91' lang='lat' dir='ltr'>et</span> <span class='ocrx_word' id='word_1_298' title='bbox 1219 3424 1287 3468; x_wconf 90' lang='lat' dir='ltr'>non</span> 
     </span>
     <span class='ocr_line' id='line_1_33' title="bbox 166 3499 1286 3582; baseline -0.004 -16"><span class='ocrx_word' id='word_1_299' title='bbox 166 3501 353 3566; x_wconf 75' lang='lat' dir='ltr'>occiderit”</span> <span class='ocrx_word' id='word_1_300' title='bbox 372 3499 581 3582; x_wconf 86' lang='lat' dir='ltr'>significatur</span> <span class='ocrx_word' id='word_1_301' title='bbox 600 3501 689 3582; x_wconf 93' lang='lat' dir='ltr'>quod</span> <span class='ocrx_word' id='word_1_302' title='bbox 710 3520 776 3562; x_wconf 90' lang='lat' dir='ltr'>non</span> <span class='ocrx_word' id='word_1_303' title='bbox 798 3500 936 3581; x_wconf 89' lang='lat' dir='ltr'>profani,</span> <span class='ocrx_word' id='word_1_304' title='bbox 955 3501 1002 3561; x_wconf 92' lang='lat' dir='ltr'>ita</span> <span class='ocrx_word' id='word_1_305' title='bbox 1022 3519 1089 3560; x_wconf 91' lang='lat' dir='ltr'>non</span> <span class='ocrx_word' id='word_1_306' title='bbox 1110 3500 1286 3562; x_wconf 86' lang='lat' dir='ltr'>damnati:</span> 
     </span>
     <span class='ocr_line' id='line_1_34' title="bbox 167 3594 1288 3680; baseline -0.004 -20"><span class='ocrx_word' id='word_1_307' title='bbox 167 3618 226 3680; x_wconf 89' lang='lat' dir='ltr'>per</span> <span class='ocrx_word' id='word_1_308' title='bbox 246 3595 426 3659; x_wconf 85' lang='lat' dir='ltr'>Ismaelem</span> <span class='ocrx_word' id='word_1_309' title='bbox 445 3605 745 3676; x_wconf 89' lang='lat' dir='ltr'>repraesentantur</span> <span class='ocrx_word' id='word_1_310' title='bbox 763 3596 818 3676; x_wconf 93' lang='lat' dir='ltr'>qui</span> <span class='ocrx_word' id='word_1_311' title='bbox 842 3595 874 3655; x_wconf 91' lang='lat' dir='ltr'>in</span> <span class='ocrx_word' id='word_1_312' title='bbox 894 3594 1049 3674; x_wconf 80' lang='lat' dir='ltr'>genuinis</span> <span class='ocrx_word' id='word_1_313' title='bbox 1067 3595 1155 3656; x_wconf 90' lang='lat' dir='ltr'>veris</span> <span class='ocrx_word' id='word_1_314' title='bbox 1175 3594 1288 3657; x_wconf 86' lang='lat' dir='ltr'>eccle·</span> 
     </span>
     <span class='ocr_line' id='line_1_35' title="bbox 167 3687 1288 3771; baseline 0 -19"><span class='ocrx_word' id='word_1_315' title='bbox 167 3693 236 3754; x_wconf 90' lang='lat' dir='ltr'>siae</span> <span class='ocrx_word' id='word_1_316' title='bbox 253 3700 342 3762; x_wconf 91' lang='lat' dir='ltr'>sunt,</span> <span class='ocrx_word' id='word_1_317' title='bbox 361 3690 451 3771; x_wconf 93' lang='lat' dir='ltr'>quod</span> <span class='ocrx_word' id='word_1_318' title='bbox 468 3691 572 3752; x_wconf 88' lang='lat' dir='ltr'>etiam</span> <span class='ocrx_word' id='word_1_319' title='bbox 589 3687 797 3770; x_wconf 85' lang='lat' dir='ltr'>significatur</span> <span class='ocrx_word' id='word_1_320' title='bbox 814 3708 872 3769; x_wconf 91' lang='lat' dir='ltr'>per</span> <span class='ocrx_word' id='word_1_321' title='bbox 890 3694 908 3719; x_wconf 87' lang='lat'>‘¹</span> <span class='ocrx_word' id='word_1_322' title='bbox 920 3708 1034 3750; x_wconf 90' lang='lat' dir='ltr'>semen</span> <span class='ocrx_word' id='word_1_323' title='bbox 1052 3690 1148 3769; x_wconf 87' lang='lat' dir='ltr'>regni</span> <span class='ocrx_word' id='word_1_324' title='bbox 1157 3689 1206 3752; x_wconf 91' lang='lat' dir='ltr'>”e</span> <span class='ocrx_word' id='word_1_325' title='bbox 1222 3709 1288 3771; x_wconf 91' lang='lat' dir='ltr'>quo</span> 
     </span>
     <span class='ocr_line' id='line_1_36' title="bbox 167 3781 1288 3855; baseline -0.002 -7"><span class='ocrx_word' id='word_1_326' title='bbox 167 3796 251 3848; x_wconf 90' lang='lat' dir='ltr'>erat.</span> <span class='ocrx_word' id='word_1_327' title='bbox 305 3783 403 3847; x_wconf 89' lang='lat' dir='ltr'>Talia</span> <span class='ocrx_word' id='word_1_328' title='bbox 430 3783 608 3845; x_wconf 89' lang='lat' dir='ltr'>involvunt</span> <span class='ocrx_word' id='word_1_329' title='bbox 639 3783 722 3845; x_wconf 87' lang='lat' dir='ltr'>haec</span> <span class='ocrx_word' id='word_1_330' title='bbox 755 3781 925 3855; x_wconf 86' lang='lat' dir='ltr'>historica,</span> <span class='ocrx_word' id='word_1_331' title='bbox 955 3801 1032 3843; x_wconf 90' lang='lat' dir='ltr'>nam</span> <span class='ocrx_word' id='word_1_332' title='bbox 1060 3781 1226 3845; x_wconf 88' lang='lat' dir='ltr'>historica</span> <span class='ocrx_word' id='word_1_333' title='bbox 1254 3785 1288 3846; x_wconf 94' lang='lat' dir='ltr'>in</span> 
     </span>
     <span class='ocr_line' id='line_1_37' title="bbox 167 3876 1191 3961; baseline -0.004 -18"><span class='ocrx_word' id='word_1_334' title='bbox 167 3878 284 3943; x_wconf 91' lang='lat' dir='ltr'>Verbo</span> <span class='ocrx_word' id='word_1_335' title='bbox 303 3899 409 3961; x_wconf 90' lang='lat' dir='ltr'>aeque</span> <span class='ocrx_word' id='word_1_336' title='bbox 428 3877 556 3941; x_wconf 88' lang='lat' dir='ltr'>habent</span> <span class='ocrx_word' id='word_1_337' title='bbox 576 3895 712 3939; x_wconf 88' lang='lat' dir='ltr'>sensum</span> <span class='ocrx_word' id='word_1_338' title='bbox 731 3877 901 3939; x_wconf 89' lang='lat' dir='ltr'>internum</span> <span class='ocrx_word' id='word_1_339' title='bbox 920 3896 958 3939; x_wconf 88' lang='lat' dir='ltr'>ac</span> <span class='ocrx_word' id='word_1_340' title='bbox 979 3876 1191 3958; x_wconf 90' lang='lat' dir='ltr'>prophetica.</span> 
     </span>
    </p>
   </div>
   <div class='ocr_carea' id='block_1_5' title="bbox 230 3973 574 4059">
    <p class='ocr_par' dir='ltr' id='par_1_5' title="bbox 230 3973 574 4059">
     <span class='ocr_line' id='line_1_38' title="bbox 230 3973 574 4059; baseline -0.015 -20"><span class='ocrx_word' id='word_1_341' title='bbox 230 3974 291 4059; x_wconf 71' lang='grc'><strong>[0.]</strong></span> <span class='ocrx_word' id='word_1_342' title='bbox 323 3974 429 4056; x_wconf 89' lang='lat' dir='ltr'>Apud</span> <span class='ocrx_word' id='word_1_343' title='bbox 447 3973 574 4046; x_wconf 82' lang='lat' dir='ltr'>Mosen,</span> 
     </span>
    </p>
   </div>
   <div class='ocr_carea' id='block_1_6' title="bbox 219 4104 1287 4364">
    <p class='ocr_par' dir='ltr' id='par_1_6' title="bbox 219 4104 1287 4364">
     <span class='ocr_line' id='line_1_39' title="bbox 219 4104 1287 4174; baseline -0.002 -17"><span class='ocrx_word' id='word_1_344' title='bbox 219 4108 367 4174; x_wconf 86' lang='lat' dir='ltr'>“Jehovah</span> <span class='ocrx_word' id='word_1_345' title='bbox 384 4105 456 4155; x_wconf 89' lang='lat' dir='ltr'>Deus</span> <span class='ocrx_word' id='word_1_346' title='bbox 471 4115 532 4154; x_wconf 88' lang='lat' dir='ltr'>tuus</span> <span class='ocrx_word' id='word_1_347' title='bbox 546 4105 681 4154; x_wconf 88' lang='lat' dir='ltr'>deducens</span> <span class='ocrx_word' id='word_1_348' title='bbox 694 4115 719 4155; x_wconf 87' lang='lat' dir='ltr'>te</span> <span class='ocrx_word' id='word_1_349' title='bbox 734 4105 768 4153; x_wconf 86' lang='lat' dir='ltr'>ad</span> <span class='ocrx_word' id='word_1_350' title='bbox 787 4114 884 4155; x_wconf 87' lang='lat' dir='ltr'>terram</span> <span class='ocrx_word' id='word_1_351' title='bbox 903 4106 1012 4162; x_wconf 88' lang='lat' dir='ltr'>bonam,</span> <span class='ocrx_word' id='word_1_352' title='bbox 1030 4113 1128 4154; x_wconf 85' lang='lat' dir='ltr'>terram</span> <span class='ocrx_word' id='word_1_353' title='bbox 1143 4104 1287 4155; x_wconf 78' lang='lat' dir='ltr'>fluviorum</span> 
     </span>
     <span class='ocr_line' id='line_1_40' title="bbox 299 4170 1286 4237; baseline -0.002 -15"><span class='ocrx_word' id='word_1_354' title='bbox 299 4187 392 4237; x_wconf 87' lang='lat' dir='ltr'>aquae,</span> <span class='ocrx_word' id='word_1_355' title='bbox 404 4173 520 4221; x_wconf 89' lang='lat' dir='ltr'>fontium</span> <span class='ocrx_word' id='word_1_356' title='bbox 531 4180 557 4219; x_wconf 91' lang='lat' dir='ltr'>et</span> <span class='ocrx_word' id='word_1_357' title='bbox 567 4173 727 4233; x_wconf 81' lang='lat' dir='ltr'>abyssorum</span> <span class='ocrx_word' id='word_1_358' title='bbox 738 4172 891 4219; x_wconf 87' lang='lat' dir='ltr'>exeuntium</span> <span class='ocrx_word' id='word_1_359' title='bbox 903 4186 917 4219; x_wconf 91' lang='lat' dir='ltr'>e</span> <span class='ocrx_word' id='word_1_360' title='bbox 927 4170 996 4219; x_wconf 87' lang='lat' dir='ltr'>valle</span> <span class='ocrx_word' id='word_1_361' title='bbox 1008 4179 1035 4218; x_wconf 87' lang='lat' dir='ltr'>et</span> <span class='ocrx_word' id='word_1_362' title='bbox 1047 4185 1061 4218; x_wconf 88' lang='lat' dir='ltr'>e</span> <span class='ocrx_word' id='word_1_363' title='bbox 1072 4179 1176 4228; x_wconf 86' lang='lat' dir='ltr'>monte,</span> <span class='ocrx_word' id='word_1_364' title='bbox 1189 4181 1286 4220; x_wconf 87' lang='lat' dir='ltr'>terram</span> 
     </span>
     <span class='ocr_line' id='line_1_41' title="bbox 298 4235 1285 4298; baseline -0.003 -10"><span class='ocrx_word' id='word_1_365' title='bbox 298 4239 378 4289; x_wconf 86' lang='lat' dir='ltr'>tritici</span> <span class='ocrx_word' id='word_1_366' title='bbox 391 4247 417 4286; x_wconf 90' lang='lat' dir='ltr'>et</span> <span class='ocrx_word' id='word_1_367' title='bbox 429 4237 531 4292; x_wconf 88' lang='lat' dir='ltr'>hordei,</span> <span class='ocrx_word' id='word_1_368' title='bbox 546 4246 572 4285; x_wconf 89' lang='lat' dir='ltr'>et</span> <span class='ocrx_word' id='word_1_369' title='bbox 584 4236 647 4285; x_wconf 85' lang='lat' dir='ltr'>vitis</span> <span class='ocrx_word' id='word_1_370' title='bbox 659 4246 685 4285; x_wconf 86' lang='lat' dir='ltr'>et</span> <span class='ocrx_word' id='word_1_371' title='bbox 698 4237 770 4294; x_wconf 81' lang='lat' dir='ltr'>fieus,</span> <span class='ocrx_word' id='word_1_372' title='bbox 782 4246 808 4285; x_wconf 86' lang='lat' dir='ltr'>et</span> <span class='ocrx_word' id='word_1_373' title='bbox 820 4236 1008 4298; x_wconf 77' lang='lat' dir='ltr'>malogranati,</span> <span class='ocrx_word' id='word_1_374' title='bbox 1020 4245 1120 4284; x_wconf 83' lang='lat' dir='ltr'>terram</span> <span class='ocrx_word' id='word_1_375' title='bbox 1133 4235 1222 4285; x_wconf 80' lang='lat' dir='ltr'>olivae</span> <span class='ocrx_word' id='word_1_376' title='bbox 1234 4237 1285 4285; x_wconf 87' lang='lat' dir='ltr'>olel</span> 
     </span>
     <span class='ocr_line' id='line_1_42' title="bbox 298 4302 710 4364; baseline -0.007 -10"><span class='ocrx_word' id='word_1_377' title='bbox 298 4315 326 4354; x_wconf 88' lang='lat' dir='ltr'>et</span> <span class='ocrx_word' id='word_1_378' title='bbox 337 4304 425 4353; x_wconf 86' lang='lat' dir='ltr'>mellis</span> <span class='ocrx_word' id='word_1_379' title='bbox 433 4303 446 4321; x_wconf 85' lang='lat'>&#39;¹</span> <span class='ocrx_word' id='word_1_380' title='bbox 458 4303 561 4364; x_wconf 81' lang='lat' dir='ltr'>(Deutr.</span> <span class='ocrx_word' id='word_1_381' title='bbox 572 4302 626 4351; x_wconf 89' lang='lat' dir='ltr'>viii.</span> <span class='ocrx_word' id='word_1_382' title='bbox 638 4314 660 4362; x_wconf 86' lang='lat'>7,</span> <span class='ocrx_word' id='word_1_383' title='bbox 672 4303 710 4362; x_wconf 87' lang='lat'>8):</span> 
     </span>
    </p>
   </div>
   <div class='ocr_carea' id='block_1_7' title="bbox 168 4433 1280 4508">
    <p class='ocr_par' dir='ltr' id='par_1_7' title="bbox 168 4433 1280 4508">
     <span class='ocr_line' id='line_1_43' title="bbox 168 4433 1280 4508; baseline -0.009 -4"><span class='ocrx_word' id='word_1_384' title='bbox 168 4438 369 4504; x_wconf 89' lang='lat' dir='ltr'>describitur</span> <span class='ocrx_word' id='word_1_385' title='bbox 389 4437 436 4498; x_wconf 91' lang='lat' dir='ltr'>ita</span> <span class='ocrx_word' id='word_1_386' title='bbox 456 4444 546 4498; x_wconf 89' lang='lat' dir='ltr'>terra</span> <span class='ocrx_word' id='word_1_387' title='bbox 568 4433 706 4497; x_wconf 88' lang='lat' dir='ltr'>Canaan</span> <span class='ocrx_word' id='word_1_388' title='bbox 730 4436 762 4497; x_wconf 91' lang='lat' dir='ltr'>in</span> <span class='ocrx_word' id='word_1_389' title='bbox 783 4455 883 4498; x_wconf 87' lang='lat' dir='ltr'>sensu</span> <span class='ocrx_word' id='word_1_390' title='bbox 902 4433 1046 4508; x_wconf 85' lang='lat' dir='ltr'>litterae,</span> <span class='ocrx_word' id='word_1_391' title='bbox 1068 4443 1103 4496; x_wconf 93' lang='lat' dir='ltr'>at</span> <span class='ocrx_word' id='word_1_392' title='bbox 1127 4434 1159 4496; x_wconf 92' lang='lat' dir='ltr'>in</span> <span class='ocrx_word' id='word_1_393' title='bbox 1184 4451 1280 4496; x_wconf 89' lang='lat' dir='ltr'>sensu</span> 
     </span>
    </p>
   </div>
   <div class='ocr_carea' id='block_1_8' title="bbox 0 0 1355 4988">
    <p class='ocr_par' dir='ltr' id='par_1_8' title="bbox 0 0 1355 4988">
     <span class='ocr_line' id='line_1_44' title="bbox 0 0 1355 4988; baseline 0 0"><span class='ocrx_word' id='word_1_394' title='bbox 0 0 1355 4988; x_wconf 95' lang='lat' dir='ltr'> </span> 
     </span>
    </p>
   </div>
  </div>
 </body>
</html>
