2684 4988
419 482 725 542 cenv111.,vens.
746 483 872 550 13.-u.
892 483 960 552 532.
1162 485 1242 550 1319

185 649 264 713 Quod
275 648 354 714 Jesus
369 649 396 698 in
409 649 590 700 Gethsemnne
602 651 687 700 tribus
699 651 801 701 vicibus
814 651 931 701 oraverit
942 649 1048 712 (Marti.
1062 651 1134 700 xxvi.
1147 662 1186 712 39,
1198 661 1239 708 42.

228 715 354 843 offl'sus
367 781 433 828 horn
445 781 524 830 tertia
538 780 736 842 crucifigeretur
747 780 842 842 (Marc.
852 796 895 831 xv.
907 781 964 842 25);

210 845 262 894 uod
278 854 340 893 tunc
354 847 480 894 tenebrae
494 843 582 895 indiae
599 847 655 895 sint
672 861 752 908 super
766 847 919 895 universam
934 854 1034 895 terram
1052 845 1137 894 tribus
1154 844 1239 902 horis,

259 910 293 957 ab
310 910 378 957 hora
395 919 470 958 sexta
487 911 521 959 ad
540 925 648 966 nonam.
665 920 692 959 et
708 911 779 973 quod
797 921 860 960 tunc
875 911 973 960 dixerit
990 909 1240 959 “Consummatum

260 974 327 1051 est,”
345 984 371 1022 et
389 976 565 1036 exspiraverit
582 976 691 1037 (Mami.
705 976 786 1025 xxvii.
801 988 848 1036 45:
865 977 950 1025 Marc.
965 990 1008 1024 xv.
1025 972 1091 1039 [33‚]
1105 987 1152 1036 373
1176 974 1240 1038 Joh.

184 1040 414 1167 Quodxgbffilius
431 1104 474 1153 die
492 1105 571 1154 tertio
588 1106 764 1155 resurrexerit
781 1104 888 1165 (Matri.
900 1105 992 1155 xxviii.
1004 1117 1034 1162 1;
1052 1106 1136 1154 Marc.
1145 1103 1199 1153 xvi.
1211 1115 1241 1161 2:

258 1170 321 1218 Luc.
333 1170 404 1219 xxiv.
418 1182 447 1227 1;
468 1171 531 1234 Joh.
542 1185 584 1219 xx.
600 1170 629 1230 ι).

131 1329 185 1393 Ex
208 1330 261 1394 his
283 1342 441 1394 constare
460 1341 575 1413 potest
598 1332 688 1416 quod
712 1352 868 1396 numerus
888 1333 1052 1396 ternarius
1072 1329 1241 1413 significa-

131 1426 214 1488 verit
234 1435 506 1488 consummatum
526 1447 584 1488 seu
603 1425 811 1509 completum
832 1426 875 1489 ad
895 1424 1006 1499 finem,
1027 1425 1167 1507 proinde
1189 1425 1241 1486 in·

132 1528 262 1600 tegram
291 1520 463 1600 periodum
495 1519 655 1600 majorem
682 1530 740 1582 aut
768 1521 982 1594 minorem,a
1009 1519 1171 1601 principio
1197 1517 1241 1582 ad

131 1611 239 1675 linem.
294 1612 349 1675 Ex
380 1613 438 1675 illo
467 1633 606 1676 numero
636 1612 780 1696 simplici
806 1613 946 1677 trahunt
975 1612 1086 1695 plures
1114 1614 1241 1676 numeri

129 1707 310 1787 compositi
328 1727 405 1769 suas
422 1706 697 1788 significationes,
715 1716 813 1789 prout
832 1707 863 1782 6,
876 1725 906 1788 9,
925 1723 971 1782 12,
985 1707 1038 1779 60,
1052 1722 1103 1787 72,
1124 1708 1240 1789 quiex

130 1823 170 1863 eo
189 1800 381 1883 significant
401 1804 514 1864 omnia
533 1824 611 1865 vera
634 1813 669 1865 et
693 1803 782 1865 bona
805 1804 838 1864 in
857 1801 1060 1884 complexu;
1089 1801 1242 1864 similiter

128 1896 258 1957 numeri
283 1911 332 1974 30,
348 1911 418 1975 300,
437 1911 537 1975 3000;
566 1897 725 1978 quoniam
748 1896 875 1959 numeri
898 1897 1077 1978 compositi
1102 1895 1241 1958 trahunt

127 2009 205 2051 suas
222 1988 485 2070 significationes
505 2011 548 2052 ex
566 1991 711 2052 numeris
727 1989 933 2071 simplicibus
950 2011 994 2052 ex
1011 1989 1129 2071 quibus
1147 2009 1241 2052 com-

127 2084 231 2164 positi
247 2093 337 2157 sunt‚
355 2093 391 2146 ut
409 2105 507 2164 supra
523 2084 556 2146 in
573 2084 636 2146 hoc
654 2083 797 2147 articulo
812 2081 938 2146 dietum
955 2092 1017 2145 est.
1064 2083 1243 2146 Praeterea

127 2177 303 2240 sciendum
323 2187 375 2240 est
395 2177 484 2259 quod
504 2197 660 2239 numerus
680 2179 844 2240 ternarius
864 2198 922 2239 seu
943 2176 1059 2239 “tria’'
1075 2178 1107 2239 in
1126 2175 1242 2240 Verbo

127 2272 366 2352 praedicentur
389 2271 430 2333 de
454 2272 550 2346 veris,
575 2281 611 2334 at
636 2270 757 2334 “duo'’
780 2281 815 2335 et
840 2270 1035 2352 “quatuor''
1058 2271 1102 2351 de
1124 2271 1239 2333 bonis:

129 2385 230 2427 causa
249 2376 302 2427 est
322 2366 398 2446 quia
420 2354 514 2426 “duo
523 2363 538 2388 ’⁹
556 2374 590 2426 et
609 2370 782 2446 “quatuor
791 2364 806 2388 ”
822 2364 1012 2447 significant
1032 2362 1240 2445 conjunelio·

130 2478 218 2534 nem,
237 2458 354 2521 “tria''
373 2468 486 2521 autem
507 2458 751 2540 plenitudinem
763 2481 771 2536 ;
795 2472 830 2524 et
850 2456 1040 2539 conjunctio
1060 2459 1241 2541 spiritualis

130 2563 182 2616 est
205 2573 311 2626 amor,
331 2564 366 2615 et
390 2573 490 2615 omne
513 2553 638 2615 bonum
662 2563 714 2616 est
738 2555 872 2628 amoris,
892 2563 927 2617 et
951 2553 1126 2636 plenitudo
1145 2555 1241 2636 spiri-

131 2648 230 2710 tualis
247 2648 410 2710 formatur
426 2667 485 2728 per
497 2668 585 2727 vera.
632 2646 696 2727 Qui
714 2667 781 2708 non
798 2648 862 2709 scit
878 2648 968 2731 quod
981 2667 1099 2710 omnes
1113 2648 1241 2710 numeri

130 2743 163 2803 in
179 2740 296 2804 Verbo
312 2739 514 2822 significent,
532 2760 600 2802 non
616 2741 715 2803 aliter
731 2742 863 2820 cogitat
883 2751 918 2803 et
934 2741 1051 2813 credit,
1070 2759 1170 2822 quam
1187 2740 1242 2803 ubi

132 2835 227 2897 “duo
251 2846 286 2897 et
314 2834 407 2898 tres''
430 2853 469 2896 ac
495 2840 593 2897 “tres
620 2844 655 2896 et
680 2833 846 2916 quatuor”
870 2835 904 2897 in
929 2833 1046 2897 Verbo
1073 2835 1239 2907 dicuntur,

133 2927 252 3012 [quod]
272 2929 509 3009 intelligantur
527 2929 593 2990 duo
617 2939 652 2990 et
672 2939 752 3002 tres,
772 2939 831 2990 aut
850 2929 957 3010 pauci,
977 2948 1016 2990 ac
1037 2947 1104 2990 non
1123 2946 1242 2990 omnes

130 3024 184 3105 qui
217 3024 251 3085 in
284 3023 374 3085 bono
407 3032 442 3085 et
476 3043 555 3085 vero
588 3032 677 3095 sunt,
710 3032 746 3084 ut
780 3024 812 3084 in
846 3022 1063 3103 sequentibus
1097 3020 1243 3085 locis:-

130 3116 233 3199 Apud
252 3115 404 3191 Esaiam,

180 3270 198 3292 ‘⁴
208 3268 403 3331 Relinquentur
416 3269 444 3317 in
458 3283 492 3319 eo
505 3268 702 3317 racematlones
716 3268 784 3317 sicut
797 3269 825 3317 in
841 3268 1001 3317 deeussione
1016 3269 1093 3318 oleae
1105 3268 1174 3317 duae
1186 3277 1242 3318 tres

259 3336 357 3460 &ecee
367 3335 395 3382 in
404 3334 492 3397 capite
501 3334 569 3383 rami
580 3348 586 3392 ;
598 3343 713 3397 quatuor
722 3333 838 3397 quinque
848 3333 875 3381 in
886 3333 969 3382 ramis
979 3330 1133 3383 fructiferae
1141 3332 1155 3352 '⁵
1165 3333 1241 3396 (xvii.

130 3552 241 3631 agitur
264 3550 309 3612 ibi
332 3549 375 3611 de
397 3549 591 3611 vastatione
610 3546 784 3619 ecclesiae,
805 3556 839 3608 et
863 3546 985 3608 dicitur
1006 3547 1072 3609 hoc
1096 3545 1138 3610 de
1159 3548 1241 3611 resi·

129 3644 202 3706 duis
222 3644 336 3726 paucis
356 3643 464 3725 quiin
487 3643 577 3704 bono
595 3651 630 3705 et
649 3661 729 3704 vero
748 3650 848 3718 sunt;
879 3641 1089 3722 comparatio
1108 3639 1146 3705 fit
1165 3661 1241 3705 cum

129 3739 328 3800 decussione
355 3737 462 3812 oleae,
487 3738 564 3818 quia
590 3755 649 3817 per
678 3735 816 3823 “oleam
826 3734 840 3758 ''
863 3734 1072 3816 significatur
1097 3736 1242 3799 ecclesia

129 3832 240 3914 quoad
264 3833 389 3894 bonum
412 3832 547 3905 amoris,
572 3841 607 3895 et
631 3851 690 3912 per
715 3829 879 3893 “ramos”
898 3849 977 3892 vera
999 3830 1097 3894 inde:
1127 3830 1242 3893 “duae

129 3925 222 3989 tres''
245 3926 438 4007 significant
462 3945 587 4007 paucos
615 3926 670 4007 qui
696 3925 729 3987 in
756 3924 847 3987 bono
873 3933 909 3987 et
935 3924 1013 3987 inde
1036 3925 1123 3987 veris
1149 3933 1240 3999 sunt,

131 4021 253 4082 “duo''
272 4022 396 4082 bonum
417 4029 452 4082 et
474 4026 571 4082 “tres
580 4018 595 4043 ’'
614 4039 712 4096 vera;
737 4028 772 4081 et
794 4026 966 4101 “quatuor
983 4019 1128 4100 quinque
1137 4017 1152 4042 ”
1171 4019 1240 4099 sig·

130 4113 267 4177 nificant
291 4134 417 4196 paucos
440 4115 495 4195 qui
518 4115 550 4177 in
574 4113 675 4187 bono,
702 4118 874 4195 “quatuor
885 4111 899 4136 ”
922 4111 998 4175 illos
1020 4113 1076 4194 qui
1098 4113 1132 4174 in
1151 4111 1241 4175 bono

129 4218 164 4271 et
185 4208 381 4291 “quinque''
401 4227 545 4290 paucos:
573 4217 608 4270 et
628 4208 706 4289 quia
730 4214 903 4289 “quatuor
925 4207 1069 4289 quinque
1078 4204 1093 4229 '⁹
1112 4203 1238 4285 signifi·

129 4312 208 4366 cant
232 4322 357 4384 paucos
381 4303 436 4384 qui
461 4304 494 4364 in
518 4303 618 4376 bono,
642 4301 719 4365 ideo
742 4301 874 4374 dicitur,
901 4304 1073 4382 “quatuor
1095 4299 1240 4381 quinque

128 4397 162 4459 in
184 4399 285 4460 ramis
308 4393 494 4460 fructiferae
507 4395 533 4475 ;’'
569 4395 672 4459 “olea
695 4392 882 4459 fructifera'
906 4392 1074 4476 significat
1100 4391 1177 4457 illos
1205 4392 1239 4455 in
