2684 4988
332 473 404 526 cnr.
420 475 485 540 vn,
503 475 607 527 vens.
628 478 756 527 12.-n.
770 462 898 550 4or[b].
1119 468 1184 553 869

138 635 220 720 unte
234 659 328 705 corona
346 643 523 708 stellarum
546 644 754 720 duodecim,”
771 648 875 711 etiam
897 649 931 711 in
954 649 1183 733 explicatione

143 724 289 800 miretur.
326 736 408 802 Inde
426 738 550 802 dicitur
568 760 588 802 a
607 739 749 816 Davide,

167 864 848 932 ”nnmremerrnmmrocutaestnarrentanis
851 913 921 932 .....
926 851 1180 934 ercunuxinaturae.

214 948 263 984 cum
273 938 350 987 oritur
362 938 413 996 sol,
428 949 548 989 matutae
560 940 620 989 sine
638 941 753 991 nubibus
769 956 786 990 a
802 942 945 1005 splendore
963 951 1024 1004 post
1041 943 1183 1006 pluviam··

153 1012 157 1019 ·
212 999 234 1062 (π
244 1002 304 1052 Sane
314 1003 385 1055 xxiii.
398 1015 422 1065 3,
435 1006 477 1066 4):

108 1126 282 1209 'procum
304 1131 462 1196 Israelis”
479 1141 516 1196 et
539 1152 599 1214 per
617 1133 780 1196 “Petram
805 1133 961 1196 Israelis”
983 1134 1183 1216 intelligitur

116 1214 234 1284 lluninus
244 1224 351 1306 quoad
365 1225 545 1289 ecclesiam
558 1236 593 1289 et
605 1228 716 1309 quoad
733 1226 892 1289 Divinum
907 1227 1033 1290 Verum
1051 1229 1105 1300 ibi,
1123 1249 1182 1309 per

114 1310 209 1380 'Deum
220 1316 379 1403 ’Israelis'
391 1320 504 1402 quoad
519 1318 709 1394 ecclesiam,
723 1330 758 1382 et
774 1341 834 1402 per
847 1321 1008 1383 “Petram
1027 1321 1159 1383 Israelis
1167 1321 1183 1344 ’⁹

110 1409 184 1489 prad
202 1409 356 1474 Divinum
376 1411 506 1475 Verum
525 1413 569 1476 ibi
580 1435 589 1490 ;
612 1423 648 1476 et
666 1414 744 1496 quia
764 1413 927 1475 Dominus
946 1425 998 1476 est
1018 1413 1077 1476 Sol
1098 1414 1182 1477 caeli

108 1503 218 1583 melici,
230 1516 266 1568 et
282 1505 443 1569 Divinum
457 1504 584 1568 Verum
601 1507 788 1587 procedens
807 1508 850 1568 ab
864 1506 942 1588 Ipso
955 1519 1006 1570 est
1024 1508 1082 1569 lux
1096 1507 1182 1570 illius

107 1597 166 1671 out
184 1598 258 1662 ideo
284 1599 408 1663 dicitur
433 1600 477 1663 de
504 1599 627 1663 Divino
649 1601 739 1683 quod
768 1599 900 1681 locutus
928 1611 991 1673 est,
1015 1601 1108 1682 quod
1130 1611 1181 1663 est

105 1681 221 1754 lirinum
238 1692 379 1766 Verum,
397 1694 512 1757 “sicut
529 1692 589 1756 lux
605 1704 768 1766 matutae,
786 1713 862 1756 cum
879 1696 983 1756 oritur
999 1693 1050 1756 sol
1063 1694 1088 1771 ;”
1107 1697 1183 1775 quia

104 1775 140 1846 lor
154 1796 199 1847 est
218 1805 348 1867 purum,
369 1796 403 1850 et
428 1787 581 1869 procedit
601 1808 645 1849 ex
670 1786 794 1849 Divino
813 1786 943 1850 Amore
968 1787 1086 1869 Ipsius,
1106 1788 1182 1849 ideo

104 1875 206 1952 unitur,
225 1888 407 1943 “matutae
423 1882 495 1943 sine
512 1881 653 1943 nubibus
671 1901 692 1942 a
710 1880 892 1961 splendore
908 1892 985 1963 post
1006 1881 1182 1962 pluviam,''

104 1970 223 2050 plendor
245 1975 336 2035 enim
364 1973 446 2036 lucis
469 1994 528 2036 seu
555 1973 668 2036 Divini
692 1973 772 2036 Veri
800 1975 1015 2056 procedentis
1037 1975 1080 2036 ab
1104 1973 1183 2055 Ipso

104 2076 176 2128 nex
194 2067 318 2129 Divino
331 2065 481 2144 Amore3
503 2074 609 2148 “post
626 2067 774 2148 pluviam
783 2067 797 2090 ”
809 2066 978 2147 significat
995 2078 1072 2148 post
1089 2087 1181 2129 com·

104 2161 327 2223 intricationem
350 2172 385 2224 et
407 2163 647 2243 receptionem,
668 2180 745 2223 nam
765 2161 925 2242 splendor
943 2161 1012 2241 ejus
1031 2172 1110 2223 tunc
1130 2171 1182 2223 est

104 2253 156 2334 pud
175 2254 317 2335 angelos
339 2266 375 2318 et
398 2254 552 2317 homines
575 2274 651 2317 cum
670 2255 790 2337 quibus
813 2255 1081 2317 communicatur
1104 2267 1138 2316 et
1161 2275 1182 2317 a

104 2343 186 2406 uibus
211 2346 382 2427 recipitur.
433 2361 518 2420 (Quod
529 2357 543 2375 '⁶
552 2361 643 2407 Petra”
654 2369 678 2406 et
689 2357 703 2376 “
712 2362 785 2419 [apis
800 2361 893 2406 Israelis
901 2361 914 2376 '⁸
925 2362 955 2406 sit
970 2361 1088 2406 Dominus
1102 2362 1184 2418 quood

104 2432 180 2477 uuum
194 2433 292 2486 Verum,
303 2433 413 2478 vidntur
427 2447 451 2479 n.
462 2435 530 2491 6426,
541 2436 608 2490 85⁸1,
622 2437 706 2490 rosio:
726 2442 749 2478 et
765 2435 832 2490 quod
849 2433 902 2478 Lux
918 2434 947 2478 sit
964 2434 1076 2478 Divinum
1093 2434 1183 2478 Verum

104 2501 221 2545 medan
237 2500 344 2546 Domino
354 2509 380 2546 ut
396 2501 460 2554 Sole,
471 2501 504 2546 ita
514 2515 544 2546 ex
561 2501 650 2547 Divino
660 2503 750 2547 Amore
767 2501 852 2559 Ipsius,
863 2502 887 2545 in
898 2515 970 2558 opere
982 2502 1020 2545 De
1033 2502 1102 2546 Caelo
1112 2503 1184 2546 etlu-

104 2573 314 2634 muorro.)
356 2558 521 2623 Similiter
538 2560 663 2623 dicitur
680 2558 723 2622 de
741 2560 938 2622 amantibus
958 2559 1126 2639 Jehovam
1148 2561 1181 2621 in

104 2642 169 2709 ’ἕδνα
183 2648 353 2724 Judicum,

193 2790 348 2840 “Amantes
362 2789 455 2854 lpsurn
467 2790 535 2840 sicut
547 2790 610 2840 oriri
622 2791 689 2840 solis
701 2791 728 2839 in
741 2791 862 2854 potentia
874 2804 923 2839 sua
931 2789 945 2809 '⁹
957 2789 992 2852 (v.
1003 2789 1060 2852 31):

104 2918 162 2999 {uod
185 2919 389 3000 “Jehovah”
415 2919 447 2982 in
476 2918 594 2982 Verbo
620 2920 664 2983 sit
692 2918 857 2981 Dominus
884 2919 994 3000 quoad
1025 2919 1182 2981 DIvinum

104 3002 201 3072 Bonum
217 3010 334 3074 Divini
353 3009 505 3084 Amoris,
521 3010 680 3072 videatur
698 3010 731 3071 in
750 3009 901 3071 Arcanis
922 3008 951 3072 C
951 3008 1130 3072 aelestibus
1148 3026 1182 3079 ln.

104 3110 146 3168 ml.
155 3127 214 3171 ψ,
227 3126 296 3173 ³⁰35·
310 3127 379 3174 504¹·
393 3117 461 3172 6303.
472 3115 540 3167 ⁶281,
551 3115 619 3172 8864,
630 3124 698 3172 9315,
708 3126 776 3171 9373,
790 3113 895 3173 10146);
922 3098 964 3158 de
987 3097 1182 3159 amantibus

104 3180 184 3266 lpum
199 3191 330 3264 dicitur,
352 3190 466 3253 “sicut
485 3191 562 3253 oriri
580 3189 660 3252 solis
682 3190 715 3250 in
739 3189 893 3270 potentia
911 3188 998 3262 sua,''
1017 3208 1075 3269 per
1092 3187 1183 3269 quod

104 3276 272 3359 significatur
295 3283 437 3346 Divinus
465 3283 601 3346 Domini
624 3281 734 3344 Amor
756 3283 788 3343 in
812 3282 895 3343 illis:
927 3282 970 3344 de
992 3281 1057 3343 illis
1079 3282 1182 3343 etiam

104 3366 189 3439 dcitur
203 3378 294 3460 quod
315 3376 519 3457 “fulgebunt
538 3377 625 3439 sicut
644 3374 726 3450 sol,”
744 3375 832 3456 apud
851 3373 1070 3448 Matthaeum,

208 3516 303 3582 “Junci
314 3515 455 3578 fulgebunt
467 3526 495 3566 ut
507 3516 548 3566 sol
561 3516 588 3565 ln
601 3529 685 3579 regno
699 3515 785 3564 Patris
797 3510 876 3563 1¹1rnei
884 3513 899 3533 ’¹
910 3514 975 3576 (xiii.
985 3514 1042 3576 43):

106 3636 196 3719 '‘iisd''
215 3648 248 3710 in
271 3645 391 3708 Verbo
414 3644 571 3709 dicuntur
593 3645 649 3727 qui
672 3653 789 3707 amant
813 3643 1006 3716 Dominum,
1031 3643 1095 3706 hoc
1120 3652 1182 3712 est,

104 3747 248 3803 tumore
274 3739 401 3803 faciunt
428 3748 609 3821 praecepta
633 3738 759 3820 Ipsius;
788 3749 822 3800 et
846 3737 892 3799 illi
919 3737 1049 3817 fulgent
1072 3737 1183 3818 quoad

104 3820 183 3896 telem
195 3834 313 3915 jubare
329 3833 416 3896 sicut
433 3852 476 3895 ex
493 3830 575 3907 sole,
587 3833 668 3913 quia
685 3831 825 3893 Divinus
842 3829 952 3892 Amor
967 3830 1103 3892 Domini
1120 3829 1184 3893 illis

104 3930 332 3991 :mmunicatur
347 3937 384 3989 et
402 3927 446 3988 ab
464 3925 530 3987 illis
548 3927 715 4006 recipitur,
736 3945 780 3986 ex
801 3944 867 4005 quo
890 3922 1054 3985 Dominus
1075 3934 1127 3986 est
1151 3926 1183 3985 in

104 4021 176 4084 tedio
190 4041 318 4094 eorum,
336 4021 401 4083 hoc
418 4029 482 4093 est,
499 4019 532 4081 in
549 4019 760 4081 interioribus
776 4036 902 4091 eorum,
919 4037 1005 4098 quae
1024 4037 1060 4079 se
1077 4019 1183 4079 mani·

104 4120 192 4176 islant
214 4115 248 4175 in
271 4111 368 4174 facie.
421 4126 505 4183 (Quod
516 4121 613 4184 '‘lusti''
624 4124 734 4169 dicantur
745 4125 786 4182 qui
800 4124 824 4168 in
838 4125 904 4169 bono
914 4125 1002 4170 amoris
1012 4125 1036 4170 in
1051 4123 1184 4169 Dominum

104 4209 335 4266 amatunam,
346 4220 371 4252 ιι.
384 4204 505 4266 204[l].)
547 4188 652 4271 Apud
668 4188 845 4263 Davidem,

116 4324 234 4375 “Semen
251 4322 317 4384 Ejus
330 4322 357 4370 in
368 4329 508 4368 aeternum
519 4320 576 4375 erit,
588 4329 612 4367 et
623 4319 735 4367 thronus
746 4318 811 4381 Ejus
822 4319 889 4367 sicut
897 4319 938 4367 ‘sol
949 4333 1037 4366 coram
1050 4316 1103 4373 Me,
1115 4317 1184 4365 sicut

190 4390 257 4439 luna
274 4389 369 4436 firmus
387 4387 415 4433 in
430 4395 577 4442 aeternum,
592 4397 619 4433 et
633 4384 709 4432 testis
723 4385 750 4432 in
765 4386 880 4432 nubibus
895 4383 1001 4433 fidelis”
1015 4382 1070 4443 (Ps.
1081 4381 1181 4431 lxxxix.

188 4445 516 4519 mnfflfflmmx
