2716 4986
379 493 458 542 cnr.
476 493 534 554 vn,
552 493 655 543 vens.
677 493 802 560 13.-u.
819 478 945 562 4o3[a].
1160 480 1224 560 889

84 653 224 723 similia
245 681 306 742 per
328 661 464 724 “solem
483 671 518 723 et
539 661 675 724 lunam’'
694 663 727 724 in
747 662 844 743 priori
869 661 946 724 loco
965 659 1223 742 ¹¹¹signilicantur

80 768 189 830 quae
208 775 311 836 supra
330 757 362 817 in
382 756 596 836 Apocalypsi,
617 776 739 839 nempe
763 777 821 838 per
838 756 974 818 “solem
984 756 997 778 ”
1017 776 1112 818 amor
1131 776 1222 820 mere

78 849 276 920 naturalis,
300 860 337 912 et
365 869 424 930 per
449 850 617 912 “lunam’'
642 851 754 913 lumen
783 850 938 913 naturale
966 850 1064 913 inde:
1098 860 1135 912 at
1163 870 1222 931 per

76 939 108 965 ⁴⁴
127 941 249 1004 Solem
272 953 309 1005 et
338 943 493 1006 Lunam'’
516 947 548 1006 in
577 946 753 1027 posteriori
778 945 855 1007 loco
878 945 1080 1025 intelligitur
1104 943 1162 1006 Sol
1184 953 1222 1008 et

75 1025 197 1097 Luna
214 1037 300 1099 caeli
317 1039 473 1118 angelici,
487 1049 522 1101 et
540 1060 599 1120 per
614 1047 632 1070 ‘⁴
643 1038 780 1101 Solem''
794 1039 887 1100 illum
904 1038 1114 1120 significatur
1128 1038 1222 1100 Divi·

75 1143 159 1190 nus
186 1129 299 1193 Amor
324 1133 470 1205 Domini,
495 1144 529 1194 et
553 1155 612 1215 per
634 1133 817 1195 “Lunam’'
841 1133 999 1196 Divinum
1023 1133 1161 1205 Verum,
1186 1141 1223 1194 ut

73 1238 199 1305 Supra
216 1226 427 1306 explicatum
446 1239 519 1303 est;
545 1248 622 1289 nam
641 1230 783 1309 primum
803 1229 933 1301 dicitur,
953 1227 1060 1288 “Non
1079 1228 1142 1288 erit
1163 1226 1223 1288 tibi

72 1319 245 1400 amplius
264 1321 315 1382 sol
339 1322 370 1382 in
396 1321 505 1383 lucem
529 1323 684 1394 interdiu,
705 1332 740 1384 et
764 1322 796 1383 in
817 1322 1033 1402 splendorem
1057 1320 1135 1381 luna
1154 1337 1222 1381 non

74 1406 225 1476 lucebit
247 1413 306 1476 tibi
323 1414 347 1490 ;”
370 1425 405 1477 et
427 1427 548 1496 postea
566 1417 697 1487 dicitur,
719 1415 825 1478 “Non
845 1416 979 1477 occidet
999 1415 1141 1495 amplius
1164 1411 1223 1476 Sol

74 1512 187 1579 tuus,
205 1518 242 1570 et
262 1508 358 1570 Luna
376 1521 433 1571 tua
450 1530 517 1571 non
535 1509 742 1590 colligetur.''
787 1509 841 1571 Ex
860 1510 910 1572 his
927 1530 1014 1572 nunc
1032 1518 1127 1590 patet
1143 1505 1223 1588 quid

75 1603 105 1630 ‘⁸
117 1602 204 1664 sol”
223 1613 258 1664 et
280 1602 410 1665 “luna'’
429 1602 623 1684 significant
642 1606 674 1666 in
696 1614 837 1685 utroque
855 1624 965 1665 sensu.

154 1709 426 1777 4o2.[Vm.13.]
449 1696 512 1756 Ἐἰ
535 1697 648 1758 stollas
669 1696 753 1758 cauli
775 1695 956 1758 ceciderunt
978 1695 1008 1756 in
1035 1694 1224 1757 terrum.''-
1331 1756 1336 1764 ,

76 1782 203 1867 Quod
223 1786 392 1867 significet
408 1789 498 1868 quod
510 1788 706 1867 cogm'nones
723 1788 799 1850 boni
815 1798 847 1849 et
864 1788 939 1849 veri
949 1787 1122 1868 perierint,
1140 1806 1223 1849 con·

74 1891 167 1943 stat
198 1901 247 1942 ex
275 1880 520 1960 significatione
545 1881 776 1956 “stellarum’'
799 1882 889 1963 quod
916 1883 982 1943 sint
1011 1882 1224 1961 cognitiones

75 1969 181 2036 boni
205 1985 243 2036 et
261 1976 332 2036 veri
352 1991 451 2048 (aequa
461 2003 574 2048 supmn.
586 1991 653 2054 72);
677 1984 712 2037 et
731 1996 776 2037 ex
797 1973 1049 2055 significatione
1071 1973 1223 2037 “cadere

75 2062 123 2127 in
144 2066 308 2138 terram,”
323 2067 413 2147 quod
433 2068 476 2129 sit
496 2069 613 2148 perire,
630 2087 708 2128 nam
727 2066 848 2129 stellae
867 2086 942 2128 cum
959 2067 1085 2129 cadunt
1104 2067 1137 2127 in
1154 2076 1223 2128 ter·

75 2178 170 2222 ram
191 2171 348 2242 pereunt.
393 2159 553 2224 Similiter
570 2160 777 2242 significatur
796 2181 854 2242 per

148 2293 237 2358 Quod
249 2293 369 2341 “stellae
377 2294 475 2342 cadant
482 2293 517 2342 de
527 2294 602 2342 caelo
609 2293 623 2313 ”
631 2293 711 2356 (apud
721 2293 894 2352 Mamaeum,
904 2308 962 2355 cap.
972 2293 1043 2342 xxiv.
1053 2305 1100 2355 293
1114 2303 1142 2343 et
1152 2293 1223 2356 apud

231 2359 365 2417 Marcum,
375 2373 432 2421 cap.
442 2360 496 2408 xiii.
507 2361 547 2420 25)
557 2376 562 2408 :

73 2484 241 2564 quisque
259 2481 372 2544 videre
392 2493 508 2563 potest
527 2483 618 2564 quod
637 2504 697 2565 per
714 2482 884 2545 “stellas'’
903 2502 969 2544 non
990 2482 1225 2564 intelligantur

73 2576 232 2648 stellae,
252 2574 330 2637 illae
354 2578 442 2638 enim
466 2597 534 2638 non
558 2587 699 2656 possunt
723 2576 843 2639 cadere
867 2599 885 2640 e
909 2576 1016 2650 caelo,
1037 2587 1116 2638 sunt
1134 2578 1223 2639 enim

75 2670 187 2733 fixae
205 2691 266 2731 seu
286 2671 318 2732 in
339 2670 415 2733 loco
434 2691 495 2733 suo
511 2680 634 2744 statae,
652 2691 714 2732 nec
734 2682 877 2752 possunt
894 2672 1015 2733 cadere
1034 2673 1066 2732 in
1087 2682 1222 2744 terram,

75 2767 174 2848 quia
197 2776 279 2826 sunt
303 2763 446 2845 majores
465 2777 573 2839 terra;
598 2786 700 2846 quare
724 2786 782 2846 per
800 2765 874 2827 illas
894 2765 1124 2846 significantur
1143 2764 1224 2828 talia

77 2879 183 2942 quae
204 2869 284 2920 sunt
304 2858 386 2921 lucis
403 2860 498 2932 caeli,
516 2870 550 2922 et
571 2859 654 2921 dant
676 2859 796 2933 lucem,
813 2880 898 2941 quae
915 2870 993 2922 sunt
1010 2861 1224 2940 cognitiones

80 2952 177 3016 boni
196 2963 232 3015 et
247 2955 326 3015 veri.
372 2952 552 3035 Apparent
568 2955 671 3015 etiam
688 2955 721 3015 in
737 2953 833 3015 caelo
846 2954 1002 3034 angelico
1018 2954 1150 3027 stellae,
1163 2952 1224 3016 sed

81 3047 178 3110 illae
195 3058 276 3109 sunt
293 3049 512 3129 apparentiae
528 3068 572 3110 ex
590 3047 840 3128 cognitionibus
860 3049 938 3109 boni
957 3058 992 3110 et
1009 3050 1077 3110 veri
1090 3069 1109 3135 ;1
1121 3067 1223 3128 quare

83 3154 269 3225 apparent
281 3144 405 3204 circum
420 3142 496 3205 illos
508 3144 563 3223 qui
577 3144 609 3204 in
622 3143 872 3222 cognitionibus
885 3142 950 3204 illis
963 3152 1051 3215 sunt,
1063 3142 1224 3222 imprimis

81 3236 239 3318 quando
257 3257 316 3299 eas
332 3237 445 3299 animo
460 3247 608 3309 versant,
625 3247 753 3298 etcum
772 3237 804 3298 in
822 3236 988 3298 desiderio
1004 3236 1130 3298 sciendi
1148 3234 1223 3298 illas

82 3341 188 3393 sunt.

158 3419 328 3504 4o3[a].
357 3421 473 3484 'Siout
495 3421 573 3484 icus
594 3421 698 3502 dejicit
718 3440 849 3502 ρτοττοτ
873 3439 947 3484 soor
968 3440 987 3481 α
1008 3439 1118 3501 magno
1140 3412 1226 3482 renio

85 3509 434 3592 concurru.''—Quod
453 3510 623 3591 significet
642 3532 727 3592 quas
744 3511 914 3573 naturalis
931 3510 1025 3571 lromo
1038 3520 1102 3590 per
1116 3509 1223 3573 ratio·

84 3600 281 3664 cinationes
307 3623 389 3665 suas
415 3602 632 3683 depopulatus
658 3613 717 3676 est,
742 3613 879 3665 constat
905 3624 949 3664 ex
978 3601 1224 3683 significatione

89 3694 244 3769 “ficus'’
256 3697 348 3778 quod
366 3698 409 3759 sit
426 3696 587 3759 naturalis
604 3697 716 3770 homo,
730 3698 772 3759 de
785 3718 850 3778 qua
866 3698 1034 3778 sequitur;
1058 3717 1102 3758 ex
1119 3698 1223 3777 signi·

88 3788 259 3853 frcatione
281 3795 505 3870 “grossorum
526 3790 625 3870 ejus,”
643 3790 733 3872 quod
757 3792 824 3853 sint
847 3791 904 3852 illa
922 3812 1007 3872 quae
1028 3793 1060 3852 in
1081 3791 1224 3853 naturali

89 3881 249 3957 liomine,
275 3905 361 3965 quae
389 3885 549 3966 imprimis
576 3895 654 3948 sunt
684 3885 897 3965 cognitiones
925 3884 1068 3947 naturali
1096 3885 1223 3948 homini
1287 3879 1291 3887 ’

90 3978 326 4060 implantatae
348 3980 392 4041 ab
418 3979 567 4052 infantia,
591 3990 626 4042 et
651 3981 799 4041 nondum
824 3991 986 4053 maturae,
1011 3981 1087 4061 quia
1114 3979 1222 4042 solum

91 4075 235 4136 auditae
249 4083 283 4135 et
299 4073 377 4135 inde
392 4084 548 4155 receptae
561 4096 568 4150 ;
588 4083 622 4136 et
636 4095 679 4135 ex
694 4073 938 4154 significatione
951 4082 1104 4154 “magno
1117 4086 1223 4137 vento

95 4169 297 4242 concussa,''
309 4169 400 4250 quod
417 4171 460 4231 sit
477 4190 559 4250 quas
576 4169 736 4232 naturalis
753 4170 855 4231 homo
872 4190 930 4250 per
946 4171 1223 4232 ratiocinationes

98 4261 326 4346 depopulatus
356 4273 429 4339 est3
465 4270 619 4344 “magno
649 4274 753 4325 vento
783 4264 940 4326 concuti’'
971 4262 1137 4342 significat
1168 4263 1221 4325 hic

103 4358 377 4420 ratiocinationes
404 4378 448 4418 ex
476 4356 567 4419 salsis
594 4357 682 4428 mali,
708 4377 784 4418 nam
811 4357 1023 4439 “magnum''
1047 4359 1078 4418 in
1103 4357 1220 4418 Verbo

104 4447 219 4514 dicitur
238 4451 281 4513 de
302 4449 393 4512 bono
411 4459 446 4513 et
465 4451 508 4513 de
528 4450 628 4526 malo,
650 4456 799 4513 “ventus
808 4450 822 4472 ’⁹
841 4452 883 4514 de
902 4472 982 4514 vero
1001 4461 1035 4513 et
1055 4452 1098 4513 de
1121 4450 1217 4521 salso,
