2684 4988
113 479 178 547 750
425 477 674 529 APOCALYPSIS
697 475 921 528 EXPLICATA.

114 646 295 729 spiritualis
314 647 429 722 Verbi,
450 649 483 710 in
502 669 568 730 quo
591 647 649 710 illa
672 648 901 721 continentur,
922 666 991 708 non
1012 657 1159 728 apertus
1180 644 1241 708 fuit

112 738 258 819 Judaeis,
271 741 346 822 quia
359 741 387 805 si
398 751 547 822 apertus,
562 740 852 823 profanavissent;
871 750 906 803 et
922 740 1000 802 ideo
1016 759 1082 801 nec
1096 748 1241 821 apertus

113 832 173 896 fuit
184 831 394 908 Christianis
406 834 564 915 quoniam
577 835 681 896 etiam
692 833 736 905 hi,
746 835 773 895 si
781 841 928 914 apertus,
938 832 1217 914 profanavissent
1231 853 1239 908 ;

113 924 1238 1008 ideoetiamhissicutilliscelatumfuitquodaliquissensusinter-

114 1037 175 1081 nus
185 1039 244 1080 seu
255 1019 436 1100 spiritualis
446 1021 572 1083 inesset
584 1023 695 1083 sensui
706 1021 852 1093 litterae,
864 1021 920 1102 qui
931 1017 1236 1096 naturalis,Verbi;

115 1118 217 1190 utque
237 1110 269 1172 in
286 1111 478 1191 ignorantia
494 1111 536 1173 de
552 1110 611 1173 illo
626 1121 753 1186 essent,
771 1112 940 1192 provisum
957 1119 1011 1172 est
1031 1119 1069 1171 ut
1090 1110 1237 1173 scientia

115 1203 502 1284 correspondentiarum,
526 1225 611 1286 quae
637 1205 697 1266 fuit
725 1205 866 1267 scientia
893 1204 1049 1284 primaria
1073 1203 1233 1284 antiquis,

113 1294 289 1376 deperdita
306 1296 360 1370 sit,
377 1296 425 1359 ita
441 1317 576 1378 prorsus
593 1306 629 1359 ut
649 1317 710 1360 nec
728 1299 851 1359 scitum
868 1297 911 1359 sit
930 1295 1009 1377 quid
1029 1315 1234 1377 correspon-

113 1388 240 1463 dentia,
274 1398 310 1450 et
337 1388 416 1452 inde
442 1389 522 1472 quid
549 1410 668 1452 sensus
693 1390 875 1471 spiritualis
902 1388 1026 1451 Verbi:
1059 1398 1115 1451 est
1143 1390 1232 1451 enim

114 1480 266 1544 Verbum
295 1502 353 1563 per
376 1502 486 1545 meras
514 1483 832 1564 correspondentias
859 1483 1104 1563 conscriptum,
1130 1502 1233 1563 quare

113 1574 240 1656 absque
252 1576 393 1637 scientia
406 1575 537 1638 illarum
552 1596 612 1638 nec
627 1577 703 1639 sciri
716 1577 827 1657 potuit
843 1575 922 1656 quid
935 1594 1055 1637 sensus
1068 1576 1230 1639 internus.

114 1666 191 1730 Hoc
209 1670 380 1750 provisum
397 1679 450 1732 est
466 1690 486 1732 a
502 1668 651 1732 Domino
665 1690 707 1732 ne
724 1670 978 1750 profanarentur
994 1670 1068 1749 ipsa
1083 1671 1231 1749 genuina

113 1760 203 1822 bona
219 1770 254 1823 et
271 1782 361 1835 vera,
380 1763 548 1844 inquibus
565 1773 644 1825 sunt
662 1762 747 1825 caeli
763 1763 960 1844 superiores.
996 1761 1098 1842 Quod
1115 1772 1229 1825 autem

113 1873 231 1915 sensus
251 1855 401 1917 internus
420 1877 479 1917 seu
499 1855 679 1937 spiritualis
700 1855 804 1918 Verbi
823 1855 924 1917 hodie
944 1864 1082 1936 apertus
1102 1857 1158 1925 sit,
1177 1866 1229 1918 est

113 1947 190 2028 quia
219 1947 373 2009 ultimum
401 1947 560 2028 judicium
590 1946 762 2032 peraetum
790 1957 853 2020 est,
883 1956 919 2010 et
946 1948 1025 2010 inde
1053 1950 1170 2011 omnia
1197 1950 1230 2011 in

113 2038 215 2101 caelis
235 2050 270 2102 et
294 2041 326 2102 in
350 2042 485 2104 infernis
504 2042 537 2104 in
558 2043 710 2104 ordinem
731 2038 869 2104 redaEta
885 2050 974 2113 sunt,
996 2050 1030 2103 et
1051 2043 1098 2104 sic
1119 2062 1140 2103 a
1160 2041 1230 2104 Do·

114 2134 204 2194 mino
228 2135 395 2214 provideri
423 2145 538 2217 potest
567 2156 608 2199 ne
635 2135 887 2218 profanationes
914 2136 1078 2196 existant.
1130 2133 1230 2216 Quod

114 2245 232 2288 sensus
244 2228 396 2290 internus
410 2249 468 2290 seu
484 2229 665 2310 spiritualis
681 2229 866 2310 aperiretur
878 2238 1059 2308 postquam
1073 2227 1231 2291 ultimum

110 2316 270 2397 judicium
284 2317 458 2399 pernotum
475 2329 540 2391 est,
552 2320 763 2402 praediftum
776 2329 829 2382 est
846 2319 1028 2383 aDomino
1047 2319 1080 2380 in
1097 2320 1129 2381 A
1131 2331 1231 2400 poca-

112 2407 203 2488 lypsi
217 2424 259 2476 (de
272 2436 321 2480 qua
334 2436 359 2468 re
370 2424 479 2468 sidentur
491 2424 516 2468 in
530 2426 648 2482 opusculo
660 2426 697 2470 De
711 2425 781 2483 Equo
795 2424 876 2479 Albo).
920 2405 1022 2487 Quod
1042 2426 1112 2469 non
1133 2410 1231 2471 dam·

114 2521 192 2563 num
216 2499 392 2562 inferretur
414 2501 525 2562 sensui
553 2502 688 2563 interno
712 2522 770 2563 seu
796 2501 959 2581 spirituali
983 2497 1101 2573 Verbi,
1126 2503 1231 2564 etiam

114 2594 322 2676 significatur
349 2613 408 2674 per
437 2594 525 2675 quod
554 2604 668 2657 vestes
699 2595 835 2656 Domini
864 2615 884 2656 a
912 2594 1074 2657 militibus
1103 2595 1232 2658 divisae

113 2689 245 2761 fuerint,
270 2696 305 2749 et
329 2707 396 2749 non
420 2689 535 2750 tunica
557 2709 644 2770 quae
662 2699 735 2752 erat
758 2691 938 2751 inconsuta
960 2689 1106 2770 desuper
1131 2701 1232 2753 texta

113 2790 292 2862 pertotum
304 2778 399 2860 (Jolr.
414 2781 486 2841 xix.
499 2795 550 2859 23,
561 2781 616 2858 24)
631 2802 638 2855 ;
658 2800 717 2861 per
731 2780 991 2842 “vestes''enim
1006 2780 1148 2844 Domini
1161 2783 1232 2863 sig·

113 2872 266 2935 nificatur
289 2871 452 2943 Verbum,
478 2893 536 2953 per
561 2880 703 2934 “vestes
730 2893 815 2953 quae
839 2871 988 2934 divisae”
1012 2871 1169 2937 Verbum
1198 2877 1230 2936 in

112 2967 237 3040 littera,
267 2986 326 3047 per
352 2967 531 3028 “tunicam
543 2965 557 2989 ’¹
581 2966 731 3028 Verbum
756 2967 789 3028 in
817 2986 918 3028 sensu
941 2967 1088 3039 interno,
1113 2979 1149 3030 et
1173 2989 1233 3049 per

115 3060 292 3123 “milites'’
314 3060 362 3122 illi
388 3061 443 3142 qui
468 3059 654 3122 militarent
678 3080 738 3141 pro
761 3061 848 3122 veris
870 3070 906 3123 et
929 3060 1026 3127 bonis
1050 3061 1232 3126 ecclesiae.

112 3160 198 3216 (Quod
213 3155 339 3203 ''milltes''
355 3158 488 3215 significent
502 3157 562 3209 illos,
577 3158 686 3202 videatur
698 3171 778 3215 supra,
793 3172 816 3202 n.
827 3141 870 3220 64
884 3157 938 3210 fin:
953 3164 977 3201 et
991 3159 1058 3214 quod
1073 3153 1087 3171 ¹⁸
1096 3160 1197 3205 νεειιε·Ι
1210 3162 1234 3205 in

112 3235 192 3279 Verbo
202 3233 335 3290 significent
347 3246 401 3277 vera
414 3232 535 3276 induentia
545 3233 647 3284 bonum,
659 3241 682 3276 et
698 3234 765 3289 quod
775 3238 788 3254 ‘¹
797 3242 873 3278 vestes
890 3232 985 3278 Domini
993 3231 1007 3246 '⁹
1018 3233 1155 3290 significent
1168 3235 1235 3279 Divi·

111 3322 169 3353 num
182 3308 280 3359 Verum,
292 3307 324 3351 ita
335 3307 450 3357 Verbum,
462 3307 533 3351 etiam
544 3320 623 3364 supra,
636 3320 659 3352 n.
673 3289 723 3368 64,
740 3306 818 3371 195.)

173 3393 241 3477 [ὦ]
273 3392 375 3475 Quod
393 3393 560 3456 “oleum''
576 3392 746 3474 significet
763 3395 889 3456 bonum
909 3395 1045 3469 amoris,
1063 3397 1233 3478 imprimis

112 3498 270 3549 constare
290 3495 405 3567 potest
428 3507 472 3549 ex
492 3483 705 3549 unDionibus
725 3485 813 3568 apud
836 3484 921 3548 filios
945 3485 1091 3560 Israelis,
1114 3509 1176 3551 seu
1200 3490 1232 3552 in

112 3581 256 3645 ecclesia
279 3600 405 3652 eorum,
426 3601 512 3662 quae
536 3579 662 3642 fiebant
687 3601 745 3663 per
768 3580 900 3656 oleum;
924 3581 1037 3642 omnia
1056 3583 1150 3644 enim
1176 3604 1232 3646 ec-

111 3674 233 3738 clesiae
250 3695 309 3756 per
321 3673 402 3735 illud
420 3675 717 3755 inaugurabantur,
732 3684 766 3737 et
784 3694 860 3736 cum
877 3675 1079 3754 inaugurata
1096 3676 1232 3740 fuerunt

112 3769 321 3831 vocabantur
344 3766 481 3845 sanfta3
509 3779 608 3850 prout
633 3768 741 3831 altare
769 3780 803 3831 et
830 3768 901 3848 ejus
924 3790 1015 3843 vasa,
1041 3773 1231 3834 tentorium

112 3872 300 3926 conventus
319 3872 353 3925 et
370 3864 484 3925 omnia
503 3884 588 3944 quae
605 3863 695 3936 inibi,
714 3873 786 3925 turn
806 3863 852 3924 illi
871 3864 926 3945 qui
943 3863 1140 3927 sacerdotio
1156 3865 1231 3928 fun-

110 3967 271 4039 gerentur
286 3977 324 4019 ac
342 3977 458 4020 eorum
475 3968 600 4031 vestes,
615 3968 650 4020 et
667 3959 801 4039 insuper
818 3957 1015 4040 prophetae,
1033 3942 1229 4023 et'tandem

110 4070 217 4130 reges
273 4049 422 4132 Quisque
457 4061 573 4133 potest
600 4053 713 4115 videre
750 4052 839 4134 quod
873 4053 980 4134 ipsum
1011 4052 1126 4115 oleum
1162 4050 1231 4117 non¹

110 4141 309 4218 sanftificet,
324 4145 383 4206 sed
400 4146 490 4227 quod
504 4145 536 4206 id
549 4146 639 4228 quod
653 4145 859 4226 significatur
872 4167 930 4227 per
945 4151 964 4176 “
979 4145 1124 4220 oleum,''
1136 4149 1227 4230 quod

109 4247 161 4300 est
179 4238 303 4300 bonum
320 4241 442 4301 amoris
459 4241 492 4301 in
510 4240 694 4302 Dominum
711 4261 731 4302 a
747 4240 913 4317 Domino;
933 4240 998 4302 hoe
1017 4241 1227 4322 significatur

109 4352 168 4412 per
188 4331 327 4394 “oleum
340 4332 365 4410 ;”
388 4345 593 4416 quapropter
612 4354 688 4396 cum
708 4332 809 4396 unfta
827 4344 885 4396 aut
905 4331 994 4396 unCti
1013 4334 1162 4410 fuerunt,
1183 4337 1224 4398 ab

108 4445 150 4488 eo
173 4436 348 4489 momento
372 4429 694 4510 repraesentabant,
725 4448 803 4490 nam
827 4428 938 4490 oleum
962 4428 1146 4493 inducebat
1170 4450 1220 4493 re·
