2684 4988
315 500 395 551 car.
413 500 488 564 v11.‚
506 500 608 551 vans.
624 501 736 566 4—N.
751 486 906 570 431[cii-i]·
1089 485 1170 568 1067

95 689 136 731 aec
155 666 242 731 dieta
266 678 346 731 sunt
374 670 416 731 de
443 667 593 732 ecclesiis
620 690 705 751 quae
728 669 861 732 luerunt
887 677 967 732 ante
990 667 1169 732 ecclesiam

94 761 142 842 pud
166 760 253 824 filios
283 760 421 823 Israelis
448 761 645 823 institutam
672 776 714 834 (de
728 777 816 834 quibus
829 777 934 822 ecclesiis
948 778 1057 822 videam
1069 776 1094 820 in
1108 777 1171 824 Doc-

94 867 203 912 uiivme
213 866 399 924 lanosoiyme,
412 880 434 912 n.
447 866 523 926 ²47)3
547 849 706 913 Ecclesia
725 850 978 931 Antiquissima
999 870 1086 932 quae
1107 849 1169 913 suit

95 952 134 1004 nte
160 942 330 1017 diluvium,
361 963 447 1024 quae
480 942 540 1004 suit
573 941 716 1005 ecclesia
746 942 902 1004 caelestis
936 963 995 1004 seu
1027 942 1170 1005 ecclesia

96 1057 139 1099 uae
158 1039 188 1099 in
215 1037 307 1100 bono
330 1038 453 1100 amoris
480 1039 512 1100 in
542 1037 735 1110 Dominum,
759 1036 961 1118 intelligitur
988 1057 1047 1117 per
1071 1042 1089 1069 ‘⁴
1099 1037 1170 1099 dies

94 1131 290 1205 eternitatis,'’
314 1137 444 1214 “quum
467 1131 692 1194 hereditatem
715 1131 812 1194 daret
837 1130 1034 1193 Altissimus
1057 1131 1169 1211 genti-

96 1245 129 1299 us,
148 1245 244 1308 quum
269 1236 442 1306 separaret
465 1224 551 1288 filios
574 1225 719 1288 hominis
731 1225 757 1302 ;'’
784 1245 843 1305 per
867 1225 1042 1306 “gentes’'
1065 1225 1169 1304 signi-

95 1327 190 1379 cantur
217 1317 274 1398 qui
303 1319 336 1379 in
366 1317 458 1379 bono
486 1316 612 1379 amoris
641 1326 721 1379 sunt
750 1333 965 1392 (nduiursupra
982 1346 1006 1378 n.
1022 1332 1107 1395 331),
1134 1325 1170 1378 et

94 1425 120 1466 er
137 1406 244 1469 “tilios
266 1406 442 1469 hominis’'
463 1408 519 1489 qui
544 1407 577 1469 in
599 1408 687 1469 veris
710 1427 754 1469 ex
780 1407 871 1469 bono
893 1417 973 1469 sunt
997 1423 1078 1479 (enam
1090 1435 1170 1480 supra,

94 1493 235 1576 ¹63.151):
268 1507 304 1559 et
328 1495 487 1559 Ecclesia
510 1496 677 1578 Antiqua,
697 1517 784 1578 quae
807 1496 868 1559 suit
891 1506 970 1577 post
993 1495 1168 1570 diluvium,

94 1586 163 1649 tluit
183 1587 328 1650 ecclesia
351 1587 542 1669 spiritualis
562 1589 765 1669 intelligitur
788 1609 847 1669 per
872 1596 1006 1650 “annos
1028 1608 1169 1669 genera·

94 1679 153 1743 ionis
171 1693 205 1744 et
228 1682 489 1763 generationis,’'
509 1689 613 1746 “cum
633 1682 830 1745 Altissimus
853 1683 1030 1750 constituit
1054 1683 1169 1745 termi-

94 1794 123 1835 ios
130 1776 320 1857 populorum
327 1776 427 1858 juxta
437 1796 610 1841 numerum
621 1776 763 1840 filiorum
778 1776 910 1840 Israelis
923 1777 948 1854 ;”
965 1798 1023 1859 per
1034 1782 1053 1810 ‘⁴
1064 1797 1169 1858 popu-

94 1869 134 1929 us‘’
151 1872 379 1953 significantur
402 1874 457 1955 qui
484 1875 517 1935 in
545 1874 635 1935 bono
658 1872 831 1953 spirituali,
855 1873 945 1954 quod
969 1881 1021 1935 est
1044 1873 1170 1934 bonum

95 1957 225 2026 haritatis
251 1984 336 2045 erga
363 1965 557 2045 proximum
584 1980 920 2038 (videatureiiamsupra‚n.
937 1980 1021 2043 331),
1048 1974 1084 2027 et
1110 1985 1170 2046 per

94 2057 250 2118 'nnmerum
277 2055 420 2119 filiorum
449 2056 582 2119 Israelis
592 2056 606 2081 ''
631 2055 838 2137 significatur
863 2056 970 2119 simile
995 2058 1084 2138 quod
1112 2077 1171 2137 per

94 2143 259 2209 'duodecim
277 2147 418 2221 tribus,’'
433 2149 620 2210 secundum
637 2167 721 2229 quas
739 2149 843 2210 datae
861 2158 939 2210 sunt
958 2147 1170 2211 hereditates

94 2244 175 2298 impia.
185 2244 251 2300 apud
263 2243 431 2302 Ezechielem).

123 2325 171 2410 [a]
204 2329 272 2393 Hic
289 2330 360 2393 duo
374 2350 501 2393 arcana
516 2329 559 2393 de
575 2330 757 2393 duodecim
773 2330 929 2393 tribubus
946 2331 1170 2394 memoranda

94 2428 189 2482 unt:-

292 2543 336 2613 (i.)
366 2544 450 2614 Quod
463 2544 659 2598 ordinationes
676 2561 776 2598 earum
795 2548 1077 2614 repraesentaverint
1091 2547 1171 2599 ordi·

401 2617 532 2668 natinaei
542 2617 706 2668 societatum
719 2616 917 2685 angelicarum
930 2617 1080 2679 incaelis:
1098 2617 1172 2670 unde

400 2691 443 2738 est
454 2686 531 2754 quad
539 2689 819 2754 repraesentaverint
830 2690 926 2738 omnia
937 2687 1084 2750 ecclesiae,·
1102 2704 1170 2740 nain

401 2755 515 2809 ecclesiia
529 2762 556 2808 et
567 2755 676 2809 eaelum
690 2773 778 2809 unum
792 2763 893 2828 agunt.

282 2863 337 2934 (ii.)
365 2864 451 2933 Quod
464 2866 689 2934 repraesentatio
706 2866 782 2918 caeli
797 2871 825 2918 et
842 2866 955 2919 ecclesia
973 2867 1061 2920 cadat
1074 2884 1171 2921 secun·

401 2935 469 2988 dum
487 2935 616 2988 ordinem
636 2937 668 2987 iri
687 2952 740 3004 quo
758 2938 964 2999 nominantur,·
983 2943 1010 2989 et
1022 2937 1171 3007 quodpri-

402 3014 480 3058 mum
494 3022 592 3058 namen
604 3022 652 3058 seu
658 3008 768 3127 prima
787 3007 880 3059 tribus
897 3009 937 3060 sit
955 3007 1050 3068 i'ndex,
1063 3025 1099 3061 ex
1117 3025 1171 3076 quo

402 3076 634 3129 determinantur
646 3079 661 3127 i
669 3076 698 3128 la
718 3093 790 3145 quae
806 3085 972 3146 sequuntur,
982 3079 1108 3147 proinde
1125 3095 1172 3132 res

402 3147 477 3221 caetij
487 3152 515 3198 et
526 3147 657 3199 ecclesiae
668 3163 731 3199 cum
744 3149 896 3201 varietate.

121 3302 161 3387 (i.)
193 3305 292 3384 Quod
303 3306 527 3369 ordinationes
540 3306 705 3369 duodecim
721 3306 866 3369 tri'biium
880 3307 1022 3370 Israelis
1035 3318 1168 3388 reprae-

94 3402 250 3464 amamini
275 3402 502 3465 ordinationes
529 3402 718 3464 societatum
744 3402 970 3482 angelicarum
999 3404 1033 3465 in
1059 3404 1168 3479 caelis,

94 3495 183 3559 ruiridie
208 3496 345 3571 caelum,
375 3497 529 3579 quoniam
555 3497 678 3559 caelum
706 3519 748 3558 en
776 3497 983 3560 societatibus
1013 3499 1170 3579 angelicis

94 3591 206 3667 nstitit,
235 3602 395 3656 constare
423 3602 537 3673 potest
564 3613 609 3654 ex
636 3613 688 3666 eo,
716 3593 805 3673 quod
834 3595 1036 3673 unaquaevis
1064 3596 1169 3658 tribus

94 3687 351 3764 'praesentaverit
378 3696 413 3749 et
442 3687 520 3748 inde
548 3685 788 3767 significaverit
818 3685 953 3768 aliquod
982 3689 1169 3753 universale

94 3782 225 3846 sentiale
239 3781 415 3856 ecclesiae,
430 3791 464 3843 et
479 3781 568 3862 quod
586 3780 762 3843 duodecim
781 3780 886 3843 tribus
898 3781 996 3843 simul
1013 3793 1168 3864 sumptae

94 3877 374 3953 praesentaverint
398 3876 511 3937 omnia
533 3874 707 3948 ecclesiae,
732 3885 767 3938 et
794 3876 883 3957 quod
911 3875 1055 3939 ecclesia
1078 3879 1166 3958 apud

94 3967 134 4032 los
145 3971 277 4034 Israelis
290 3971 447 4033 instituta
463 3969 558 4032 suerit
575 3969 718 4032 ecclesia
734 3971 1042 4050 repraesentativa;
1066 3993 1167 4053 quare

94 4073 124 4128 ta
134 4086 216 4148 gens
228 4068 262 4130 in
274 4066 454 4129 duodecim
468 4065 573 4126 tribus
586 4065 766 4127 distributa
778 4067 1045 4145 repraesentavit
1059 4068 1168 4130 eccle·

94 4179 131 4224 im
151 4163 183 4224 in
207 4170 285 4224 toto
305 4159 500 4240 complexu,
520 4170 766 4241 consequenter
789 4162 892 4223 etiam
913 4161 1062 4239 caelum;
1087 4182 1165 4225 nam

94 4254 163 4319 dem
186 4256 276 4319 bona
299 4265 334 4318 et
356 4254 475 4317 eadem
499 4274 578 4316 vera
600 4274 685 4334 quae
708 4254 833 4317 iaciunt
860 4255 1038 4318 ecclesiam
1061 4258 1164 4319 etiarn

94 4350 168 4414 :iunt
180 4350 324 4423 caelum,
339 4369 397 4411 seu
409 4369 493 4430 quae
510 4348 634 4410 iaciunt
651 4348 780 4411 caelum
798 4351 901 4411 etiam
917 4349 1041 4413 faciunt
1054 4350 1165 4413 eccle·

94 4461 130 4506 im
150 4458 391 4518 (videaturlnopere
402 4457 440 4502 De
452 4456 521 4502 Caelo
533 4460 556 4499 et
569 4455 706 4514 Infernan.
716 4456 765 4515 57).
807 4439 1052 4504 Ordinationes
1077 4441 1163 4503 duo·
1250 4434 1254 4450 ⁴
