2684 4988
112 475 193 557 1058
420 487 672 540 APOCALYPSIS
695 489 923 541 EXPLICATA.

109 676 228 720 omnes
244 655 348 738 quiin
365 655 425 720 illo
440 677 566 738 genere
581 657 651 720 veri
667 676 712 720 ex
728 657 831 734 bono,
848 678 929 722 nam
945 678 1054 722 verum
1066 679 1102 722 ex
1111 655 1170 718 bono

108 749 231 815 format
252 749 432 813 ecclesiam
451 751 539 833 apud
564 770 703 828 omnes;
727 772 843 815 verum
864 753 953 815 enim
973 763 1024 816 est
1040 749 1172 819 doetrinae

108 861 147 903 ac
171 842 298 904 bonum
317 851 371 904 cst
390 843 493 917 vitae,
511 851 548 904 ut
567 841 815 924 supradictum
833 853 899 906 est.
935 857 1175 918 (Quidvemnexbm

108 956 131 993 et
145 948 225 1005 quale.
236 948 346 993 videatur
360 947 384 992 in
400 947 517 992 Doltrina
532 948 614 993 Novae
627 948 812 1007 Mensem,
825 962 850 995 n.
861 949 911 1008 ²4)
954 932 1109 1014 Quoniam
1121 930 1176 992 duo·

108 1025 218 1088 decim
243 1025 349 1087 tribus
373 1025 569 1088 nominatae
593 1046 637 1088 ex
659 1025 839 1089 duodecim
863 1024 939 1088 filiis
955 1025 1069 1107 Jacobi
1085 1041 1178 1106 reprae·

109 1118 294 1181 sentabant
311 1117 491 1181 ecclesiam
511 1138 550 1180 ac
570 1119 685 1181 omnia
703 1117 785 1200 ejus
802 1120 880 1183 ideo
899 1139 1055 1182 numerus
1068 1115 1180 1180 “duode-

109 1211 206 1286 cim,”
221 1213 299 1295 quia
314 1211 559 1293 significativus
576 1212 704 1288 talium,
723 1223 918 1296 assumptus
934 1224 987 1277 est
1004 1214 1037 1276 in
1052 1213 1146 1276 variis:
1223 1212 1226 1267 ἴ

165 1359 202 1410 Ut
213 1360 285 1423 quod
297 1359 431 1422 principes
445 1359 553 1409 israelis
565 1374 679 1409 numero
691 1360 832 1410 duodecim
844 1369 938 1410 essent
949 1360 1044 1422 (Num.
1055 1359 1071 1409 i.
1080 1357 1128 1419 ui:

164 1426 244 1489 Quod
253 1425 395 1474 duodecim
405 1426 443 1474 illi
454 1426 590 1487 principes
600 1426 741 1475 attulerint
749 1426 784 1474 sd
794 1426 976 1475 initiationem
986 1426 1076 1474 altaris
1083 1419 1184 1495 dudem

240 1491 359 1540 scutulas
367 1491 481 1552 argenti.
492 1490 634 1540 duodecim
643 1500 760 1540 crateres
770 1491 883 1553 urgenti,
893 1491 1035 1540 duodecim
1044 1499 1183 1538 acerrasaun.

240 1556 381 1604 duodecim
395 1556 533 1618 juvencos,
548 1556 689 1605 duodecim
705 1557 811 1615 arietes,
825 1556 966 1606 duodecim
982 1570 1075 1618 agnos,
1087 1564 1111 1603 et
1120 1551 1186 1602 dude·

240 1622 292 1670 cim
305 1621 394 1671 hircos
407 1622 501 1682 (Num.
514 1621 559 1671 vii.
572 1623 612 1681 84,
625 1623 680 1682 87):

110 1783 169 1845 per
184 1761 317 1844 singula
333 1762 401 1837 illa,
419 1784 504 1845 quae
522 1762 723 1836 attulerunt,
741 1761 973 1844 significantur
990 1761 1072 1825 talia
1084 1777 1151 1843 quae
1163 1773 1185 1816 se

110 1856 256 1919 referunt
276 1856 318 1919 ad
338 1877 417 1920 vera
435 1878 479 1920 ex
499 1857 600 1920 bono.
646 1857 729 1920 Ideo
747 1857 851 1920 etiam

167 2000 245 2051 Missi
260 2011 324 2129 sim
336 2002 480 2051 duodecim
494 2002 546 2051 viri
560 2001 606 2066 qui
623 2001 796 2064 explorarent
809 2010 908 2050 terram
923 2000 1078 2050 Canaanem
1091 1991 1185 2060 (Dauni

242 2079 273 2128 23
291 2084 297 2117 :

111 2219 170 2282 per
182 2205 336 2263 “terram
345 2199 359 2224 ’¹
372 2202 461 2264 enim
477 2207 496 2232 ‘⁴
505 2199 702 2265 Canaanem
711 2200 726 2224 ”
738 2198 946 2282 significatur
958 2199 1106 2263 ecclesia.
1132 2191 1186 2256 ideo

112 2293 216 2357 etiam

168 2429 199 2480 in
215 2427 344 2493 pectorali
359 2428 460 2492 judicii,
475 2444 523 2478 seu
536 2429 563 2477 in
577 2428 654 2478 Urim
667 2437 693 2477 et
707 2427 871 2482 Thummim.
885 2436 962 2476 erunt
973 2426 1108 2476 duodecim
1117 2417 1186 2483 lapides

242 2496 352 2558 pretiosi
365 2495 622 2556 (Exod.xxviii.=21;
640 2508 697 2556 cap.
710 2494 800 2543 xxxix.
814 2493 868 2553 14):

112 2649 171 2711 per
191 2627 349 2709 “lapides
374 2627 541 2708 pretiosos
550 2625 565 2650 ’'
583 2624 816 2707 significantur
834 2646 914 2688 vera
933 2646 978 2687 ex
1002 2624 1096 2687 bono.
1132 2615 1186 2679 ideo

113 2744 244 2805 quoque

168 2857 251 2906 Erant
258 2856 399 2904 duodecim
410 2870 494 2917 panes
502 2854 626 2916 dispositi
635 2855 662 2902 in
670 2854 739 2903 duos
747 2853 857 2902 ordines
866 2867 948 2915 super
956 2867 1056 2908 mensa.
1065 2850 1104 2914 qui
1113 2850 1187 2907 ''1³³sses

243 2922 370 2971 facierum
379 2920 392 2938 ”
406 2922 572 2968 vocabantur
583 2920 675 2981 (Levit.
688 2920 758 2968 xxiv.
772 2931 794 2978 5,
806 2920 846 2978 oi:

112 3086 172 3147 per
183 3069 202 3097 ‘⁸
212 3084 316 3146 panes
325 3063 339 3087 ”
350 3062 603 3144 significabatur
615 3061 741 3124 bonum
755 3061 890 3134 amoris,
903 3081 943 3124 ac
957 3081 1016 3142 per
1027 3043 1188 3121 “mensam’'

112 3162 263 3242 receptio
282 3159 362 3239 ejus,
384 3160 431 3221 ita
450 3177 582 3240 quoque
601 3176 717 3219 verum
740 3156 773 3217 in
793 3157 977 3230 communi,
998 3156 1072 3237 quia
1088 3153 1139 3216 hoc
1153 3147 1187 3204 0⁵2

112 3256 276 3336 recipiens
296 3254 385 3316 boni.
431 3253 514 3314 Ideo

164 3393 180 3414 ‘¹
190 3390 294 3439 Moses.
304 3427 310 3438 .
321 3389 484 3437 .aediiicavit
496 3388 579 3436 altare
593 3386 665 3435 inira
679 3396 799 3435 montem
807 3385 822 3405 ”
835 3385 917 3443 Sinai,
930 3387 981 3435 “et
995 3385 1078 3434 erexit
1088 3371 1188 3432 duodecim

243 3464 345 3504 statuas
359 3469 407 3516 pro
419 3454 561 3501 duodecim
571 3449 717 3502 [¹ltribubus
732 3452 840 3501 Israelis
848 3451 861 3470 '⁵
874 3451 968 3512 (Exod.
979 3452 1050 3500 xxiv.
1061 3451 1096 3510 4i:

112 3608 170 3668 per
183 3592 202 3617 ‘¹
212 3585 319 3648 altare
328 3583 342 3607 ‘⁹
353 3586 442 3646 enim
457 3583 665 3664 significatur
677 3585 803 3646 bonum
817 3581 995 3656 ecclesiae,
1007 3603 1046 3645 ac
1059 3601 1110 3663 per
1121 3579 1188 3633 “sta-

112 3678 211 3743 tuas‘’
222 3700 300 3742 vera
311 3678 380 3759 ejus
394 3701 400 3755 ;
421 3680 499 3740 inde
510 3699 568 3759 per
581 3677 715 3740 “altare
729 3688 763 3740 et
775 3676 955 3739 duodecim
967 3656 1190 3739 statuas''simul

111 3774 343 3855 significantur
360 3775 474 3834 omnia
490 3794 569 3834 vera
589 3794 633 3834 ex
650 3773 751 3845 bono,
770 3793 829 3853 per
844 3792 930 3853 quae
949 3772 1099 3836 ecclesia.
1136 3758 1193 3825 Id⁰⁰

167 3916 316 3965 Duodecim
330 3916 379 3963 viri
393 3925 532 3977 portarunt
542 3915 683 3964 duodecim
696 3914 800 3977 lapides
813 3929 828 3964 e
841 3914 931 3963 medio
944 3915 1078 3978 Jordanis.
1089 3910 1127 3974 qui
1137 3890 1203 3970 “effi

243 3983 270 4030 in
281 3983 395 4041 Gilgale,
408 3990 437 4029 ut
448 3991 540 4030 essent
552 3982 579 4029 in
593 3981 750 4029 memoriale
762 3980 824 4029 filiis
837 3979 955 4029 Israelis.
993 3980 1028 4029 Et
1037 3965 1208 4043 quoquepi⁴⁵¹n

241 4047 383 4095 duodecim
399 4047 503 4108 lapides
518 4046 546 4094 in
559 4047 649 4095 medio
661 4045 789 4110 Jordanis
804 4047 853 4094 sub
864 4045 983 4094 statione
998 4046 1093 4108 pedum
1104 4027 1216 4092 sacerdo·

241 4124 297 4162 tum
311 4112 474 4175 portantium
487 4125 576 4159 arcam
589 4112 658 4176 (Jos.
671 4112 706 4160 iv.
720 4124 775 4173 1-9,
788 4113 843 4172 20):

111 4268 170 4330 per
191 4244 425 4327 “Jordanem”
444 4245 533 4307 enim
553 4245 586 4306 in
607 4242 723 4306 Verbo
743 4241 953 4323 significatur
971 4235 1157 4305 introductio
1178 4220 1226 4285 ’ὓ

110 4340 301 4415 ecclesiam,
322 4359 361 4402 ac
385 4359 444 4419 per
465 4337 649 4419 “lapides”
669 4338 745 4401 inde
766 4347 800 4399 et
824 4337 857 4398 in
882 4337 995 4400 medio
1016 4336 1082 4417 ejus
1100 4302 1226 4412 signifi

110 4445 230 4499 cantur
250 4455 329 4498 vera
347 4433 513 4496 ecclesiae
533 4453 591 4515 per
610 4453 696 4515 quae
715 4427 930 4494 introdud'tio.
977 4430 1060 4494 Ideo
1078 4428 1163 4493 etiam
