2684 4988
167 476 233 544 7oe
479 474 731 528 APOCALYPSIS
753 477 980 529 laxamenta.

170 646 316 729 clipeum
340 665 415 710 cum
440 667 519 710 arcu
543 657 577 710 et
602 667 678 710 cum
702 648 790 719 telis,
810 659 845 712 et
870 669 946 712 cum
970 647 1093 712 baculo
1113 669 1230 712 manus
1249 656 1281 712 et

169 761 245 803 curn
259 741 358 804 hasta
371 742 396 813 ;”
415 741 727 827 per‚“habitatores
741 742 869 806 urbium
884 742 1042 806 lsraelis'’
1054 743 1283 825 intelliguntur

168 836 224 917 qui
240 837 273 898 in
287 834 463 899 affectione
475 837 544 898 veri
560 856 604 898 ex
622 837 713 899 bono
726 847 815 909 sunt,
829 837 893 900 hoc
906 850 970 910 est,
984 839 1017 900 in
1031 835 1210 901 afsedlione
1223 839 1285 901 veri

169 929 331 1010 spirituali
350 940 385 993 et
405 931 483 992 inde
501 932 533 992 in
551 927 704 993 doctrina
722 932 858 1011 genuini
875 933 964 1008 veri;
988 951 1047 1013 per
1065 931 1284 995 “comburere

168 1043 262 1086 arma
270 1024 285 1047 ”
297 1025 504 1106 significatur
516 1026 706 1106 exstirpare
718 1024 801 1088 salsa
813 1026 923 1087 omnis
936 1027 1071 1107 generis
1083 1047 1090 1101 ;
1114 1047 1175 1107 per
1187 1032 1207 1058 ⁴⁸
1216 1046 1286 1088 scu·

140 1178 144 1187 ,
169 1127 241 1180 tum
251 1117 265 1142 ”
275 1118 581 1182 falsumdestruens
591 1119 716 1198 bonum
731 1140 738 1194 ;
755 1118 995 1200 per“clipeum
1003 1119 1018 1143 ”
1028 1119 1150 1182 salsum
1158 1121 1286 1183 destru-

169 1231 230 1273 ens
243 1233 358 1276 verum
371 1235 379 1288 ;
403 1233 462 1295 per
474 1220 616 1276 “arcum
635 1232 711 1275 curn
729 1212 806 1275 telis
814 1213 828 1237 ”
841 1211 995 1276 dodirina
1007 1233 1083 1276 cum
1097 1215 1166 1276 suis
1182 1213 1288 1290 salsis,

170 1326 230 1387 per
247 1307 430 1370 “baculum
448 1307 589 1369 manus’'
604 1317 640 1370 et
658 1307 845 1371 “hastam'’
860 1307 1069 1389 significatur
1085 1308 1242 1390 potentia
1256 1319 1289 1371 et

170 1399 377 1464 confidentia
400 1403 543 1483 propria,
564 1400 680 1483 quales
704 1413 781 1465 sunt
805 1401 869 1464 illis
892 1403 947 1484 qui
970 1404 1003 1465 in
1027 1415 1177 1465 externo
1200 1402 1289 1465 cultu

171 1507 301 1575 ponunt
325 1516 426 1558 omne
450 1494 614 1558 ecclesiae
636 1505 671 1557 et
696 1496 774 1558 inde
796 1495 935 1572 salutis;
961 1496 1052 1578 quod
1073 1496 1290 1559 “accendent

170 1589 236 1652 illis
256 1591 369 1671 ignem
389 1601 522 1672 septem
541 1589 661 1651 annis‘’
677 1589 844 1670 significat
860 1590 951 1673 quod
970 1590 1054 1653 salsa
1073 1601 1108 1654 et
1127 1590 1220 1654 mala
1237 1589 1291 1652 illa

171 1702 306 1765 prorsus
329 1686 612 1764 exstinguentur;
644 1689 807 1765 “septem
830 1683 932 1746 anni”
951 1683 1144 1766 significant
1169 1686 1290 1758 omnia,

171 1775 312 1856 plenum
331 1785 366 1836 ct
386 1795 523 1856 prorsus
541 1791 661 1847 (videatur
671 1804 750 1849 supra¹
762 1805 786 1837 n.
798 1790 869 1856 257,
882 1789 992 1855 111300).

229 1869 331 1952 358.
359 1869 419 1931 “fr
432 1869 505 1930 rara
526 1872 577 1930 ort
598 1867 660 1951 [oi]
685 1869 977 1950 emnu.''—Quod
996 1868 1169 1951 significet
1187 1870 1292 1932 vitam

170 1970 339 2024 aeternam
351 1981 434 2042 quae
445 1960 603 2022 vr'diorr‘ae
615 1961 816 2041 praernr'um,
830 1972 965 2024 constat
982 1982 1026 2024 ex
1044 1960 1292 2042 significatione

172 2055 376 2128 “coronae’'
393 2075 467 2117 cum
487 2057 599 2136 agitur
615 2056 658 2117 de
678 2076 792 2137 pugna
810 2056 983 2137 spirituali,
1001 2068 1037 2118 ut
1057 2057 1122 2129 hic,
1141 2057 1232 2139 quod
1251 2057 1292 2118 sit

170 2151 241 2213 vita
264 2162 402 2213 aeterna
425 2170 511 2231 quae
534 2148 694 2212 victoriae
718 2152 911 2232 praemium.
968 2149 1069 2231 Quod
1095 2150 1148 2213 hic
1173 2160 1293 2232 agatur

171 2245 213 2307 de
230 2264 344 2327 pugna
361 2243 533 2326 spirituali,
552 2254 689 2307 constat
706 2265 750 2306 ex
766 2244 1049 2307 antecedentibus
1064 2255 1100 2307 et
1120 2245 1292 2326 sequenti-

171 2341 252 2416 bus;
279 2341 312 2401 in
336 2339 619 2401 antecedentibus
642 2339 764 2402 dicitur
786 2338 877 2421 quod
899 2337 1058 2402 “Sedens
1081 2360 1184 2420 super
1206 2358 1293 2420 equo

171 2434 250 2497 albo
269 2433 409 2495 haberet
429 2432 572 2506 arcum,”
590 2444 626 2496 et
649 2452 708 2514 per
728 2440 871 2499 “arcum
880 2432 895 2455 ”
914 2431 1122 2513 significatur
1141 2430 1296 2496 dodtrina

171 2529 347 2591 charitatis
363 2538 398 2590 et
418 2525 504 2598 fidei,
521 2548 566 2589 ex
582 2548 648 2608 qua
664 2537 834 2608 pugnatur
849 2538 969 2590 contra
985 2527 1073 2590 mala
1092 2539 1127 2591 et
1147 2527 1244 2601 salsa,
1260 2537 1294 2592 et

171 2623 376 2705 dissipantur
388 2621 446 2684 illa
458 2643 465 2697 ;
485 2632 520 2684 et
532 2642 666 2704 quoque
678 2642 723 2684 ex
740 2622 969 2703 sequentibus,
983 2623 1015 2684 in
1030 2623 1150 2703 quibus
1163 2624 1295 2698 dicitur,

172 2717 248 2779 “Et
276 2718 382 2780 exivit
405 2718 543 2779 vincens
570 2727 605 2778 et
634 2726 670 2779 ut
693 2715 874 2788 vinceret,’'
897 2736 956 2797 per
978 2736 1064 2797 quae
1087 2715 1297 2796 significatur

171 2811 311 2875 victoria
327 2833 424 2893 super
437 2811 514 2886 illa;
537 2811 616 2874 inde
632 2831 691 2892 per
704 2816 893 2872 “coronam
903 2810 917 2832 ”
934 2811 986 2872 hic
1003 2809 1299 2892 significatur·vita

171 2918 312 2970 aeterna
334 2927 420 2988 quae
443 2904 603 2969 victoriae
626 2905 821 2986 praemium.
867 2902 982 2967 Simile
1004 2903 1217 2984 significatur
1240 2925 1299 2986 per

173 3007 192 3033 ‘⁸
202 3020 361 3063 coronam
370 3000 385 3023 '’
398 3000 452 3062 ubi
465 3001 576 3081 agitur
588 3000 631 3061 de
645 2999 901 3072 tentationibus,
912 2999 1070 3080 quoniam
1085 3000 1299 3062 tentationes

172 3105 250 3158 sunt
264 3115 397 3176 pugnae
410 3093 610 3176 spirituales,
626 3104 662 3156 ut
675 3094 708 3155 in
722 3093 833 3175 capite
846 3092 996 3155 secundo
1012 3091 1107 3172 hujus
1120 3091 1228 3169 Libri,
1243 3093 1298 3156 ubi

173 3189 278 3253 haec:

223 3327 240 3349 ⁴⁴
250 3324 319 3374 Ecce
331 3324 451 3374 {uturum
460 3332 490 3373 ut
500 3322 628 3384 conjiciat
637 3337 671 3372 ex
679 3322 758 3371 vobis
767 3322 893 3370 diabolus
903 3321 931 3370 in
941 3320 1092 3370 custodiam
1102 3328 1131 3370 ut
1141 3320 1295 3380 tentemini,

302 3399 329 3439 et
341 3389 475 3439 habebitis
487 3385 661 3437 afflictionem
673 3388 769 3436 diebus
781 3389 890 3441 decem:
909 3396 968 3436 esto
981 3386 1067 3435 tidelis
1079 3400 1166 3450 usque
1178 3387 1215 3436 ad
1227 3401 1297 3437 mor·

302 3465 366 3514 tem,
381 3465 408 3504 et
420 3455 491 3526 dabo
504 3454 551 3502 tibi
563 3467 694 3502 coronam
706 3453 779 3501 vitae
787 3452 800 3470 ''
813 3453 892 3514 (vers.
906 3453 958 3514 10):

172 3590 262 3673 quod
285 3588 329 3650 ibi
355 3608 414 3669 per
438 3584 651 3649 “coronam’'
674 3583 882 3666 significetur
905 3586 1071 3666 sapientia
1094 3595 1129 3648 et
1153 3584 1295 3648 felicitas

171 3691 326 3754 aeterna,
336 3679 493 3742 videatur
503 3698 604 3759 supra
615 3694 649 3750 (n.
662 3677 745 3751 126):
766 3677 935 3758 sapientia
946 3687 981 3739 et
991 3676 1139 3738 felicitas
1152 3689 1294 3740 aeterna

173 3772 271 3836 simul
287 3783 442 3853 sumptae
459 3780 537 3832 sunt
550 3771 621 3832 vita
637 3781 787 3842 aeterna,
802 3789 879 3831 nam
896 3771 928 3831 in
943 3769 1109 3850 sapientia
1121 3778 1157 3831 et
1174 3770 1207 3831 in
1225 3769 1294 3832 leli·

172 3869 277 3931 citate
301 3877 440 3929 aeterna
462 3875 514 3928 est
538 3866 610 3947 ipsa
633 3865 704 3927 vita
722 3863 821 3933 caeli.
867 3862 982 3926 Simile
1005 3863 1216 3944 significatur
1238 3884 1294 3946 per

174 3960 387 4025 “coronam''
403 3972 600 4039 martyrum,
617 3959 775 4041 quoniam
793 3958 839 4021 illi
859 3960 891 4021 in
908 3955 1088 4021 afflictione
1108 3958 1243 4022 luerunt
1262 3968 1294 4022 et

173 4055 289 4118 fideles
316 4076 420 4137 usque
447 4054 489 4116 ad
518 4064 674 4127 mortem,
703 4063 737 4116 et
765 4073 898 4134 quoque
925 4053 957 4114 in
986 4052 1236 4115 tentationibus
1262 4062 1295 4116 et

172 4153 343 4227 vicerunt;
368 4151 470 4212 etiam
490 4148 554 4211 illis
578 4160 655 4230 post
675 4157 820 4210 mortem
839 4148 941 4209 datae
959 4156 1038 4209 sunt
1057 4166 1217 4221 coronae,
1237 4146 1296 4210 sed

138 4238 139 4242 ¹
172 4265 214 4308 ne
231 4245 394 4307 honorem
411 4244 471 4306 sibi
492 4243 569 4305 inde
586 4252 795 4323 arrogarent,
813 4242 910 4304 etsie
927 4239 1140 4302 attraherent
1157 4239 1293 4317 fastum,

172 4340 360 4422 rejecerunt
384 4339 457 4401 illas
481 4359 499 4401 e
523 4339 635 4419 capite
658 4357 728 4399 suo.
774 4334 861 4416 Quia
884 4354 943 4416 per
962 4332 1102 4396 “bella'’
1121 4333 1154 4396 in
1178 4333 1297 4398 Verbo

171 4434 404 4517 significantur
431 4432 521 4495 bella
547 4432 581 4493 in
609 4429 774 4513 spirituali
801 4449 912 4505 sensu,
938 4448 1024 4512 quae
1050 4437 1130 4493 sunt
1158 4445 1297 4512 pugnae
