2684 4988
109 478 174 562 836
418 489 667 541 arocanvesrs
690 486 916 538 axrnrcara.

110 660 193 725 bant
221 661 437 741 cognitiones
466 668 501 722 et
535 658 773 740 perceptiones
804 657 874 719 veri
901 667 937 719 et
971 655 1062 730 boni,
1093 666 1125 718 et
1151 658 1166 719 fr

109 755 294 818 secundum
311 755 441 835 species
457 753 613 815 arborum
629 773 636 828 ;
660 761 695 814 et
715 752 791 833 quia
810 757 829 783 ‘¹
840 750 971 814 colles”
987 749 1165 831 significaba

109 849 200 911 bona
222 847 409 922 charitatis,
435 849 468 909 in
498 846 618 928 quibus
645 845 837 926 spirituales
860 844 973 925 angeli
998 854 1086 916 sunt,
1109 845 1152 925 qui

110 942 238 1004 mundo
261 941 427 1023 spirituali
455 940 615 1003 habitant
639 959 739 1020 super
761 937 914 1012 collibus,
939 939 1019 1000 inde
1041 947 1110 1000 erat
1129 958 1167 1019 qur

111 1036 223 1099 cultus
246 1037 395 1117 antiquis
415 1035 624 1116 temporibus
647 1040 865 1115 perageretur
888 1053 988 1114 super
1005 1033 1167 1108 collibusp

111 1129 176 1194 hoc
196 1129 402 1212 prohibitum
421 1129 481 1192 fuit
501 1130 597 1209 genti
615 1128 775 1208 judaicae
793 1138 827 1189 et
848 1127 1066 1201 Israeliticae,
1085 1147 1122 1188 ne
1136 1147 1167 1207 pn

110 1223 264 1287 sanarent
292 1222 411 1287 sandla
441 1244 527 1305 quae
550 1222 904 1303 repraesentabantur,
929 1231 1003 1284 erat
1030 1222 1113 1284 enim
1130 1240 1167 1300 ger

111 1317 169 1381 illa
187 1319 297 1381 solum
317 1320 349 1381 in
370 1319 525 1381 externis
545 1318 656 1399 quoad
676 1317 815 1389 cultum,
833 1318 1002 1379 internum
1019 1336 1124 1378 eorum
1139 1335 1167 1376 er

111 1429 203 1472 mere
222 1409 488 1472 idololatrlcum.
532 1425 617 1482 (Quod
632 1421 645 1438 ‘¹
654 1425 753 1470 arbores
761 1425 774 1439 ''
786 1424 918 1482 significent
931 1425 1078 1482 cognitiones
1090 1432 1111 1469 et
1121 1435 1167 1482 pem

110 1497 187 1543 tiones
196 1498 244 1543 veri
253 1506 276 1542 et
284 1498 341 1543 boni
348 1499 479 1543 secundum
488 1498 578 1555 species
586 1498 687 1549 illarum,
695 1498 803 1542 videatur
813 1510 837 1541 n.
846 1498 913 1553 2163,
922 1498 992 1548 2682,
999 1510 1064 1551 2722,
1076 1510 1132 1553 appa,
1139 1495 1167 1551 7⁶³

109 1569 176 1625 quod
187 1568 243 1613 inde
253 1569 344 1625 antiqui
355 1568 467 1613 Divinum
477 1569 567 1612 cultum
578 1568 704 1612 habuerint
713 1568 737 1611 in
746 1568 805 1612 lucis
815 1568 860 1611 sub
870 1568 995 1611 arboribus
1002 1568 1125 1612 secuudum
1132 1577 1167 1609 ean

109 1634 299 1693 significationes,
310 1649 333 1680 n.
351 1648 418 1689 2722,
426 1633 525 1692 l¹i4552:
542 1635 608 1691 quod
624 1635 670 1679 boc
681 1633 827 1692 prohibitum
839 1633 906 1678 fuerit
917 1634 982 1691 genti
992 1634 1104 1694 judaieae
1112 1641 1130 1677 et
1139 1632 1167 1677 lsn

110 1701 195 1755 litloae,
211 1715 289 1752 mma,
306 1716 329 1748 n.
347 1716 418 1758 2722:
439 1703 506 1758 quod
522 1701 636 1746 “cossa''
652 1701 785 1758 significent
800 1701 864 1745 bom
879 1701 1007 1752 charitatis,
1023 1715 1100 1752 cama,
1112 1713 1131 1745 a.
1143 1699 1167 1753 ⁶⁴:

112 1776 204 1835 10438.)
247 1760 352 1841 Apud
370 1759 567 1829 Hosclaeaaeu,

162 1901 258 1950 uVitis
268 1916 354 1949 vacua
367 1899 459 1957 Israel,
473 1897 591 1948 frudinm
602 1899 666 1948 facit
679 1899 795 1948 similem
808 1899 860 1948 sibi
871 1914 877 1954 ς
895 1901 1004 1962 quando
1014 1900 1108 1948 multus
1118 1891 1167 1946 frufi

240 1966 300 2027 ejus
312 1966 470 2027 multiplicat
482 1966 587 2021 altaria,
601 1966 710 2028 quando
723 1967 791 2013 bene
804 1973 846 2013 est
858 1975 945 2013 terrae
956 1966 1015 2027 ejus
1027 1968 1108 2013 bonas
1118 1962 1167 2011 facit

241 2041 360 2080 statuas:
379 2031 551 2079 adblanditur
568 2045 615 2078 cor
632 2045 735 2086 eorum,
755 2030 810 2092 jam
829 2030 943 2078 desolati
961 2040 1040 2086 sunt;
1063 2031 1104 2078 ille
1119 2039 1167 2076 ever

240 2096 337 2144 altaria
349 2096 464 2151 illorum.
479 2095 631 2144 devastabit
643 2105 745 2144 statuas
760 2096 866 2143 illorum
876 2094 890 2112 ''
902 2101 938 2154 (x.
951 2107 973 2152 1,
985 2102 1025 2157 ay:

114 2240 134 2267 ‘⁸
146 2234 249 2297 lsrael
261 2235 276 2258 ”
289 2234 341 2297 hic
359 2234 526 2315 significat
540 2234 729 2306 ecclesiam,
742 2255 827 2315 quae
842 2235 951 2296 “vitis
964 2234 1092 2296 vacua”
1102 2233 1167 2295 dicit

113 2347 190 2392 cum
209 2349 277 2392 non
296 2348 411 2392 verum
431 2328 597 2409 amplius;
621 2328 733 2390 cultus
756 2328 825 2408 ejus
844 2349 888 2391 ex
908 2329 1006 2390 malis
1025 2328 1167 2408 intelligit

112 2442 172 2504 per
192 2422 340 2484 “altaria
352 2421 366 2444 ”
386 2442 471 2502 quae
491 2421 715 2503 multiplicat;
740 2432 775 2484 et
795 2421 908 2484 cultus
926 2444 970 2484 ex
990 2422 1080 2484 falsis
1098 2419 1169 2484 intel

111 2518 203 2598 gitur
226 2535 284 2596 per
309 2515 494 2578 “statuas”
518 2536 600 2596 quas
628 2515 735 2577 bonas
762 2515 860 2578 facit:
893 2517 982 2597 quod
1011 2516 1074 2578 hoc
1100 2516 1167 2578 facia

112 2620 275 2692 quantum
299 2610 485 2680 abundant,
511 2609 720 2690 significatur
747 2631 806 2691 per
831 2612 995 2692 “quando
1022 2611 1142 2672 multus
1164 2637 1167 2664 ι

111 2701 236 2767 fruetus
254 2703 335 2783 ejus,
349 2714 390 2765 et
410 2705 545 2784 quando
569 2703 655 2765 bene
674 2714 726 2765 est
747 2714 857 2767 terrae
876 2704 945 2784 ejus
957 2705 984 2780 ;”
1006 2705 1095 2786 quod
1113 2702 1167 2765 cult

112 2819 156 2861 ex
186 2798 284 2859 malis
310 2808 345 2859 et
375 2818 419 2859 ex
451 2797 542 2859 falsis
575 2799 779 2870 destruetur,
812 2798 1021 2879 significatur
1051 2819 1107 2880 per
1134 2818 1167 2878 qe

113 2898 273 2954 “evertet
301 2891 421 2954 altaria
450 2891 593 2964 illorum,
619 2902 653 2953 et
681 2892 875 2954 devastabit
902 2903 1036 2954 statuas
1066 2892 1167 2954 illorur

112 2985 197 3043 (Quod
206 2991 219 3007 ⁸·
226 2992 317 3030 statuae
325 2985 337 2999 ''
346 2985 624 3042 significaverintcultum
633 2999 662 3029 ex
671 2986 737 3036 veris.
744 2999 773 3031 ae
783 2986 807 3030 in
818 2987 929 3043 opposito
940 3000 1011 3030 sensu
1017 2987 1107 3031 cultum
1117 3001 1145 3031 ex
1155 2985 1167 3030 f

112 3060 145 3105 ita
158 3059 340 3111 idololatricam.
356 3060 463 3104 videatur
478 3073 501 3104 n.
516 3061 769 3118 3727,4580,1o643.)
812 3044 917 3125 Apud
936 3044 1149 3118 Ezecltt'ellm,

163 3185 230 3235 “Sic
240 3185 306 3234 dixit
317 3185 452 3233 Dominus
463 3185 578 3248 Jebovih
589 3186 726 3234 montibus
735 3195 761 3234 et
771 3186 892 3244 collibus,
904 3187 992 3236 alveis
1001 3196 1028 3235 et
1037 3187 1167 3243 vallibus..

244 3249 302 3311 Ego
315 3251 451 3299 adducens
463 3266 543 3312 super
556 3265 604 3299 vos
616 3250 743 3312 gladium,
755 3261 782 3299 et
794 3252 904 3313 perdam
917 3252 1024 3300 excelsa
1033 3261 1130 3310 vestra,
1143 3261 1168 3300 et

243 3325 379 3364 struentur
393 3316 490 3364 altaria
502 3325 600 3372 vestra,
615 3316 773 3377 frangentur
785 3317 887 3365 solares
899 3326 1004 3366 statuae
1017 3329 1129 3375 vestrae,
1143 3317 1167 3366 in

241 3380 338 3429 faciam
353 3382 449 3430 cadere
464 3381 608 3430 confossos
623 3392 728 3430 vestros
745 3396 836 3431 coram
851 3382 931 3430 idolis
943 3383 1041 3432 vestris
1049 3382 1063 3400 '⁹
1074 3383 1119 3443 (vi.
1131 3394 1167 3443 3„

244 3448 297 3506 13):

114 3585 243 3649 “Dixit
264 3587 430 3649 Dominus
446 3586 591 3667 Jehovih
609 3586 791 3661 montibus,
812 3586 965 3662 collibus,
983 3589 1087 3651 alveis
1104 3599 1167 3651 etv

112 3677 228 3753 libus,”
245 3700 312 3742 non
329 3681 497 3762 significat
512 3682 669 3743 omnibus
686 3683 740 3761 qui
757 3681 800 3743 ibi
818 3681 986 3755 habitant,
1001 3683 1060 3745 sed
1074 3683 1167 3745 omni'

111 3773 312 3848 idololatris,
333 3777 388 3856 qui
419 3795 540 3856 nempe
565 3794 665 3856 super
692 3775 864 3837 montibus
888 3786 922 3838 et
953 3778 1096 3840 collibus
1122 3786 1154 3840 et

113 3868 229 3930 alveos
252 3878 286 3930 et
318 3871 350 3930 in
374 3869 519 3931 vallibus
548 3871 767 3932 instituerunt
795 3869 935 3942 cultum,
960 3871 1051 3951 quod
1077 3871 1167 3934 fecer

111 3973 249 4043 propter
273 3965 605 4044 repraesentationes
629 3974 664 4025 et
693 3965 771 4025 inde
798 3963 1064 4044 significationes
1090 3985 1167 4028 eoru

112 4057 309 4119 “adducere
323 4078 421 4138 super
434 4079 495 4119 vos
512 4057 675 4138 gladium,
690 4067 724 4120 et
739 4058 878 4139 perdere
891 4059 1041 4134 excelsa,
1055 4061 1167 4122 destra

110 4151 242 4223 altaria,
256 4162 291 4213 et
304 4150 458 4231 frangere
469 4152 596 4214 solares
610 4151 774 4226 statuas,”
784 4152 953 4233 significat
967 4154 1167 4217 destruere<

111 4246 165 4306 nia
184 4245 295 4307 cultus
315 4245 518 4307 idololatrici
539 4267 597 4327 per
614 4246 697 4308 falsa
716 4256 750 4308 et
771 4247 870 4317 mala,
889 4267 968 4309 nam
988 4248 1099 4310 cultus
1116 4248 1167 4309 idc

112 4337 251 4401 latricus
270 4350 378 4402 semet
399 4361 457 4420 per
476 4339 534 4401 illa
554 4341 719 4417 destruit;
745 4346 764 4371 “
775 4340 908 4421 gladius
916 4341 931 4364 ''
947 4343 1037 4404 enim
1057 4337 1167 4423 signifi

112 4432 195 4495 falsa
203 4434 425 4508 destruentia,
439 4441 458 4464 ·‘
467 4434 606 4496 excelsa
615 4434 629 4456 ”
642 4434 770 4497 cultum
782 4433 1032 4498 idololatricum
1042 4438 1075 4499 in
1087 4452 1167 4517 gene
