2684 4988
356 475 442 527 cnr.
459 476 519 532 v1..
536 475 638 525 vans.
659 476 785 525 11.—u.
804 460 929 545 395[b].
1143 465 1201 549 851

104 662 142 705 er
159 642 407 724 “prophetas''
424 641 657 722 significantur
675 642 730 722 qui
752 642 880 706 docent
902 664 983 705 vera
1005 663 1050 706 ex
1073 637 1202 718 Verbo,

104 748 122 800 :t
145 740 176 801 in
201 758 304 800 sensu
331 733 510 799 abstrafto
533 756 612 798 vera
634 736 810 799 doetrinae
835 758 879 799 ex
904 737 1041 814 Verb0;
1068 748 1104 801 et
1125 741 1204 822 quia

104 852 169 894 iaec
184 852 242 912 per
256 838 277 864 ‘¹
287 831 477 913 prophetas
485 829 500 853 ”
512 829 802 910 significabantur,
819 831 896 892 ideo
912 830 960 892 illi
975 831 1204 897 induebantur

104 945 171 1006 :oga
184 925 259 1006 pili:
283 945 343 1006 per
358 932 378 956 ‘⁴
388 935 507 1005 togam
517 923 532 946 ”
544 925 634 986 enim
649 930 668 955 ‘⁸
678 923 760 1004 pili‘’
772 924 1027 1004 significabatur
1042 925 1202 988 Divinum

104 1019 214 1081 Verum
232 1021 265 1081 in
285 1019 426 1093 ultimiS,
445 1018 537 1100 quod
558 1027 611 1080 est
631 1016 790 1078 Divinum
811 1016 939 1079 Verum
959 1019 991 1079 in
1010 1020 1202 1096 communi;

104 1132 169 1173 nam
180 1113 334 1175 ultimum
347 1113 503 1174 continet
516 1113 630 1173 omnia
642 1112 813 1183 interiora,
827 1117 846 1142 ‘⁸
856 1110 944 1191 pilus
953 1111 968 1133 ”
980 1113 1085 1173 etiam
1096 1113 1202 1193 signi·

107 1203 347 1268 icatultimum.
392 1205 477 1267 lnde
496 1214 570 1267 erat

150 1336 220 1400 Quod
231 1337 314 1386 etiam
329 1337 403 1386 Elias
415 1353 449 1385 ex
461 1346 525 1398 toga
537 1352 586 1385 sua
595 1333 682 1385 dietus
692 1336 773 1386 luerit
785 1336 851 1385 “vir
862 1336 964 1398 pilosus
971 1334 985 1354 ”
994 1335 1020 1393 (2
1029 1337 1090 1400 Reg.
1100 1335 1118 1394 l,
1129 1347 1152 1396 7,
1162 1336 1202 1398 bl:

151 1402 179 1450 Et
189 1405 256 1466 quod
267 1403 410 1466 lohannes
426 1403 548 1464 Baptista
559 1403 614 1466 (qui
628 1403 698 1451 sicut
714 1402 786 1450 Elias
799 1402 857 1459 luit,
872 1402 935 1463 quia
949 1401 1036 1449 simile
1048 1415 1203 1463 repraesen-

216 1470 299 1531 tabat)
311 1468 436 1516 habuerit
450 1469 665 1517 “vestimentum
678 1482 711 1516 ex
723 1468 785 1529 pilis
797 1466 959 1515 camelinis”
971 1467 1079 1528 (Matri.
1090 1466 1127 1515 iii.
1136 1468 1171 1527 4).

113 1593 153 1658 Ex
172 1596 218 1659 his
240 1608 338 1679 patet
360 1597 441 1679 quid
464 1596 671 1678 significatur
693 1616 753 1677 per
774 1596 864 1677 quod
891 1596 1080 1677 prophetae
1104 1601 1201 1657 “non

112 1691 228 1753 induent
244 1701 365 1771 togam
382 1691 441 1772 pili
457 1701 493 1753 ut
508 1690 747 1763 mentiantur,”
760 1709 883 1771 nempe
896 1689 987 1771 quod
1004 1709 1072 1750 non
1085 1689 1201 1752 dicent

113 1801 173 1846 vera
185 1806 255 1847 esse
270 1784 357 1847 falsa
372 1794 408 1847 et
424 1784 507 1847 salsa
523 1804 597 1846 esse
612 1804 711 1860 vera3
733 1785 897 1846 “mentiri
909 1783 924 1807 ’'
940 1783 1005 1845 hoc
1022 1782 1201 1863 significat.

113 1875 256 1957 Quoniam
279 1878 376 1941 Elias
399 1880 669 1959 repraesentavit
694 1878 879 1940 Dominum
900 1877 1012 1958 quoad
1036 1875 1201 1950 Verbum,

112 1973 181 2053 quod
191 1983 242 2035 est
254 1974 329 2054 ipsa
342 1972 497 2036 dottrina
509 1973 590 2046 veri,
604 1982 639 2034 et
656 1971 812 2033 Elisaeus
824 1972 1201 2051 continuabatreprae·

113 2068 329 2139 tentationem,
348 2076 384 2129 et
403 2069 480 2147 quia
500 2073 614 2146 “toga
623 2065 638 2089 ’¹
656 2065 873 2146 significabat
893 2065 1053 2127 Divinum
1072 2062 1201 2126 Verum

113 2160 320 2234 incommuni‚
338 2162 430 2242 quod
449 2171 501 2223 est
520 2160 674 2223 Verbum
693 2163 725 2223 in
745 2161 884 2234 ultimis,
904 2161 981 2222 ideo
1000 2169 1084 2239 toga
1103 2158 1202 2222 Eliae

113 2257 304 2333 pervenitad
326 2255 512 2328 Elisaeum,
532 2265 567 2317 et
586 2276 720 2336 quoque
740 2275 799 2336 per
818 2264 937 2334 togam
958 2253 1055 2316 Eliae
1074 2254 1202 2316 divisae

114 2361 170 2411 sunt
185 2371 288 2432 aquae
306 2348 477 2429 Jordanis,
497 2349 682 2411 secundum
701 2348 786 2410 haec
805 2349 838 2410 in
856 2347 976 2410 Libris
993 2348 1123 2428 Regum
1134 2369 1188 2409 :—

153 2488 209 2539 Cum
221 2490 293 2567 Plias
304 2489 409 2615 ipvenit
420 2487 587 2547 Elisaeum‚“
595 2488 708 2551 projecit
718 2498 808 2550 togam
819 2502 896 2537 suam
906 2503 986 2551 super
996 2488 1071 2537 illurn
1079 2486 1093 2508 ”
1102 2486 1126 2546 (ι
1139 2488 1201 2553 Reg.

216 2571 268 2604 xix.
281 2568 312 2616 19
332 2572 337 2604 :

150 2619 234 2669 “Elias
251 2620 368 2682 sumpsit
387 2628 477 2681 togam
495 2634 580 2677 suam,
600 2628 627 2668 et
644 2619 782 2668 convolvit
802 2619 885 2677 illam,
905 2628 932 2668 et
949 2619 1080 2681 percussit
1097 2633 1181 2681 aquas
1188 2618 1203 2637 '⁸

215 2686 351 2749 Jordanis,
365 2688 382 2706 ¹¹
391 2700 458 2747 quae
469 2686 571 2734 divisae
584 2694 647 2734 sunt
659 2686 709 2733 huc
722 2694 749 2733 et
762 2685 833 2741 illuc,
847 2695 874 2733 et
887 2685 1070 2734 transiverunt
1081 2686 1162 2733 ambo
1175 2685 1202 2733 ln

217 2752 288 2799 sicco
297 2750 311 2768 ''
324 2758 350 2808 (2
363 2752 424 2813 Reg.
435 2751 460 2798 ii.
473 2751 512 2808 Bi:

151 2815 285 2865 “Elisaeus
300 2815 419 2864 videns''
434 2830 493 2864 curn
508 2815 615 2864 ablatus
629 2824 670 2864 est
689 2815 761 2864 Elias
774 2815 882 2864 turbine
896 2815 924 2863 in
939 2815 1065 2870 caelum..
1076 2852 1098 2864 ..
1109 2816 1204 2864 Μυε-

218 2882 277 2930 tulit
295 2893 389 2943 togam
409 2881 492 2937 Eliae,
509 2896 577 2943 quae
591 2881 726 2929 deciderat
741 2881 855 2942 desuper
869 2881 924 2937 illo,
942 2890 968 2929 et
986 2895 1108 2929 reversus
1121 2889 1164 2929 est
1177 2889 1204 2929 et

216 2948 290 2996 stetit
309 2948 345 2994 ad
364 2946 428 2994 litus
446 2945 589 3009 jordanis:
614 2955 640 2994 et
657 2946 772 3008 sumpsit
791 2956 882 3007 togam
902 2947 1031 3003 illam...
1043 2955 1080 2995 ‚et
1099 2959 1204 3007 percus-

216 3013 250 3061 sit
267 3026 362 3075 aquas,
377 3026 446 3075 quae
461 3012 564 3060 divisae
582 3020 644 3059 sunt
661 3012 712 3059 huc
729 3022 756 3059 et
774 3012 844 3070 illuc,
861 3021 887 3060 et
906 3011 1051 3059 transivit''
1063 3012 1088 3074 (2
1100 3013 1162 3076 Reg.
1174 3011 1201 3061 ii.

218 3086 320 3137 12-14):
367 3088 371 3094 ·

116 3210 180 3286 quod
196 3210 318 3272 “Elias
338 3220 457 3290 togam
474 3208 651 3290 projecerit
668 3229 767 3289 super
783 3207 973 3270 Elisaeum”
990 3206 1203 3288 significabat

115 3304 179 3381 quod
195 3303 392 3367 transferret
410 3305 758 3384 repraesentationem
774 3303 909 3364 Domini
927 3303 1037 3384 quoad
1050 3302 1202 3365 Verbum

115 3411 187 3476 super
213 3399 409 3474 Elisaeum3
445 3407 480 3460 et
509 3397 599 3479 quod
630 3403 742 3477 “toga
767 3396 929 3458 deciderit
955 3398 997 3458 de
1026 3396 1102 3458 Elia
1126 3416 1203 3459 cum

114 3488 220 3554 ablatus
239 3503 304 3566 est,
330 3503 365 3554 et
389 3491 480 3572 quod
504 3502 641 3572 sumpta
665 3492 708 3552 sit
733 3491 776 3552 ab
799 3491 966 3563 Elisae0,'’
989 3489 1203 3572 significabat

114 3587 179 3662 quod
194 3587 463 3669 repraesentatio
480 3585 537 3648 illa
555 3585 720 3647 translata
737 3586 780 3647 sit
797 3606 896 3666 super
907 3584 1100 3661 Elisaeum;
1124 3605 1203 3648 nam

114 3672 183 3742 Elias
194 3693 227 3743 et
241 3681 397 3743 Elisaeus
410 3680 712 3761 repraesentabant
726 3679 907 3741 Dominum
917 3681 1028 3762 quoad
1040 3680 1201 3752 Verbum,

113 3777 271 3838 revestiti
299 3784 378 3837 sunt
410 3775 596 3837 secundum
623 3775 657 3838 id
690 3775 779 3855 quod
807 3776 1133 3856 repraesentabant;
1168 3788 1203 3840 et

114 3868 201 3948 “toga
210 3867 224 3892 ’¹
244 3868 459 3950 significabat
477 3867 628 3930 Verbum
652 3869 685 3930 in
702 3868 839 3942 ultimis,
864 3869 953 3951 quod
971 3879 1024 3930 est
1042 3869 1201 3932 Divinum

114 3953 215 4025 Verum
228 3964 260 4025 in
272 3964 454 4031 communi,
469 3982 527 4024 seu
537 3962 694 4024 Divinum
710 3962 835 4024 Verum
850 3964 881 4024 in
893 3965 984 4025 omni
998 3964 1181 4045 complexu
1195 3986 1201 4026 :
1241 3976 1248 3994 ”

113 4057 180 4130 quod
191 4063 209 4088 ‘⁸
219 4079 277 4138 per
289 4067 409 4138 togam
421 4056 518 4118 Eliae
528 4057 654 4119 divisae
667 4058 734 4118 sint
748 4078 854 4138 aquae
867 4058 1051 4138 Jordanis,”
1060 4060 1202 4139 primum

114 4145 144 4207 ab
156 4148 227 4215 Elia
239 4161 273 4213 et
290 4162 411 4232 postea
423 4151 466 4213 ab
482 4150 630 4225 Elisaeo,
648 4150 862 4231 significabat
882 4153 1073 4233 potentiam
1090 4152 1202 4215 Divini

115 4234 175 4304 Veri
195 4246 225 4306 in
249 4246 394 4322 ultimis;
427 4244 585 4327 “aquae'’
607 4246 709 4307 etiam
736 4245 941 4326 “Jordanis”
965 4245 1203 4326 significabant

115 4335 198 4410 pn'ma
218 4361 295 4402 vera
314 4361 373 4422 per
393 4360 479 4422 quae
497 4341 642 4402 intratur
661 4340 693 4401 in
713 4340 905 4414 ecclesiam,
927 4349 962 4402 et
986 4340 1070 4403 haec
1095 4342 1202 4421 prima

116 4440 174 4491 sunt
191 4453 271 4513 quae
293 4436 325 4497 in
346 4434 452 4497 Verbi
477 4435 621 4496 ultimis:
648 4435 724 4497 inde
748 4454 880 4517 quoque
904 4445 1063 4498 constare
1085 4445 1202 4517 potest
