2684 4988
107 477 171 560 756
418 491 668 543 svocnnvssrs
691 491 915 543 sxmrcsrs.

108 661 231 725 dicitur
249 658 411 726 “Uniius
428 661 603 742 jehovae”
623 662 655 724 in
672 682 772 724 sensu
788 662 1088 743 repraesentativo
1104 661 1239 726 intelli·

109 764 211 834 gatur
231 755 415 830 Dominus;
436 765 472 818 ut
489 754 577 836 apud
596 752 749 828 Esaiam,

160 887 300 949 “Spiritus
314 886 423 936 Domini
436 886 551 951 Jehovih
563 902 644 949 super
657 887 710 946 Me,
724 888 787 936 ideo
799 889 877 937 unxit
888 888 1011 952 Jebovah
1031 889 1080 938 Me
1098 890 1135 938 ad
1154 904 1238 938 evan·

239 954 408 1014 gelizandum
422 954 600 1015 pauperibus:
619 954 691 1002 misit
708 953 752 1002 Me
771 955 804 1002 ad
823 954 998 1015 obligandum
1016 953 1123 1004 fractos
1142 956 1235 1011 corde,

237 1018 272 1066 ad
284 1019 490 1081 praedicandum
503 1018 617 1080 captivis
629 1018 803 1068 libertatem''
816 1019 871 1080 (lxi.
886 1021 916 1079 1).

110 1136 209 1218 Quod
231 1136 396 1198 Dominus
415 1135 526 1217 quoad
547 1135 705 1197 Divinum
728 1134 923 1197 Humanum
943 1135 987 1197 sit
1006 1152 1111 1216 quem
1132 1135 1234 1198 unxit

107 1229 273 1311 Jehovah‚
291 1240 428 1292 constat
446 1229 535 1310 apud
551 1228 684 1302 Lucam,
702 1228 756 1290 ubi
776 1228 940 1290 Dominus
959 1229 993 1291 id
1010 1240 1133 1310 aperte
1150 1229 1233 1291 dicit

109 1323 162 1385 his
180 1324 301 1395 verbis,

158 1442 283 1492 Traditus
289 1441 402 1505 estJesu
414 1445 431 1465 ‘⁸
440 1440 519 1490 Liber
529 1440 626 1490 Esaiae
633 1442 796 1504 prophetae:
811 1450 837 1489 et
848 1440 962 1490 revolvit
971 1440 1080 1498 librum,
1089 1452 1116 1488 et
1128 1441 1229 1489 invenit

240 1508 327 1556 locum
340 1508 384 1555 ubi
397 1517 455 1556 erat
467 1507 604 1568 scriptum,
620 1506 736 1569 Spiritus
750 1506 860 1554 Domini
873 1520 953 1567 super
966 1504 1021 1561 Me,
1036 1516 1150 1568 propter
1161 1507 1231 1568 quod

239 1573 315 1620 unxit
329 1571 382 1630 Me,
397 1573 431 1621 ad
443 1572 683 1633 evangelizandum
698 1571 861 1633 pauperibus
874 1570 947 1619 misit
960 1570 1014 1627 llle,
1029 1571 1065 1618 ad
1076 1572 1229 1619 sanandum

243 1637 375 1686 contritos
387 1638 476 1694 corde,
490 1637 524 1685 ad
537 1636 775 1698 evangelizandum
783 1633 882 1684 vinclis
894 1636 1093 1692 remissionem,
1105 1646 1133 1685 et
1146 1637 1230 1685 caecis

239 1702 336 1759 visum,
351 1703 384 1751 ad
397 1702 590 1751 dimittendum
603 1702 739 1750 sauciatos
756 1716 816 1749 cum
835 1701 1005 1760 remissione,
1020 1701 1055 1749 ad
1075 1701 1231 1764 praedican-

241 1767 303 1815 dum
322 1783 422 1815 annum
443 1767 555 1816 Domini
570 1777 724 1829 acceptum:
744 1775 839 1828 postea
856 1766 1021 1814 convolvens
1040 1765 1141 1815 librum
1159 1766 1231 1814 dedit

241 1833 372 1890 ministro,
392 1848 424 1881 ac
441 1833 579 1887 consedit:
605 1833 725 1880 omniurn
744 1842 834 1880 autem
858 1831 885 1879 in
904 1845 1045 1892 synagoga
1063 1832 1137 1880 oculi
1155 1842 1231 1879 erant

240 1898 341 1946 detenti
355 1898 382 1945 in
396 1897 503 1959 lpsum:
522 1898 611 1959 coepit
628 1897 718 1945 dicere
730 1896 764 1945 ad
777 1896 848 1954 illos,
865 1895 954 1945 Hodie
967 1896 1082 1958 impleta
1094 1906 1138 1945 est
1149 1898 1231 1958 scrip-

239 1973 298 2012 tura
310 1964 376 2012 haec
389 1963 415 2010 in
428 1963 538 2012 auribus
550 1961 668 2011 vestris''
681 1962 726 2022 (iv.
742 1964 839 2020 17·ar).

113 2066 217 2148 Apud
236 2065 416 2140 Danielem,

162 2165 259 2214 “Scito
276 2180 341 2225 ergo
358 2173 385 2214 et
402 2165 540 2226 percipito,
560 2165 594 2213 ab
612 2165 684 2213 exitu
698 2164 779 2214 Verbi
844 2178 876 2212 ue
891 2164 924 2212 ad
942 2164 1140 2213 restituendum
1154 2174 1182 2214 et
1198 2165 1230 2214 ad

241 2230 434 2279 aedificandum
448 2228 676 2292 Hierosolymam,
690 2229 819 2293 usquead
868 2228 965 2277 essiam
980 2229 1134 2292 Principem
1152 2230 1232 2293 septi·

240 2310 336 2344 manae
349 2306 451 2357 septem
461 2294 475 2314 '⁹
487 2296 532 2356 (ix.
547 2296 602 2355 25):
614 2299 619 2311 '

112 2418 316 2482 “aedificare
329 2419 603 2498 Hierosolymam
612 2418 627 2441 '¹
638 2429 693 2481 est
707 2419 893 2480 instaurare
903 2416 1083 2480 ecclesiam
1098 2416 1135 2499 (⁴⁴
1149 2418 1230 2482 Hie·

110 2511 280 2592 rosolyma
289 2511 303 2534 '⁸
314 2522 366 2573 est
378 2509 537 2592 ecclesia)
552 2533 559 2587 ;
579 2517 599 2542 ‘⁶
612 2511 754 2573 Messias
766 2510 953 2592 Princeps,”
964 2531 1023 2573 seu
1037 2517 1057 2542 ‘⁶
1066 2509 1231 2584 UndiuS,”

111 2614 163 2667 est
186 2604 351 2666 Dominus
370 2605 481 2686 quoad
506 2605 665 2667 Divinum
691 2605 896 2666 Humanum.
942 2603 1047 2684 Apud
1071 2605 1230 2679 eundem,

162 2741 178 2760 '⁶
188 2737 361 2800 Septimanae
374 2739 544 2799 septuaginta
556 2738 661 2786 decisae
673 2747 748 2785 sunt.
759 2775 764 2786 .
775 2775 780 2785 .
791 2737 836 2786 ,ad
848 2736 1045 2797 obsignandum
1056 2736 1192 2785 visionem
1206 2745 1232 2786 et

191 2832 195 2840 ·
243 2804 410 2867 prophetam,
425 2814 452 2851 et
464 2803 497 2851 ad
510 2804 662 2864 ungendum
676 2800 803 2852 Sandlum
816 2799 992 2850 sanilorum”
1004 2803 1050 2862 (ix.
1063 2805 1120 2862 θυι

112 2935 320 3015 “obsignare
348 2935 512 2998 visionem
541 2943 575 2996 et
608 2932 833 3017 prophetam”
860 2946 912 2996 est
941 2930 1147 2998 concludere
1174 2933 1232 2997 illa

111 3048 198 3110 quae
222 3030 254 3089 in
279 3027 395 3091 Verbo
418 3028 460 3090 de
485 3027 634 3089 Domino
657 3024 748 3089 dicta
771 3037 862 3098 sunt,
887 3037 921 3089 et
950 3025 1124 3108 complere
1151 3026 1230 3103 illa;

112 3127 270 3201 “ungere
305 3119 466 3184 sanetum
501 3117 724 3191 sandiorum,”
753 3129 806 3181 est
841 3118 1000 3181 Divinum
1033 3118 1231 3182 Humanum

112 3214 248 3278 Domini
267 3216 299 3275 in
316 3235 383 3295 quo
399 3215 459 3276 suit
481 3212 640 3275 Divinum
660 3212 789 3274 Bonum
808 3211 921 3274 Divini
941 3211 1080 3275 Amoris
1100 3233 1160 3275 seu
1176 3213 1232 3294 Je-

110 3307 233 3370 hovah.
272 3307 333 3369 Per
351 3304 532 3370 “Unitum
548 3305 721 3386 Jehovae”
738 3306 770 3367 in
787 3307 1007 3386 sequentibus
1024 3304 1110 3368 locis
1126 3306 1232 3370 etiam

112 3400 276 3463 Dominus
295 3399 497 3480 intelligitur
508 3398 664 3480 t-Apud
684 3397 859 3474 Davidem,

161 3537 178 3558 ‘⁸
186 3534 370 3585 Constiterunt
382 3550 459 3596 reges
472 3544 566 3591 terrae,
576 3545 603 3582 et
615 3534 798 3583 dominatores
811 3534 996 3583 consultatunt
1008 3549 1064 3583 una
1081 3547 1178 3587 contra
1190 3537 1235 3602 Je.

240 3602 338 3648 hovam
351 3611 377 3648 et
389 3611 482 3649 contra
493 3597 609 3648 Undium
622 3599 709 3661 ipsius
720 3616 738 3648 :.
749 3637 754 3648 .
765 3636 770 3648 .
781 3599 852 3661 .Ego
862 3601 925 3648 unxi
938 3599 1039 3661 Regem
1050 3615 1142 3650 meum
1152 3617 1235 3667 super

240 3665 359 3721 Zionem,
374 3675 495 3713 montem
512 3660 661 3714 sanclitatis
674 3663 772 3713 meae'’
784 3664 840 3725 (Ps.
853 3665 878 3714 ii.
892 3677 915 3719 2,
927 3665 967 3726 6):

113 3802 239 3877 “reges
266 3795 400 3859 terrae”
427 3804 505 3857 sunt
536 3794 630 3867 salsa,
655 3805 689 3856 et
721 3794 1007 3857 “dominatores’‘
1033 3805 1115 3858 sunt
1144 3799 1237 3862 mala

111 3909 196 3970 quae
212 3888 256 3949 ab
272 3887 421 3961 infernis,
434 3899 557 3951 contra
573 3908 660 3969 quae
678 3887 854 3962 Dominus,
872 3907 948 3950 cum
965 3888 1024 3950 suit
1042 3889 1075 3950 in
1093 3893 1237 3965 mundo,

111 3981 287 4062 pugnavit,
308 3991 342 4043 et
366 4001 451 4062 quae
471 3982 551 4043 vicit
572 3991 607 4042 et
631 3980 843 4060 subjugavit3
870 3978 1034 4045 “Uncius
1056 3980 1238 4061 Jehovae”

110 4083 163 4136 est
181 4074 346 4136 Dominus
365 4074 476 4155 quoad
495 4073 655 4135 Divinum
674 4072 880 4148 Humanum,
898 4095 942 4136 ex
959 4095 1026 4155 quo
1042 4079 1237 4156 pugnavit3

112 4165 236 4236 “Zion,
261 4185 358 4228 mons
385 4163 607 4239 sanititatisss’
631 4187 731 4247 super
758 4186 858 4248 quem
886 4167 1008 4228 dicitur
1037 4165 1175 4231 Undius
1203 4172 1249 4232 in.

111 4260 255 4339 Regem,
280 4270 332 4321 est
356 4278 498 4339 regnum
522 4260 685 4335 caeleste,
710 4260 799 4341 quod
831 4271 883 4322 est
915 4259 1062 4322 inbono
1085 4264 1272 4339 amoris:

110 4352 174 4415 hoc
192 4371 333 4434 regnum
346 4363 398 4415 est
412 4353 568 4415 intimum
585 4353 670 4415 caeli
687 4373 725 4415 ac
743 4355 899 4415 intimum
917 4352 1092 4416 ecclesiae.
1125 4352 1272 4437 Aput·

110 4446 267 4518 eundem,
