2684 4988
358 498 439 549 cnr.
455 496 530 560 vn,
548 497 651 549 vens.
672 497 778 547 1.-n.
794 482 916 568 419[c].
1116 500 1197 567 1019

114 669 168 728 tun
179 665 351 741 sanctum?
366 666 533 749 significat
551 668 658 730 simile
677 668 766 750 quod
781 668 935 749 Jehovah
953 666 1194 748 “inspiraverit

109 757 241 824 intrares
270 761 398 824 Adami
430 763 577 824 animam
609 762 783 835 vitarum,”
812 761 902 843 quod
936 781 1057 842 nempe
1087 763 1194 824 vitam

107 855 295 934 spiritualem,
329 857 495 937 “spiritus
524 853 683 919 sanstus”
712 858 801 918 enim
836 855 1004 937 significat
1035 855 1194 918 Divinum

106 945 208 1012 Verum
225 951 412 1031 procedens
431 971 452 1014 a
468 950 625 1026 Domino,
644 971 689 1013 ex
707 971 775 1032 quo
791 952 861 1012 vita
879 950 1078 1031 spiritualis:
1103 948 1193 1033 quod

104 1040 239 1106 docerent
266 1042 349 1105 illud
376 1065 420 1106 ex
449 1044 607 1117 Domino,
631 1043 839 1124 significatur
866 1063 925 1124 per
952 1043 1075 1106 “Sicut
1103 1043 1194 1106 misit

104 1133 148 1198 Me
166 1136 258 1200 Pater
280 1139 328 1200 ita
352 1137 428 1217 Ego
451 1139 552 1200 mitto
571 1159 631 1200 vos
643 1137 668 1214 ;¹’
698 1138 863 1200 Dominus
882 1139 971 1200 enirn
993 1137 1055 1200 fuit
1078 1136 1194 1217 Ipsum

104 1228 236 1293 Divinum
260 1230 389 1294 Verum
416 1252 491 1295 cum
517 1234 550 1294 in
579 1231 715 1304 mundo,
739 1232 829 1313 quod
858 1233 972 1294 docuit
999 1252 1043 1294 ex
1071 1231 1195 1293 Divino

104 1340 149 1384 suo
164 1321 253 1384 Bono
271 1323 361 1404 quod
384 1324 417 1384 in
441 1323 521 1403 Ipso
539 1344 583 1384 ex
604 1324 848 1403 conceptione;
879 1323 943 1385 hoc
964 1323 1122 1385 Divinum
1142 1332 1195 1385 est

104 1416 171 1494 quod
189 1416 352 1479 Dominus
375 1416 427 1479 hic
451 1428 486 1478 et
509 1416 587 1478 alibi
612 1428 710 1479 vocat
732 1417 895 1479 “Patrem
908 1416 933 1493 ;‘’
960 1427 994 1479 et
1018 1418 1094 1498 quia
1117 1435 1194 1478 cum

104 1509 216 1572 abirite
236 1510 363 1572 mundo
382 1512 488 1572 univit
508 1510 665 1572 Divinum
687 1509 814 1571 Verum
835 1510 958 1572 Divino
978 1509 1084 1584 Bono,
1104 1519 1141 1571 ut
1161 1509 1194 1571 in

106 1598 163 1681 Ipso
179 1623 277 1665 unum
301 1616 427 1677 essent,
448 1616 483 1667 et
506 1606 583 1686 quia
607 1615 686 1666 tunc
712 1603 869 1666 Divinum
890 1603 1018 1665 Verum
1040 1604 1193 1684 procedit

105 1695 137 1756 ab
150 1695 228 1778 ipso,
249 1697 327 1759 ideo
346 1698 445 1772 dixit,
466 1696 589 1761 “Sicut
613 1698 704 1759 misit
729 1697 784 1759 Me
805 1697 905 1759 Pater
928 1698 975 1759 ita
999 1696 1076 1778 Ego
1095 1698 1196 1760 mitto

106 1786 172 1846 ros.’'

149 1873 200 1956 [0.]
233 1874 336 1957 Quod
362 1885 485 1938 ventus
511 1876 744 1957 respirationis
769 1875 938 1956 significet
965 1877 1070 1938 vitam
1096 1876 1194 1957 spiri·

108 1962 207 2027 rualem
235 1963 272 2026 fit
303 1985 349 2026 ex
379 1966 685 2045 correspondentia
714 1981 833 2038 (videatur
849 1982 873 2025 in
889 1981 993 2026 Ananis
1012 1982 1196 2033 Caelestum.

108 2068 241 2128 sumum:
269 2065 529 2134 cognoscuntur
551 2055 655 2117 etiam
679 2073 799 2115 omnes
823 2055 856 2115 in
879 2055 1007 2116 mundo
1029 2053 1196 2135 spirituali

108 2161 137 2203 ex
156 2146 221 2208 sola
247 2148 480 2226 respiratione,
504 2145 619 2227 quales
642 2157 743 2221 sunt;
773 2147 829 2228 qui
851 2147 884 2208 in
908 2147 977 2208 vita
1003 2146 1216 2227 respiratio·

109 2237 141 2297 nis
157 2240 233 2302 caeli
260 2251 352 2313 sunt,
376 2239 422 2302 illi
449 2240 537 2302 inter
559 2239 701 2320 angelos
725 2252 824 2316 sunt;
855 2241 911 2321 qui
937 2251 1052 2303 autem
1078 2241 1112 2301 in
1139 2239 1196 2302 ilia

109 2333 296 2411 respiratione
323 2353 392 2394 non
421 2343 509 2408 sunt,
541 2334 587 2395 illi
615 2333 694 2396 dum
724 2335 756 2396 in
787 2334 916 2397 caelum
947 2335 1096 2407 veniunt,
1128 2353 1195 2395 non

109 2437 216 2498 possunt
232 2427 397 2507 respirare
412 2427 475 2504 ibi;
498 2427 576 2490 inde
595 2428 659 2490 illis
678 2448 785 2509 angor
804 2429 896 2510 quasi
916 2449 959 2489 ex
977 2427 1195 2489 suffocatione

109 2515 183 2579 litque
193 2537 219 2569 re
232 2524 306 2568 eriam
321 2525 430 2569 videatur
443 2525 467 2569 in
482 2526 586 2570 Arcanr's
603 2526 747 2577 Caelesribus,
762 2539 786 2571 n.
800 2538 865 2583 1119,
877 2528 944 2582 3887,
955 2527 1022 2582 3889,
1034 2527 1101 2581 3892,
1113 2525 1194 2582 3893).

109 2590 143 2658 Ex
158 2619 192 2660 ea
206 2601 509 2681 correspondentia
527 2611 581 2664 est
600 2601 690 2683 quod
709 2603 841 2664 dicatur
858 2599 1089 2681 “inspiratio'’
1105 2600 1195 2682 quod

109 2693 261 2772 prophetae
290 2694 446 2757 dicantur
474 2695 683 2776 “inspirati’'
706 2707 741 2758 et
770 2696 860 2777 quod
888 2694 1037 2757 Verbum
1066 2695 1197 2757 dicatur

108 2781 273 2849 '‘Divinitus
286 2789 513 2869 inspiratum.”
558 2789 613 2850 Ex
631 2790 681 2850 his
694 2799 851 2851 constare
869 2799 982 2869 potest
996 2788 1074 2871 quid
1091 2789 1195 2869 signi·

106 2868 195 2943 icatur
213 2902 272 2963 per
294 2881 431 2944 Domini
450 2884 552 2944 verba
570 2883 659 2965 apud
678 2882 877 2957 Johannem,

137 3013 212 3063 “Nisi
221 3017 281 3078 quis
291 3025 434 3076 generatus
447 3016 526 3064 luerit
538 3032 571 3064 ex
580 3031 650 3079 aqua
661 3027 687 3065 et
701 3017 804 3079 spiritu,
818 3032 872 3065 non
882 3027 971 3079 potest
983 3017 1085 3079 ingredi
1098 3017 1124 3065 in
1138 3031 1196 3078 reg·

206 3095 271 3129 num
286 3081 335 3129 Dei
345 3097 363 3131 :.
375 3092 525 3144 ...oportet
539 3097 587 3130 vos
601 3083 724 3142 generari
739 3083 843 3137 denuo;
861 3092 958 3130 ventus
972 3082 1016 3129 ubi
1030 3083 1086 3130 vult
1101 3082 1193 3143 spirat,

205 3156 233 3194 et
245 3161 340 3194 vocem
353 3146 411 3208 ejus
429 3147 514 3203 audis,
530 3143 626 3210 [¹¹atqui
646 3162 699 3195 non
715 3148 766 3196 scis
782 3148 852 3196 unde
865 3148 939 3196 venit
956 3158 983 3195 et
1000 3162 1052 3210 quo
1065 3147 1136 3204 abit,
1157 3147 1195 3195 sic

205 3220 247 3260 est
258 3211 348 3259 omnis
361 3213 404 3274 qni
416 3221 560 3274 generatus
572 3222 613 3261 est
625 3227 641 3260 a
653 3212 748 3275 spiritu
757 3211 771 3231 ”
783 3212 830 3274 (iii.
843 3225 865 3272 5,
878 3224 901 3272 7,
914 3213 953 3273 8):

104 3331 143 3385 ier
156 3326 334 3406 “generari
350 3325 460 3388 denuo
469 3326 484 3348 ”
500 3326 701 3406 intelligitur
715 3328 925 3408 regenerari;
950 3337 984 3388 et
1001 3327 1077 3407 quia
1093 3326 1195 3388 homo

104 3427 296 3497 'egeneratur
312 3419 491 3498 pervitam
509 3418 695 3481 secundum
715 3420 873 3481 Divinum
891 3419 1029 3493 Verum,
1044 3428 1078 3481 et
1095 3438 1195 3480 omne

104 3498 235 3573 livinum
255 3509 394 3582 Verum,
414 3531 473 3590 per
491 3511 581 3593 quod
607 3512 710 3574 homo
730 3522 960 3593 regeneratur,
979 3512 1131 3592 procedit
1151 3533 1195 3573 ex

104 3591 224 3666 >omino
246 3623 286 3666 ac
310 3603 417 3666 influit
440 3603 529 3684 apud
554 3604 647 3666 illum
666 3606 802 3686 quando
825 3606 942 3676 nescit,
963 3604 1040 3667 inde
1064 3605 1195 3679 dicitur,

104 3690 239 3758 'Ventus
262 3717 331 3778 quo
353 3696 425 3758 vult
449 3697 566 3777 spirat,
586 3708 621 3759 et
646 3717 765 3760 vocem
789 3697 859 3778 ejus
882 3698 987 3771 audis,
1011 3697 1104 3778 atqui
1128 3717 1195 3759 non

104 3787 147 3848 cis
166 3790 251 3853 unde
271 3791 364 3854 venit
388 3801 423 3854 et
446 3811 512 3872 quo
537 3791 607 3853 abit
620 3789 646 3851 :''
676 3792 724 3852 ita
746 3791 946 3853 describitur
968 3791 1038 3852 vita
1061 3790 1196 3870 spiritus

104 3883 220 3944 luminis
243 3904 330 3965 quae
356 3885 387 3946 ei
414 3904 472 3964 per
499 3885 817 3964 regenerationem;
850 3891 869 3916 “
884 3894 1004 3945 ventus
1017 3883 1032 3906 ''
1059 3895 1110 3946 est
1138 3884 1197 3946 Di-

104 3969 190 4036 'inum
218 3975 345 4037 Verum
376 3997 435 4056 per
461 3976 552 4059 quod
579 3975 636 4037 ilia
662 3977 756 4053 vita;
784 3976 955 4058 quomodo
981 3976 1013 4037 id
1045 3976 1150 4039 influit
1177 3998 1197 4040 a

104 4055 234 4141 >omino
255 4069 358 4130 homo
378 4089 511 4150 prorsus
532 4070 639 4131 nescit
658 4070 815 4150 quamdiu
835 4079 887 4131 est
906 4071 939 4130 in
959 4069 1095 4142 mundo,
1112 4091 1195 4152 quo-

104 4154 167 4220 riam
180 4174 256 4223 tunc
271 4182 315 4224 ex
329 4161 472 4224 naturali
485 4161 621 4223 homine
632 4163 761 4242 cogitat
775 4183 782 4238 ;
803 4163 904 4224 modo
917 4162 1040 4243 aliquid
1055 4164 1196 4245 percipit

104 4253 168 4324 {uod
184 4275 226 4316 ex
246 4255 409 4336 spirituali
429 4256 564 4317 homine
584 4256 616 4316 in
637 4254 824 4317 naturalem
843 4254 949 4317 influit
961 4277 969 4331 ;
1000 4256 1064 4317 hoc
1081 4257 1195 4337 itaque

104 4350 140 4403 *St
156 4348 238 4428 quod
266 4347 469 4428 intelligitur
492 4367 551 4429 per
575 4347 736 4409 “Vocem
760 4346 830 4428 ejus
852 4349 957 4421 audis,
978 4358 1012 4410 et
1041 4368 1107 4409 non
1131 4348 1196 4410 scis

104 4435 271 4505 mdevenit
295 4451 331 4504 et
355 4462 421 4523 quo
444 4440 553 4503 abit:”
583 4439 721 4522 “aqua''
739 4461 784 4502 ex
807 4461 873 4525 qua
891 4451 1072 4521 generatur
1090 4441 1195 4521 signi·
1233 4431 1235 4435 ¹
