2684 4988
119 506 201 586 1064
427 517 677 570 urocnuvrsls
700 517 926 569 axnrrcnru.

1231 626 1234 655 l

116 693 204 754 niam
224 691 333 753 omnis
352 689 506 770 potentia
524 699 576 752 est
592 689 678 751 veris
697 709 741 751 ex
760 688 862 763 bono,
880 709 938 751 seu
959 689 1049 752 bono
1066 704 1185 770 periero,

114 787 191 849 ideo
210 805 342 866 quoque

164 918 360 981 Superduobus
368 917 499 980 lapidibus
508 918 636 966 scholiam
644 917 747 979 sculpta
754 927 831 967 erant
839 916 1090 966 nominaduodecim
1099 916 1188 970 ninum

244 998 291 1032 seu
301 998 381 1045 super
390 982 493 1046 quovis,
504 993 532 1031 et
541 984 709 1047 ponebantur
718 997 799 1044 super
809 983 881 1032 binis
893 983 1011 1031 humeris
1019 982 1109 1044 ephodi
1118 993 1190 1045 quosu-

245 1049 401 1110 perindutus
414 1048 525 1097 Aharon
540 1048 712 1116 (caprxxviii.
725 1060 805 1109 9-14;
823 1063 881 1110 cap.
893 1048 982 1097 xxxix.
993 1048 1018 1104 6,
1031 1049 1069 1108 7);

114 1199 172 1260 per
184 1178 273 1261 quod
287 1175 537 1259 significabatur
549 1177 704 1258 potentia
717 1175 829 1239 Divini
841 1175 921 1239 Veri
934 1197 979 1239 ex
991 1176 1108 1240 Divino
1116 1174 1190 1246 Bono,

114 1284 148 1336 et
167 1273 245 1335 inde
262 1273 416 1354 potentia
434 1271 499 1334 illis
515 1272 570 1354 qui
586 1271 750 1352 recipiunt
770 1270 929 1334 Divinum
946 1270 1072 1334 Verum
1089 1270 1191 1333 inbono

113 1368 255 1442 amoris;
287 1386 345 1447 per
365 1365 523 1445 “lapides
543 1364 729 1428 schoham”
747 1364 836 1427 enim
860 1363 1126 1447 significabantur
1138 1380 1192 1425 vert

114 1482 157 1523 ex
175 1463 265 1524 bono
277 1461 410 1534 amoris,
424 1480 483 1540 per
499 1465 518 1491 ‘⁴
528 1459 684 1522 humeros
692 1457 707 1482 ”
720 1461 885 1539 potentia,
898 1470 935 1522 et
951 1479 1010 1540 per
1027 1457 1191 1521 “duodecim

113 1551 245 1614 tribus''
264 1551 458 1632 omnesqui
477 1551 509 1612 in
528 1551 617 1613 veris
636 1570 680 1613 ex
699 1549 792 1612 bono
810 1559 900 1612 sunt.
944 1564 1192 1623 <Quou0mnspnuu

113 1645 142 1687 sit
154 1643 241 1687 Divino
250 1644 314 1688 Vero
325 1657 354 1687 er
367 1642 454 1686 Divino
465 1643 542 1693 Bono,
551 1648 575 1687 et
585 1642 641 1686 iude
651 1642 758 1700 potentia
767 1641 811 1685 illis
821 1641 862 1697 qui
874 1641 998 1698 recipiunt.
1006 1642 1107 1686 videatur
1115 1648 1191 1696 suptu-

45 1766 49 1773 ,
113 1717 184 1780 209,
196 1718 270 1781 333ς
288 1718 345 1762 etin
357 1730 429 1774 opere
439 1718 476 1761 De
488 1717 555 1761 Caelo
565 1716 698 1775 etluserno,
707 1729 731 1760 n.
741 1718 858 1773 228-233:
876 1717 944 1772 quod
955 1711 968 1728 ‘¹
976 1715 1087 1760 humerin
1095 1712 1192 1772 sigrifioeul

113 1800 243 1854 potentiam
255 1796 427 1847 omnimodam,
436 1795 461 1840 ln
471 1795 575 1840 Arcanis
588 1795 733 1847 Caelestiiun
744 1807 768 1840 n.
777 1807 921 1852 4931-4937·
932 1795 1013 1853 9836.)

175 1879 239 1963 [ln]
271 1878 373 1961 Quod
400 1877 562 1942 “tribus''
584 1877 779 1959 significent
805 1879 920 1940 omnia
946 1878 1117 1950 ecclesiae,
1134 1892 1190 1936 con·

113 1984 203 2037 stare
222 1983 336 2054 potest
355 1993 400 2035 ex
420 1972 636 2054 sequentibus
655 1971 706 2033 his
725 1970 976 2052 locis2-Apud
994 1969 1180 2036 Martiarum.

165 2108 182 2130 ‘¹
190 2106 265 2155 Tunc
273 2106 410 2168 apparebit
418 2106 524 2166 signum
535 2104 593 2153 Filii
603 2104 731 2154 hominis.
742 2142 748 2154 .
758 2143 764 2154 .
775 2142 793 2162 .,
805 2113 830 2153 et
839 2113 901 2154 tunc
909 2105 1038 2167 plangent
1045 2117 1128 2152 omnes
1134 2100 1191 2149 tuln

243 2180 345 2226 terrae:
362 2181 390 2219 et
399 2171 527 2219 videbunt
538 2169 632 2219 Filium
641 2170 759 2219 hominis
768 2171 921 2220 venientem
933 2171 961 2219 iu
972 2171 1082 2219 nubibus
1090 2167 1192 2218 caelitum

244 2236 341 2285 virtute
353 2246 380 2285 et
393 2236 478 2297 gloria
486 2234 521 2286 ..⁸¹
533 2236 615 2297 (xxiv.
628 2236 684 2297 3o):

113 2360 147 2413 et
167 2352 199 2412 in
219 2349 433 2429 Apocalypsi,

164 2466 181 2486 ‘⁸
191 2462 258 2511 Ecce
270 2463 343 2510 venit
357 2476 415 2510 curn
430 2461 551 2518 nubibus.
566 2470 592 2510 et
605 2461 705 2510 videbit
719 2460 810 2523 Ipsum
825 2462 914 2510 omnis
926 2462 1027 2520 oculus,
1041 2471 1066 2511 et
1079 2461 1117 2524 qui
1129 2446 1192 2520 Ipsum

243 2528 440 2584 transfixerunt,
455 2536 482 2576 et
494 2527 622 2590 plangent
633 2542 713 2589 super
727 2526 819 2589 ipsum
828 2541 924 2576 omnes
937 2529 1022 2576 tribus
1033 2538 1112 2576 terrae
1118 2524 1129 2543 ''
1138 2524 1158 2584 ii.
1166 2521 1193 2580 ll:

113 2681 171 2741 per
198 2681 282 2742 quae
310 2658 516 2741 significatur
542 2658 633 2741 quod
660 2658 825 2721 Dominus
851 2660 883 2721 in
911 2657 977 2722 fine
1004 2651 1192 2722 ecclesiaeSe

112 2756 319 2817 revelaturus
347 2757 390 2817 sit
417 2756 449 2816 in
477 2753 594 2816 Verbo
621 2774 680 2835 per
706 2774 841 2817 sensum
868 2755 1049 2828 internum,
1074 2745 1193 2833 acquod

112 2851 257 2930 agnituri
280 2870 398 2912 omnes
420 2850 474 2931 qui
499 2850 531 2910 in
555 2850 642 2910 veris
664 2869 708 2910 ex
732 2847 822 2911 bono
845 2859 935 2923 sunt,
960 2858 995 2911 et
1018 2845 1193 2931 quodetiam

111 2942 214 3003 visuri
237 2941 285 3002 illi
307 2942 362 3023 qui
385 2941 418 3002 in
437 2940 531 3002 salsis
549 2960 593 3002 ex
617 2939 710 3002 malo
728 2955 937 3015 (nuaenrsupra,
949 2970 972 3002 n.
987 2955 1111 3019 37-39);
1128 2926 1192 3016 quod

113 3033 306 3114 “plangent
333 3053 450 3095 omnes
481 3032 587 3094 tribus
616 3031 749 3094 terrae”
771 3030 939 3112 significat
970 3033 1059 3114 quod
1085 3029 1193 3112 peritura

112 3129 224 3190 omnia
243 3148 321 3190 vera
340 3148 384 3189 ex
404 3128 505 3199 bon0,
525 3136 560 3188 et
580 3145 772 3188 successura
790 3125 873 3188 salsa
892 3146 936 3188 ex
957 3125 1066 3202 malo;
1095 3118 1191 3184 “tribus

112 3223 245 3285 terrae”
261 3233 338 3285 sunt
356 3242 474 3284 omnes
490 3222 544 3303 qui
560 3223 604 3283 ab
619 3220 773 3295 ecclesia,
790 3231 825 3283 et
844 3241 977 3303 quoque
995 3221 1102 3283 omnia
1114 3211 1190 3280 eccle·

112 3320 188 3380 siae.
235 3316 337 3398 Apud
357 3315 577 3402 Malliacum,

163 3453 267 3518 '‘Jesus
284 3451 372 3501 dixit”
386 3451 531 3512 discipulis,
551 3450 663 3498 “Amen
681 3449 741 3497 dico
754 3449 840 3504 vobis.
857 3449 929 3512 quod
943 3463 993 3498 vos
1008 3448 1051 3511 qui
1068 3443 1137 3496 secuti
1149 3433 1191 3486 tilii

246 3519 290 3566 Me
306 3519 332 3566 in
348 3517 559 3578 regeneratione,
576 3515 683 3578 quando
697 3515 799 3566 sedebit
815 3513 896 3563 Filius
911 3513 1030 3562 hominis
1043 3507 1191 3574 superthf0⁰⁰

241 3584 342 3644 gloriae
353 3597 427 3637 suae.
442 3582 568 3630 sedebitis
582 3581 662 3629 etiarn
676 3594 725 3628 vos
739 3594 819 3641 super
832 3579 973 3628 duodecim
989 3571 1192 3639 thronis,judic⁸1¹¹

241 3659 281 3698 tes
294 3648 434 3697 duodecim
448 3648 531 3695 tribus
546 3646 652 3695 lsraelis
661 3645 674 3664 ”
687 3645 750 3706 (xix.
761 3646 817 3705 28):

111 3775 145 3827 et
165 3764 253 3844 apud
273 3762 407 3834 Lucam,

162 3881 179 3902 '⁴
189 3878 343 3927 Comedetis
356 3887 382 3926 et
394 3877 490 3925 bibetis
500 3890 581 3938 super
591 3889 684 3923 mensa
692 3889 752 3922 mea
764 3873 790 3921 in
801 3887 885 3933 regno
895 3887 965 3929 meo,
977 3881 1004 3921 et
1016 3869 1131 3922 sedebitis
1139 3863 1195 3922 ,uper

241 3944 344 3993 thronis
356 3943 506 4006 judicantes
518 3941 658 3990 duodecim
671 3941 754 3988 tribus
768 3938 875 3988 Israelis
884 3937 897 3956 '⁵
911 3938 986 3998 (xxii.
999 3939 1054 3999 3o):

111 4109 210 4152 nemo
226 4086 309 4149 haec
326 4083 558 4148 intelledturus
574 4092 675 4154 esset,
694 4081 754 4144 nisi
774 4102 817 4143 ex
835 4100 936 4142 sensu
952 4077 1111 4161 spirituali
1125 4062 1207 4136 sciret

110 4184 188 4265 quid
216 4182 416 4262 intelligitur
444 4200 502 4260 per
527 4175 759 4259 “apostolos‚’'
782 4175 861 4257 quid
890 4194 948 4255 per
977 4165 1159 4242 “thronos’'
1178 4155 1218 4216 εἱ

109 4278 188 4360 quid
216 4296 275 4358 per
303 4283 321 4307 ‘⁴
334 4276 439 4338 tribus
467 4272 628 4336 IsraeliS.”
680 4270 764 4353 Quis
791 4290 859 4332 non
890 4271 975 4332 scire
1004 4277 1113 4350 potest
1134 4281 1191 4365 φιν

109 4393 177 4434 non
193 4370 339 4451 apostoli
353 4369 530 4449 judicaturi
546 4369 625 4440 sint,
643 4367 702 4429 sed
718 4365 807 4448 quod
824 4363 916 4426 solus
935 4361 1116 4426 Dominus?
1133 4348 1234 4439 qu¹9

108 4486 173 4547 que
186 4465 276 4528 enim
288 4464 457 4545 judicatur
473 4464 657 4526 secundum
671 4462 775 4523 vitam
791 4478 897 4533 suam,
911 4478 950 4522 ac
964 4460 1069 4522 vitam
1083 4451 1234 4519 omnir·-
