2684 4988
408 502 487 552 CAP.
506 503 595 565 v111.,
613 503 715 554 VERS.
738 504 865 554 1t.-N.
885 506 954 572 520.
1159 505 1241 571 1299

109 669 239 743 thium,
260 689 338 731 narn
359 670 447 732 mala
466 680 500 733 et
520 670 603 733 salsa
621 672 664 734 ab
682 673 831 737 interiori
849 673 1002 736 immittit
1018 682 1053 735 et
1074 673 1241 735 immiscet

107 763 217 827 bonis
236 774 271 828 et
291 765 378 827 veris
397 785 481 846 quae
501 765 625 844 prosert
646 767 678 828 in
698 768 860 831 externis.
905 766 1008 849 Apud
1027 766 1182 840 Hiobum,

169 911 188 932 ‘¹
197 909 225 958 Si
238 909 315 959 dulce
330 909 408 959 luerit
423 912 449 959 in
463 926 509 960 ore
521 911 580 974 ejus
593 912 702 969 malum,
716 913 886 962 absconderit
900 915 950 961 sub
964 913 1055 975 lingua
1067 927 1130 971 sua;
1149 927 1242 976 peper-

250 976 316 1024 cerit
328 977 361 1032 ei,
375 987 402 1024 et
414 991 468 1023 non
482 976 616 1039 reliquerit
628 977 663 1033 id,
677 978 725 1026 sed
737 979 884 1026 continebit
897 978 923 1026 id
935 978 1004 1026 intra
1016 978 1134 1040 palatum
1147 992 1241 1033 suum;

251 1042 329 1103 panis
342 1041 400 1103 ejus
413 1042 439 1089 in
451 1043 596 1091 visceribus
609 1044 761 1098 mutabitur,
773 1043 809 1092 iel
821 1044 944 1105 aspidum
957 1044 984 1091 in
998 1044 1086 1092 medio
1095 1043 1163 1105 ejus,
1175 1057 1240 1105 opes

250 1108 385 1168 absorpsit
394 1116 420 1154 et
430 1119 535 1155 evomet
545 1123 599 1165 eas,
610 1122 625 1155 e
635 1117 728 1156 ventre
738 1107 807 1157 illius
817 1108 933 1170 expellet
942 1123 988 1156 eas
999 1107 1072 1157 Deus
1082 1123 1088 1162 ;
1106 1122 1240 1159 vencnum

250 1172 373 1233 aspidum
388 1168 499 1236 [ειιςεῑ]1
512 1174 614 1221 occidet
626 1187 687 1221 eum
700 1173 792 1234 lingua
803 1174 910 1236 viperae
918 1172 933 1192 ’'
944 1176 998 1230 (xx.
1013 1174 1115 1232 12-16):

111 1322 319 1386 describitur
338 1325 385 1386 ita
408 1324 604 1405 hypocrisis,
624 1346 668 1387 ex
688 1345 755 1407 qua
777 1325 880 1388 homo
904 1324 1050 1407 loquitur
1068 1323 1186 1389 sandla
1204 1337 1241 1390 et

112 1417 254 1481 simulat
272 1415 465 1481 affectiones
482 1419 598 1493 bonas,
615 1429 651 1482 et
668 1428 783 1482 tamen
800 1420 890 1482 intus
907 1430 1010 1500 negat
1027 1430 1061 1482 et
1082 1420 1240 1502 blasphe-

114 1520 208 1573 mat:
240 1512 347 1594 qualis
377 1513 467 1575 intus
497 1524 560 1585 est,
589 1513 786 1577 describitur
816 1533 875 1594 per
901 1514 991 1595 quod
1021 1515 1240 1578 “abscondat

114 1605 243 1668 malum
263 1607 326 1668 sub
345 1606 469 1687 lingua,
487 1617 521 1670 et
541 1608 714 1670 contineat
734 1608 823 1670 intra
841 1605 990 1689 palatum
1005 1607 1030 1670 :”
1053 1609 1143 1690 quod
1162 1610 1240 1672 inde
1308 1666 1312 1672 .

115 1700 244 1762 bonum
272 1698 450 1763 insedetur
473 1701 562 1763 malo
591 1720 631 1763 ac
658 1701 817 1781 ejiciatur,
841 1701 1047 1783 significatur
1070 1723 1128 1784 per
1151 1705 1240 1785 quod

119 1795 245 1874 “panis
264 1794 334 1873 ejus
358 1796 390 1856 in
410 1796 591 1857 visceribus
610 1794 679 1874 ejus
695 1796 888 1869 mutabitur,
908 1807 944 1859 et
962 1796 1005 1858 sel
1028 1797 1182 1877 aspidum
1206 1799 1240 1860 in

117 1888 230 1951 medio
243 1888 269 1963 ;”
297 1888 444 1967 “panis”
471 1900 523 1951 est
551 1890 676 1952 bonum
704 1891 837 1962 amoris,
866 1891 927 1952 “in
955 1891 1160 1953 visceribus”
1187 1903 1240 1954 est

117 1982 269 2056 interius,
284 1982 355 2044 “sel
372 1984 523 2065 aspidum
533 1983 547 2007 '⁵
562 1995 615 2047 est
632 1984 757 2047 bonum
775 1984 865 2047 malo
881 1986 1124 2048 commixtum:
1148 1987 1239 2068 quod

117 2076 271 2139 similiter
293 2097 409 2139 verum
432 2077 581 2158 ejiciatur
604 2098 663 2158 per
685 2078 816 2152 salsum,
838 2077 1044 2159 significatur
1068 2100 1126 2160 per
1148 2081 1239 2162 quod

119 2175 233 2252 “opes
251 2172 431 2251 absorpsit,
450 2183 484 2234 et
503 2183 639 2235 evomet
658 2194 727 2247 eas,
747 2193 765 2235 e
785 2184 903 2235 ventre
922 2172 991 2253 ejus
1009 2173 1163 2253 expellet
1182 2194 1240 2237 eas

119 2264 251 2328 Deus:”
280 2266 345 2328 hoc
373 2265 491 2327 salsum
520 2265 721 2346 intelligitur
749 2287 807 2348 per
835 2273 1031 2329 “venenum
1058 2268 1238 2348 aspidum.''

118 2358 300 2423 Sciendum
316 2371 370 2423 est
386 2360 475 2441 quod
493 2361 617 2423 bonum
634 2372 668 2423 et
686 2361 821 2435 malum,
838 2381 877 2424 ac
894 2381 1009 2424 verum
1028 2362 1158 2424 boniet
1176 2361 1238 2424 sal·

117 2473 188 2517 sum
206 2452 297 2527 mali,
314 2455 608 2527 commisceantur,
625 2455 761 2536 quando
777 2455 901 2517 malum
919 2467 953 2518 et
971 2455 1089 2517 salsum
1107 2465 1184 2519 sunt
1203 2457 1237 2518 in

117 2549 234 2627 spiritu
257 2548 402 2610 hominis
425 2557 460 2611 at
484 2548 609 2634 bonum
629 2559 664 2611 et
684 2568 799 2612 verum
823 2550 855 2611 in
879 2549 948 2629 ejus
972 2551 1121 2631 corporis
1144 2547 1240 2613 saetis

117 2650 151 2704 et
170 2641 325 2724 loquela:
350 2642 409 2704 sed
429 2642 519 2723 quod
541 2643 574 2704 in
599 2643 743 2706 hominis
762 2644 879 2724 spiritu
898 2653 963 2717 est,
981 2644 1045 2706 hoc
1065 2653 1129 2717 est,
1149 2645 1240 2726 quod

118 2735 255 2799 interius
274 2747 337 2810 est,
355 2737 419 2798 hoc
440 2737 510 2816 agit
530 2738 563 2799 in
583 2737 616 2799 id
633 2738 723 2819 quod
743 2740 891 2819 corporis
911 2749 975 2811 est,
992 2759 1051 2800 seu
1067 2740 1157 2820 quod
1176 2761 1239 2803 ex·

119 2832 240 2906 terius;
264 2830 371 2894 influit
395 2831 495 2905 enim,
519 2842 554 2893 et
582 2831 660 2894 lacit
684 2841 720 2895 ut
743 2834 904 2906 exterius,
924 2834 1014 2914 quod
1038 2845 1179 2915 apparet
1203 2846 1239 2898 ut

118 2923 243 2988 bonum
266 2935 301 2987 et
321 2945 447 2997 verum,
470 2946 572 3006 usque
595 2927 638 2988 sit
661 2927 767 2989 instar
789 2926 875 2989 sellis
894 2937 933 2989 'et
956 2928 1062 2989 instar
1080 2928 1239 2991 absinthii

118 3037 277 3092 amarum,
296 3020 432 3081 tametsi
453 3030 488 3081 ut
508 3019 606 3082 dulce
626 3021 755 3083 sistitur
773 3040 885 3083 coram
906 3021 1051 3083 homine.
1097 3021 1143 3084 Et
1162 3024 1240 3104 quia

119 3114 182 3176 tale
202 3123 257 3175 est
274 3114 399 3175 bonum
416 3123 450 3174 et
468 3134 583 3175 verum
599 3116 665 3176 oris
681 3124 716 3178 et
736 3114 890 3196 loquelae
907 3114 1050 3189 illorum,
1067 3116 1145 3179 ideo
1160 3127 1238 3196 post

117 3206 273 3279 mortem,
287 3207 423 3288 quando
440 3207 542 3270 homo
559 3207 595 3272 fit
608 3209 754 3290 spiritus,
768 3220 942 3290 separatur
959 3210 1083 3272 bonum
1101 3209 1237 3281 amalo,

115 3311 144 3365 et
168 3301 293 3364 salsum
313 3323 333 3362 a
349 3319 442 3373 vero,
463 3312 498 3363 et
518 3301 712 3366 auferuntur
731 3305 855 3365 bonum
875 3314 910 3366 et
930 3323 1055 3376 verum,
1075 3314 1109 3366 et
1130 3305 1176 3366 sic
1200 3303 1238 3368 fit

112 3398 251 3476 spiritus
278 3416 372 3457 suum
402 3395 526 3458 malum
554 3407 589 3458 et
616 3396 746 3459 salsum.
791 3395 842 3460 At
869 3398 1042 3461 sciendum
1071 3400 1238 3480 estquod

108 3490 316 3557 commixtio
335 3489 414 3551 boni
434 3502 468 3552 et
489 3490 577 3562 mali,
595 3510 634 3552 ac
654 3492 723 3553 veri
742 3501 777 3553 et
796 3490 880 3565 salsi,
899 3512 965 3554 non
985 3494 1028 3555 sit
1049 3491 1238 3573 profanatio

106 3579 191 3650 boni
215 3593 252 3647 et
272 3586 361 3660 veri;
386 3583 575 3663 profanatio
599 3595 652 3646 est
675 3584 783 3648 solum
807 3587 896 3667 apud
920 3586 996 3649 illos
1016 3589 1070 3668 qui
1094 3588 1237 3668 primum

105 3686 315 3759 receperunt
340 3678 441 3740 corde
465 3689 500 3741 et
524 3677 590 3740 fide
613 3697 728 3741 verum
752 3690 787 3742 et
812 3681 948 3756 bonum,
973 3701 1011 3744 ac
1039 3693 1158 3762 postea
1181 3681 1238 3744 illa

105 3774 215 3839 :orde
236 3782 271 3833 et
291 3771 355 3834 fide
375 3783 513 3852 negant.

165 3887 273 3956 μα.
302 3873 360 3934 ‘fr
382 3872 469 3934 {uoto
494 3874 660 3936 vettonia
680 3894 758 3954 pars
783 3874 961 3957 [equarum]
988 3875 1240 3939 absinthium.''-

105 3961 214 4049 Quod
239 3964 405 4046 significet
429 3967 518 4046 quod
537 3966 604 4028 tale
613 3967 749 4045 sallum
772 3968 820 4029 sit
842 3989 934 4029 omne
952 3989 1065 4030 verum
1089 3968 1122 4029 in
1142 3967 1237 4030 intel·

105 4057 194 4125 ἐέὶκ
213 4070 246 4122 et
260 4061 295 4122 in
314 4060 477 4133 dollrt'na,
497 4071 634 4124 constat
653 4081 698 4123 ex
722 4059 970 4141 significatione
992 4064 1142 4125 “tertiae
1162 4082 1238 4143 par·

109 4155 182 4231 is,”
207 4156 298 4236 quod
323 4156 366 4216 sit
390 4175 511 4231 omne;
542 4156 594 4219 hic
622 4175 723 4219 omne
747 4174 862 4218 verum
887 4158 919 4218 in
947 4155 1122 4220 intellectu
1145 4167 1180 4220 et
1205 4159 1237 4219 in

106 4248 278 4322 lectrina,
292 4250 368 4330 quia
385 4249 505 4311 dicitur
521 4250 563 4312 de
579 4256 598 4281 ‘⁴
608 4249 738 4313 fluviis”
750 4261 785 4313 et
799 4251 841 4312 de
856 4258 875 4283 ⁴⁸
887 4251 1036 4313 fontibus
1048 4251 1238 4333 aquarum,”

106 4359 167 4410 >er
187 4364 274 4426 quos
293 4342 501 4423 significatur
517 4341 710 4407 intelledtus
726 4346 795 4407 veri
814 4356 849 4407 et
869 4342 1023 4407 dodlrina
1039 4365 1083 4407 ex
1101 4344 1236 4421 Verbo;

106 4453 188 4513 quod
199 4448 213 4465 '¹
222 4450 292 4496 tertia
306 4451 381 4508 pars''
394 4451 511 4509 significet
524 4465 604 4506 omne,
615 4452 724 4497 videatur
737 4465 817 4510 supra,
829 4465 852 4498 n.
867 4435 954 4516 506ς)
980 4446 1015 4498 et
1038 4457 1083 4499 ex
1106 4435 1234 4518 Signifi-
