2684 4988
355 305 440 362 'can
458 310 767 382 v1.‚vsns.9⁴-n.
786 299 918 384 392[d].
1131 302 1192 381 843

140 473 300 543 «benefacit
317 481 494 562 unicuique
512 502 556 544 ex
575 501 690 544 amore
706 503 712 557 ;
743 502 845 564 quare
864 483 920 544 ubi
943 480 1001 544 illa
1019 482 1090 544 vita
1108 484 1193 545 reci·

135 567 196 645 Mur,
210 573 246 635 ibi
258 584 308 636 est
325 574 492 637 Dominus
511 594 681 656 praesens,
702 585 737 638 et
757 577 787 637 ei
807 575 1034 656 conjungitur,
1052 576 1193 656 proinde

131 657 198 728 Mur't
218 669 248 729 in
269 679 419 731 mentem
443 668 513 748 ejus
538 671 754 750 superiorem,
779 690 865 750 quae
889 689 985 731 mens
1012 669 1193 749 spiritualis

127 770 232 834 vocatur,
250 773 284 824 et
304 782 363 843 per
383 762 494 825 lucem
512 783 531 825 a
551 761 595 825 Se
614 764 721 844 aperit
741 763 844 826 iilam.

157 848 205 933 [a]
232 851 333 932 Quod
347 860 365 885 “
376 854 613 915 testimonium
623 853 639 876 ''
654 853 825 935 significet
840 854 1037 926 Dominum,
1051 864 1086 916 et
1103 854 1191 935 apud

118 931 249 1006 honinem
263 944 511 1007 consessionem
526 944 663 1008 Domini
679 967 724 1009 ex
737 947 850 1021 corde,
865 957 901 1009 et
918 947 949 1008 in
967 948 1079 1027 specie
1095 948 1191 1027 agni·

115 1030 205 1099 tionem
226 1037 338 1100 Divini
359 1038 496 1101 Domini
519 1039 552 1101 in
573 1038 733 1103 Humano
754 1040 874 1122 Ipsius.
895 1052 1053 1103 constare
1075 1051 1192 1122 potest

108 1142 135 1188 tr
148 1153 193 1203 eo,
209 1133 300 1215 quod
318 1131 393 1194 Lex
414 1152 499 1214 quae
519 1131 591 1196 lata
608 1133 669 1197 suit
688 1135 721 1196 in
739 1134 859 1197 Monte
877 1134 979 1210 Sinai,
998 1144 1032 1198 et
1052 1136 1192 1216 inscrip-

104 1224 125 1281 ia
141 1225 266 1288 duabus
290 1225 427 1300 tabulis,
451 1237 486 1289 et
509 1228 586 1290 dein
610 1229 721 1309 posita
744 1230 777 1291 in
802 1249 890 1301 arca,
910 1231 1042 1292 dicatur
1066 1230 1193 1291 “testi-

104 1321 223 1382 nonium
237 1320 264 1396 ;”
295 1320 385 1382 unde
407 1322 511 1383 etiarn
535 1341 613 1383 arca
635 1322 823 1384 vocabatur
848 1329 954 1384 “arca
977 1321 1193 1394 testimonii‚”

105 1417 271 1495 tquoque
300 1413 438 1476 tabulae
466 1416 678 1477 vocabantur
707 1416 872 1478 “tabulae
904 1417 1090 1479 testimonii
1103 1415 1127 1491 ;”
1158 1428 1192 1480 et

104 1508 152 1569 nia
166 1508 230 1570 hoc
248 1504 499 1570 sanetissimum
516 1519 599 1583 erat,
617 1509 695 1572 ideo
711 1512 980 1592 propitiatorium
997 1510 1115 1572 datum
1132 1510 1192 1573 fuit

104 1621 173 1682 uper
190 1622 317 1675 arcam,
337 1612 372 1664 et
392 1622 491 1683 super
510 1604 745 1684 propitiatorio
766 1606 888 1686 sculpti
908 1615 1005 1667 erant
1025 1606 1092 1667 duo
1111 1604 1192 1666 che·

104 1696 158 1768 roi,
179 1698 269 1759 inter
295 1717 381 1778 quos
407 1695 573 1777 Jehovah,
597 1697 662 1760 hoc
690 1709 755 1770 est.
782 1698 946 1760 Dominus
977 1698 1110 1761 locutus
1140 1709 1192 1762 est

104 1809 152 1852 um
171 1790 270 1854 Mose
293 1801 328 1854 et
352 1810 428 1854 cum
448 1790 622 1854 Aharone.
668 1792 752 1855 Inde
775 1803 870 1873 patet
895 1794 984 1874 quod
1006 1795 1191 1855 “testimo-

104 1883 193 1947 ium''
211 1883 381 1965 significet
402 1885 516 1967 Ipsum
536 1885 742 1961 Dominum;
772 1887 896 1969 alioqui
921 1888 1191 1968 propitiatorium
1237 1952 1240 1956 ,

104 1999 147 2040 on
161 1981 310 2059 positum
326 1979 443 2042 suisset
456 2000 555 2061 super
566 1999 692 2051 arcam,
707 2000 769 2043 nec
788 1981 921 2044 locutus
938 1981 1054 2043 suisset
1072 1981 1190 2043 Domi-

104 2091 144 2133 ω
160 2092 234 2136 cum
254 2071 352 2135 Mose
375 2082 410 2135 et
431 2073 596 2136 Aharone
618 2075 707 2137 inter
726 2075 893 2137 cherubos
916 2077 970 2155 qui
994 2096 1092 2156 super
1115 2096 1192 2156 pro·

104 2166 258 2229 itiatorio.
304 2165 390 2229 Cum
407 2168 510 2230 etiam
527 2167 670 2230 Aharon
691 2171 833 2231 intraret
853 2171 941 2231 intra
960 2169 1083 2241 velum,
1101 2171 1191 2251 quod

104 2259 183 2321 rebat
207 2260 312 2323 semel
341 2263 535 2342 quotannis,
564 2263 708 2342 primum
736 2261 1019 2336 sanetificabatur,
1048 2274 1083 2326 et
1113 2266 1191 2327 dein

104 2352 232 2417 uffiebat
255 2376 360 2438 usque
383 2364 420 2417 ut
442 2354 551 2418 furnus
574 2356 758 2419 suffimenti
782 2358 961 2437 obtegeret
991 2360 1192 2439 propitiato·

104 2448 185 2524 ium;
206 2451 292 2531 quod
309 2451 371 2512 nisi
388 2449 533 2525 fecisset,
547 2452 669 2513 dicitur
685 2452 775 2532 quod
793 2454 972 2513 moriturus
989 2464 1089 2515 esset.
1135 2453 1191 2516 Ex

104 2542 146 2603 ns
166 2544 332 2608 manifeste
360 2554 498 2607 constat
525 2545 615 2626 quod
646 2547 890 2619 testimonium,
919 2546 1009 2627 quod
1039 2548 1071 2608 in
1100 2567 1189 2621 arca,

104 2637 177 2716 quod
194 2650 260 2701 erat
285 2638 362 2701 Lex
387 2639 458 2700 lata
481 2659 580 2719 super
604 2638 724 2701 Monte
749 2638 849 2713 Sinai,
870 2650 904 2702 et
929 2642 1090 2722 inscripta
1110 2642 1191 2704 dua-

104 2729 276 2794 bustabulis
294 2733 446 2814 lapideis
465 2732 703 2814 significaverit
723 2733 836 2814 Ipsum
854 2734 1045 2797 Dominum.
1091 2735 1192 2816 Quod

104 2819 171 2882 Lex
183 2825 230 2888 iila
246 2828 380 2890 dicatur
400 2827 691 2900 “testimonium'‘
711 2839 848 2890 constat
868 2829 955 2909 apud
974 2829 1100 2904 Mosen,

156 2952 239 3007 “Debis
251 2959 276 3008 in
289 2974 382 3009 arcam
393 2960 578 3007 testimonium
591 2960 662 3023 quod
674 2960 785 3007 daturus
798 2973 858 3007 sum
871 2961 919 3008 tibi
927 2960 941 2977 '¹
954 2959 1048 3020 (Exod.
1060 2975 1122 3010 xxv.
1136 2963 1192 3021 ro);

157 3017 235 3072 “Dedit
245 3024 431 3073 testimonium
444 3025 472 3072 in
487 3039 575 3073 arcam
584 3024 597 3042 '¹
610 3025 702 3076 (Exod.
715 3025 750 3072 xl.
763 3025 820 3085 20);

157 3082 372 3150 “Propitiatorinm
387 3090 458 3152 quod
473 3103 553 3152 super
565 3089 722 3139 testimonio
730 3090 744 3110 '⁸
755 3089 848 3154 (Levit.
861 3092 914 3140 xvi.
928 3092 984 3152 13);

161 3148 288 3281 ‘'Reliqqne
295 3155 310 3172 '⁹
320 3156 433 3204 baculos
444 3155 561 3203 tribuum
570 3158 587 3177 ⁶·
595 3169 686 3202 coram
696 3155 853 3202 testimonio
861 3155 874 3171 '¹
882 3154 976 3214 (Num.
986 3155 1049 3203 xvii.
1063 3168 1093 3217 19
1101 3152 1146 3219 [B.
1157 3158 1190 3205 Α.

160 3273 214 3336 Quod
222 3284 324 3333 tabulae
333 3296 360 3333 et
369 3299 433 3332 arca
442 3284 505 3333 inde
512 3282 598 3332 dietae
608 3284 706 3332 fuerint
717 3283 823 3332 tabulae
831 3293 857 3332 et
867 3299 930 3331 arca
939 3284 1087 3332 testimonii
1097 3285 1190 3346 (Exod.

211 3362 265 3398 xxv.
280 3361 328 3406 22:
346 3365 405 3410 cap.
418 3349 489 3397 xxxi.
503 3360 525 3408 7,
539 3350 584 3405 18;
602 3364 659 3410 cap.
672 3350 753 3396 xxxii.
769 3355 814 3408 15).

160 3402 214 3466 Quod
223 3415 439 3476 propitiatorium
452 3414 568 3476 positum
580 3413 660 3462 inerit
677 3428 758 3475 super
776 3414 850 3470 illud,
859 3423 892 3461 >et
904 3429 984 3474 super
1002 3415 1191 3475 propitiatorio

211 3480 301 3542 sculpti
315 3480 371 3528 bini
385 3479 494 3527 cherubi
507 3479 600 3539 (Exod.
613 3494 673 3528 xxv.
684 3476 808 3538 1¹lr7-22;
827 3493 883 3540 cap.
896 3480 967 3526 xxvi.
982 3479 1030 3538 34).

159 3531 212 3595 Quod
223 3544 354 3593 Dominus
368 3546 474 3593 locutus
486 3545 522 3594 sit
532 3559 593 3592 cum
605 3545 682 3593 Mose
691 3555 718 3593 et
730 3559 789 3592 cum
798 3545 926 3592 Aharone
938 3544 1008 3591 inter
1020 3544 1088 3592 duos
1101 3544 1193 3592 cheru-

212 3610 255 3658 bos
265 3611 358 3669 (Exod.
372 3625 434 3659 xxv.
448 3612 486 3667 16,
500 3622 538 3666 21.
550 3622 597 3666 ης
615 3612 698 3659 Num.
711 3610 773 3658 xvii.
788 3623 817 3670 19
829 3607 874 3672 [B.
885 3611 908 3656 Α
914 3646 919 3657 .
931 3606 958 3671 4]
970 3624 975 3663 ;
994 3619 1020 3657 et
1033 3610 1115 3670 alibi).

161 3662 216 3726 Quod
225 3674 422 3724 sanetificarent
432 3690 461 3723 se
473 3685 617 3738 antequam
636 3675 698 3723 illue
716 3677 864 3728 intrarent;
887 3684 913 3722 et
931 3675 1002 3736 quod
1015 3674 1104 3723 fumus
1122 3675 1193 3723 suffi-

212 3741 287 3790 menti
299 3751 406 3802 tegeret
417 3741 641 3802 propitiatorium,
656 3756 690 3789 ne
703 3750 872 3788 morerentur
883 3741 974 3799 (Lavit.
988 3740 1051 3799 xvi).

168 3863 215 3955 M]
242 3876 342 3958 Quod
365 3876 656 3938 “testimonium'’
679 3875 847 3957 significet
872 3875 1068 3950 Dominum,
1089 3879 1190 3939 etiarn

133 3962 221 4051 cunstat
238 3990 278 4031 ex
294 3991 347 4041 eo,
367 3969 507 4051 quodid
524 3969 613 4050 quod
630 3989 728 4050 super
744 3989 823 4031 arca
840 3979 924 4042 erat,
943 3980 1103 4031 vocatum
1122 3967 1191 4029 sue-

134 4051 159 4103 ¹¹¹
167 4062 413 4139 propitiatorium,
428 4072 464 4125 et
478 4062 642 4125 Dominus
656 4073 708 4124 est
723 4063 937 4144 Propitiator.
984 4062 1076 4124 Arca
1089 4063 1190 4123 etiam

135 4150 162 4198 ‘x
174 4153 337 4220 testimonio
357 4159 391 4219 in
411 4156 470 4219 illo
487 4166 560 4219 erat
577 4154 729 4219 saneium
747 4154 940 4219 sanetorum
961 4166 1031 4217 tarn
1051 4157 1083 4216 in
1101 4155 1175 4215 Ten

136 4235 191 4298 *ΜΟ
206 4265 286 4326 quam
310 4254 345 4316 in
370 4251 529 4332 Templo,
553 4261 588 4313 et
616 4251 693 4313 inde
717 4251 916 4313 Tentorium
942 4261 1013 4313 erat
1038 4246 1192 4311 sanetum
