2684 4988
361 128 441 177 car.
460 128 517 187 v1.‚
535 127 638 177 vens.
659 128 786 178 12.—-rv.
802 113 935 197 4or[g].
1145 118 1205 197 885

136 297 263 378 spiritibus
287 299 319 360 in
343 299 454 362 altera
476 299 557 371 vita,
581 298 636 380 qui
664 297 752 361 tales
776 298 909 361 suerunt
937 299 968 360 in
998 299 1145 377 mundo;
1173 300 1208 363 hi

134 401 251 454 evertunt
272 392 393 455 faciem
417 413 437 454 a
460 391 618 465 Domino,
639 401 674 455 et
693 401 831 455 vertunt
855 392 948 455 illam
969 393 1012 455 ad
1036 393 1208 475 quoddam

115 483 310 567 uliginosum
331 496 368 549 et
389 486 637 548 tenebricosum
661 485 716 559 ibi,
736 507 823 568 quae
847 485 923 549 loco
945 486 1026 549 solis
1049 496 1085 550 et
1109 486 1208 549 lunae

128 579 210 640 eundi
222 590 308 652 sunt,
326 600 373 642 ex
391 580 550 661 opposito
565 579 607 641 ad
626 577 741 642 Solem
758 590 793 643 et
810 578 942 642 Lunam
959 579 1045 642 caeli
1062 578 1208 661 angelici

121 682 227 740 ,litonibus
235 685 361 728 videantur
371 685 441 740 plura
452 684 475 727 in
486 697 559 741 opere
571 684 608 729 De
621 684 689 729 Caelo
699 689 722 728 et
732 685 835 743 lnscmo,
845 697 868 729 n.
880 697 930 735 122,
942 685 1005 742 123).
1043 667 1207 750 Antiqui·

124 767 166 830 tus,
178 778 245 821 eum
263 761 376 821 omnis
394 759 503 821 cultus
520 757 662 821 Divinus
678 760 987 839 repraesentativus
1003 759 1074 832 suit,
1093 780 1113 821 a
1129 759 1207 822 tali·

122 849 162 913 bus
181 851 286 914 cultus
314 852 399 914 solis
425 862 460 914 et
488 852 587 914 lunae
615 852 791 915 institutus
819 862 894 927 est;
926 862 962 914 at
989 852 1102 926 hodie,
1131 872 1208 915 cum

120 947 380 1026 repraesentativa
407 954 594 1019 cessarunt,
622 944 654 1006 in
682 945 763 1006 orbe
791 943 986 1007 Christiano
1013 965 1082 1007 non
1109 945 1208 1008 datur

120 1037 201 1101 cultus
217 1038 298 1101 solis
318 1049 354 1101 et
378 1037 488 1109 lunae,
509 1038 568 1100 sed
592 1058 653 1120 pro
676 1035 740 1099 illis
760 1037 871 1100 cultus
890 1039 950 1111 sui,
971 1040 1026 1120 qui
1045 1049 1098 1101 est
1118 1040 1206 1120 apud

121 1149 177 1211 quos
188 1152 278 1194 amor
291 1132 480 1214 imperandi
493 1130 777 1212 praedominatur.
824 1130 907 1193 Inde
921 1151 1009 1193 nunc
1022 1141 1119 1212 patet
1130 1133 1207 1214 quid

121 1224 296 1304 significatur
310 1246 370 1306 per
384 1223 520 1288 “solem
533 1235 568 1287 et
583 1224 696 1286 lunam
706 1223 720 1247 '⁹
733 1226 765 1286 in
779 1225 938 1305 opposito
950 1245 1060 1286 sensu.
1107 1223 1207 1304 Quod

121 1319 274 1399 antiquitus
305 1318 474 1380 coluerint
503 1318 611 1380 solem
641 1327 676 1380 et
706 1317 832 1392 lunam,
861 1317 1076 1380 manifestum
1106 1329 1159 1380 est
1188 1339 1209 1380 a

122 1413 272 1489 gentilibus
289 1414 346 1494 qui
366 1423 550 1494 posueruut
568 1411 633 1473 illis
652 1411 739 1485 fana,
758 1411 936 1493 dequibus
955 1412 987 1473 in
1008 1411 1122 1474 multis
1139 1412 1207 1474 his·

123 1506 195 1567 toriis.
226 1504 327 1586 Quod
340 1507 444 1568 etiam
458 1505 632 1587 Aegyptii,
644 1525 682 1568 ac
693 1504 811 1585 Judaei
826 1516 860 1567 et
873 1504 1059 1580 Israelitae,
1071 1515 1208 1569 constat

124 1614 152 1658 er
162 1597 285 1661 Verbo:
310 1599 402 1680 quod
423 1598 599 1680 Aegyptii,
618 1599 707 1680 apud
725 1598 921 1672 Jeremiam,

158 1729 205 1780 Rex
216 1731 324 1780 Babelis
336 1734 353 1754 ‘⁸
362 1732 453 1780 veniet
465 1742 490 1780 et
503 1732 634 1794 percutiet
646 1741 744 1780 terram
758 1731 876 1792 Aegypti
879 1768 948 1789 .....
954 1741 981 1780 et
993 1731 1145 1794 confringet
1155 1741 1209 1780 st»

106 1814 109 1821 ·
219 1807 277 1846 tuas
289 1799 388 1845 domus
400 1797 467 1845 solis
479 1797 506 1844 in
519 1808 590 1845 terra
602 1796 719 1859 Aegypti
728 1796 741 1814 '¹
754 1794 908 1857 (xliii.1¹¹11,
920 1798 973 1856 13):

126 1922 300 2000 quodetiam
318 1922 439 2004 Judaei
458 1932 492 1984 et
513 1921 698 2005 israelitae,
718 1921 808 2003 apud
827 1920 1040 1995 Ezechielem,

158 2053 206 2105 Vidi
219 2056 325 2105 “iacies
342 2070 436 2104 eorum
452 2069 544 2103 versus
562 2054 703 2111 orientem,
718 2054 852 2117 iidemque
870 2054 1049 2103 incurvabunt
1067 2068 1096 2102 se
1114 2068 1207 2102 versus

218 2122 351 2170 orientem
364 2121 451 2168 solis''
464 2120 597 2180 (viii.16);

127 2243 203 2321 agitur
223 2246 265 2308 ibi
292 2245 335 2307 de
359 2244 668 2307 abominationibus
697 2240 977 2323 Hierosolymae:
1007 2243 1040 2305 in
1064 2242 1209 2306 Secundo

130 2329 196 2398 libro
209 2338 346 2421 Regum,

160 2455 295 2524 1’llosclriah
309 2462 368 2510 Rex
385 2460 529 2509 “abolevit
542 2459 697 2509 sacerdotes
712 2442 910 2508 idololatricos.
919 2495 926 2508 .
936 2495 943 2508 ·
952 2459 1101 2508 -suffientes
1120 2458 1206 2516 Bauli,

219 2529 277 2585 soli,
288 2528 369 2575 lunae
378 2536 405 2575 et
412 2527 500 2582 astris,
511 2535 538 2574 et
546 2524 621 2574 omni
631 2525 758 2573 exercitui
767 2525 903 2572 caelorum
914 2541 932 2573 :.
943 2561 949 2572 .
960 2524 1090 2573 .abolevit
1099 2523 1208 2585 insuper

218 2608 302 2656 equos
314 2607 382 2656 quos
395 2600 544 2654 posuerunt
558 2605 636 2651 reges
647 2590 767 2654 Jehudae
780 2589 831 2638 soli
844 2591 879 2637 ab
891 2588 1003 2637 introitu
1016 2590 1113 2638 domus
1126 2589 1208 2653 Jelro-

220 2673 267 2706 vae
269 2695 340 2716 .....
345 2667 373 2707 et
385 2671 477 2706 currus
492 2655 558 2704 solis
570 2655 718 2707 combussit
731 2655 794 2717 igne
803 2653 817 2673 ”
829 2653 913 2715 (xxiii.
927 2667 949 2713 5,
963 2657 1003 2716 11)
1014 2669 1020 2703 ε

82 2788 85 2837 ἵ
128 2769 185 2845 lpud
200 2771 395 2844 Jeremr'am,

82 2862 84 2877 '
158 2870 382 2921 '‘Extrahentossa
391 2869 619 2934 regumJehudae,
628 2884 692 2918 ossa
700 2869 848 2931 principum
857 2869 924 2931 ejus,
934 2878 960 2918 et
968 2868 1207 2918 ossasacerdoturn

218 2937 285 3000 ejus,
302 2947 329 2986 et
347 2952 411 2985 ossa
430 2937 620 2998 prophetarum
639 2934 705 2996 ejus,
722 2944 748 2983 et
766 2949 829 2983 ossa
847 2935 1029 2984 habitatorum
1049 2933 1208 2996 Hierosoly-

219 3018 305 3052 mae..
317 3041 336 3059 .,
348 3012 375 3050 et
387 3002 542 3063 expandent
554 3015 587 3048 ea
598 3001 650 3048 soli
661 3009 689 3048 et
701 3001 780 3049 lunae
792 3008 819 3048 et
830 3001 906 3048 omni
918 2999 1047 3048 exercitui
1060 2998 1206 3054 caelorum,

218 3083 285 3132 quae
299 3069 497 3116 adamaverunt
508 3076 536 3115 et
547 3067 644 3129 quibus
656 3066 826 3115 serviverunt
834 3064 847 3083 '¹
859 3065 925 3126 (viii.
937 3077 959 3124 1,
971 3068 1012 3124 2);

126 3167 148 3222 tl
160 3177 319 3245 praeterea

219 3262 342 3331 [γαπ]
354 3280 414 3328 cap.
424 3264 488 3314 xliv.
500 3275 588 3326 17·19,
599 3275 645 3324 25:
664 3264 756 3313 Deutr.
767 3264 802 3312 iv.
815 3276 860 3326 193
877 3278 936 3326 cap.
946 3262 1011 3312 xvii.
1024 3275 1047 3323 3,
1059 3260 1081 3324 ς.

127 3378 259 3464 Quoniam
278 3415 338 3476 per
358 3391 574 3455 “Moabum’¹
594 3392 627 3454 in
646 3391 763 3455 Verbo
782 3390 1014 3474 significantur
1032 3390 1079 3454 illi
1099 3392 1154 3473 qui
1175 3392 1207 3453 in

126 3478 174 3543 vita
190 3483 256 3548 ialsi
279 3497 359 3548 sunt
383 3507 428 3548 ex
451 3505 567 3548 amore
590 3486 649 3559 sui,
670 3495 705 3548 et
729 3506 788 3567 per
808 3485 937 3547 cultum
961 3504 1077 3546 eorum
1097 3483 1209 3547 cultus

128 3572 168 3644 sui,
180 3577 244 3642 ideo
257 3599 332 3642 cum
349 3578 494 3662 populus
508 3579 714 3644 Israeliticus
729 3579 874 3640 accessit
891 3577 934 3639 ad
952 3577 1080 3639 cultum
1094 3577 1209 3659 populi

130 3659 275 3747 lloabitici,
297 3673 498 3735 mandatum
517 3683 570 3735 est
591 3682 627 3734 ut
646 3673 760 3755 capita
783 3670 899 3753 populi
923 3670 1210 3752 suspenderentur

131 3773 213 3825 ruram
228 3767 305 3841 sole,
326 3768 369 3830 de
388 3788 454 3849 qua
474 3787 509 3829 re
528 3767 576 3828 ita
595 3766 683 3848 apud
703 3765 829 3838 Mosen,

170 3892 232 3947 iilia
241 3899 326 3951 Moabi
338 3905 494 3949 “vocarunt
505 3901 631 3964 populum
642 3901 674 3949 ad
687 3899 815 3949 sacrificia
824 3899 934 3948 deorum
944 3913 1054 3947 suorum
1065 3912 1070 3951 :
1085 3908 1111 3945 et
1121 3909 1209 3944 come·
1271 3890 1274 3894 ’

226 3965 259 4014 dit
275 3968 396 4030 populus,
413 3977 439 4015 et
458 3967 608 4014 incurvavit
625 3980 654 4013 se
671 3962 873 4020 <trisulcarum
891 3965 1021 4024 imprimis
1039 3960 1162 4023 adjunxit
1179 3974 1209 4007 se

230 4029 303 4081 lsrael
318 4033 460 4095 Baalpeori
470 4049 489 4081 t.
500 4068 506 4081 .
516 4069 522 4080 .
532 4045 625 4094 .quare
638 4031 704 4079 dixit
716 4029 837 4094 Jehovah
853 4030 886 4077 ad
903 4028 1007 4085 Mosen,
1022 4028 1103 4076 Sume
1117 4024 1210 4074 omnia

228 4099 304 4159 capita
315 4099 415 4162 populi,
430 4109 457 4147 et
468 4097 603 4160 suspende
615 4111 647 4144 ea
658 4109 748 4144 coram
761 4095 818 4144 sole
826 4094 840 4111 ¹'
852 4094 947 4155 (Num.
959 4108 1020 4142 xxv.
1034 4093 1105 4153 1-4):
