2716 4986
344 506 423 557 cae.
439 507 499 568 v1.,
516 505 620 557 vens.
638 505 749 556 2.—n.
768 489 897 573 355[g].
1118 489 1183 571 683

73 677 234 740 bominem
259 677 294 740 in
316 678 429 759 capite
448 676 589 740 nostro’'
608 675 816 757 significatur
833 675 923 758 quod
947 673 1058 739 nullus
1081 674 1183 737 intel·

73 769 166 835 lelius
189 773 285 847 veri;
314 793 374 854 per
399 771 623 834 “hominem”
646 771 699 833 bic
724 769 933 852 significatur
954 768 1184 850 intelligentia

72 862 1184 948 exproprio,quaenullaintelligentiacst‚etsimileper“caput:’'

72 961 138 1042 quia
156 961 244 1022 haec
262 959 506 1040 significantur,
524 961 602 1022 ideo
619 960 751 1034 dicitur,
771 961 997 1026 “intravimus
1016 959 1049 1021 iu
1068 960 1183 1039 ignem

73 1065 100 1117 et
116 1076 222 1137 aquas
235 1055 260 1131 ;”
287 1056 349 1116 “in
369 1055 506 1135 ignem”
526 1066 578 1117 est
602 1056 635 1117 in
655 1054 745 1116 mala
763 1075 849 1136 quae
868 1075 913 1116 ex
933 1073 1048 1117 amore
1067 1053 1128 1127 sui,
1148 1062 1183 1117 et

74 1151 128 1211 “in
158 1170 265 1231 aquas
276 1148 291 1172 ”
318 1160 371 1213 est
402 1150 435 1213 in
465 1149 570 1211 salsa:
604 1148 759 1212 liberatio
788 1148 866 1211 inde
896 1147 1099 1231 intelligitur
1125 1167 1185 1228 per

74 1239 243 1305 “eduxisti
260 1253 378 1305 tamen
395 1263 457 1304 nos
473 1244 506 1304 in
524 1243 738 1305 latitudinem
751 1242 776 1320 ;”
800 1241 998 1306 “latitudo’'
1014 1239 1182 1323 significat

73 1357 190 1412 verum,
212 1346 379 1420 utsupra.
424 1337 528 1420 Apud
547 1335 700 1412 Esaiam,

115 1479 198 1531 “Vae
216 1481 442 1534 descendentibus
466 1481 493 1529 in
511 1480 666 1543 Aegyptum
685 1495 734 1545 pro
751 1481 860 1538 auxillo,
880 1488 907 1529 et
925 1495 1005 1543 super
1022 1480 1098 1544 equis
1116 1479 1185 1527 inni-

194 1555 297 1602 tuntut.
307 1557 333 1595 et
343 1545 481 1595 confidunt
493 1560 573 1608 super
580 1560 670 1595 curru.
680 1583 686 1596 .
696 1583 702 1595 .
713 1584 732 1604 .,
741 1547 788 1594 sed
798 1561 852 1594 non
861 1546 1006 1608 respiciunt
1013 1547 1047 1594 ad
1056 1542 1184 1594 Sandiurn
1228 1584 1238 1609 ,

196 1610 314 1667 israelis,
325 1619 353 1659 et
362 1610 493 1674 Jebovam
504 1606 610 1675 [1¹ln0n]
622 1621 752 1674 quaerunt
763 1626 781 1668 ;.
791 1648 797 1660 .
808 1649 814 1660 .
824 1626 898 1660 ,nam
910 1612 1049 1673 Aegyptus
1062 1612 1144 1659 homo
1156 1619 1183 1659 et

195 1691 251 1723 non
267 1676 348 1734 Deus,
363 1686 390 1725 et
401 1677 461 1740 equi
474 1676 533 1738 ejus
545 1691 607 1724 caro
620 1687 646 1725 et
659 1691 713 1724 non
727 1675 1036 1740 spiritus''(xxxi.1,3):

73 1838 124 1901 per
142 1817 400 1908 “Aegyptum''
420 1819 452 1881 in
476 1817 595 1882 Verbo
618 1816 827 1901 significatur
849 1816 1070 1882 scientificum
1094 1818 1184 1900 quod

73 1913 98 1974 in
114 1913 261 1976 naturali
279 1913 427 1987 homine,
442 1922 478 1976 et
494 1913 572 1979 inde
584 1933 718 1994 quoque
731 1912 895 1980 naturalis
912 1912 1035 1991 homo;
1059 1923 1094 1975 et
1108 1915 1185 1995 quia

73 2007 228 2070 naturalis
259 2006 363 2069 homo
394 2027 471 2070 cum
501 2005 688 2069 scientifico
714 2006 804 2088 quod
834 2007 867 2068 in
896 2005 955 2068 illo
982 2027 1050 2069 non
1081 2007 1185 2070 habet

72 2101 210 2182 aliquem
231 2098 456 2175 intelledtum,
477 2101 537 2164 sed
557 2101 660 2170 modo
679 2102 927 2181 cogitationem
945 2122 990 2163 ex
1011 2103 1183 2175 memoria.

72 2214 149 2276 quae
166 2205 221 2258 est
237 2197 370 2280 species
385 2196 638 2276 imaginationis
656 2215 701 2258 ex
718 2192 858 2274 objediis
875 2196 964 2257 visus
983 2205 1019 2259 et
1038 2196 1184 2269 auditus,

71 2308 148 2370 quae
160 2291 241 2372 quia
252 2301 306 2354 est
323 2289 406 2355 inira
419 2288 638 2372 spiritualem,
653 2289 686 2350 in
699 2309 766 2370 quo
779 2298 895 2351 tamen
909 2290 1058 2351 resident
1072 2291 1186 2354 omnia

73 2382 153 2446 bona
172 2393 209 2446 ct
229 2404 310 2447 vera
334 2383 418 2447 caeli
441 2395 477 2447 et
500 2382 676 2456 ecclesiae,
697 2383 775 2449 inde
799 2403 857 2463 per
879 2383 1109 2465 “Aegyptum
1119 2383 1134 2405 ”
1153 2384 1185 2444 in

73 2477 233 2560 plerisque
258 2477 342 2541 locis
365 2476 574 2558 significatur
596 2475 817 2541 scientificum
841 2475 981 2554 salsum3
1006 2497 1085 2543 nam
1109 2497 1185 2543 cum

72 2571 248 2653 spiritualis
270 2572 374 2634 bomo
394 2591 462 2634 non
481 2570 598 2644 influit,
619 2580 797 2635 vertuntur
816 2570 1003 2634 scientifica
1023 2570 1185 2635 naturalis

72 2665 211 2728 hominis
224 2668 258 2728 in
272 2686 363 2728 mere
379 2666 473 2740 salsa,
487 2675 522 2728 et
536 2666 765 2745 cogitationes
778 2663 848 2745 ejus
863 2667 896 2727 in
910 2665 1185 2729 confirmationes

71 2759 136 2826 ialsi
152 2770 189 2823 et
206 2761 240 2821 in
253 2760 532 2824 ratiocinationes
544 2780 589 2821 ex
606 2758 671 2820 illis
684 2768 804 2820 contra
817 2779 915 2822 vera:
936 2760 1014 2822 inde
1027 2771 1185 2822 constare

71 2865 181 2936 potest
209 2855 289 2936 quid
318 2875 377 2936 per
401 2861 536 2935 “equos
564 2852 719 2934 Aegypti
730 2852 745 2876 '’
767 2861 802 2914 et
831 2873 889 2934 per
918 2860 1063 2919 “currus
1074 2854 1088 2878 ”
1116 2854 1185 2934 ejus

70 2947 285 3029 significatur,
307 2968 428 3030 nempe
452 2946 543 3029 quod
567 2966 627 3028 per
647 2946 804 3027 “equos''
827 2946 1013 3011 scientifica
1035 2949 1129 3021 salsa,
1150 2959 1185 3012 et

70 3062 122 3123 per
143 3049 289 3105 “currus
298 3042 313 3065 ”
332 3039 532 3104 dodirinalia
556 3039 742 3122 exquibus
765 3040 1042 3104 ratiocinationes
1066 3053 1187 3105 contra

69 3155 163 3213 vera;
183 3138 240 3219 qui
253 3138 367 3218 itaque
382 3135 469 3202 tales
482 3146 572 3209 sunt,
584 3154 652 3196 non
666 3145 832 3216 quaerunt
845 3135 980 3199 aliunde
993 3157 1072 3199 vcra
1085 3156 1185 3218 quam

69 3249 109 3292 ex
128 3252 185 3307 se;
210 3232 380 3312 proprium
400 3232 489 3294 enim
510 3229 654 3309 cujusvis
674 3230 706 3291 in
726 3228 871 3291 naturali
891 3229 1028 3293 bomine
1048 3230 1185 3302 residet,

69 3333 101 3386 et
113 3345 182 3387 non
195 3325 367 3407 proprium
381 3326 413 3387 in
427 3323 592 3406 spirituali
606 3344 613 3399 ;
630 3333 836 3404 quapropter
850 3343 911 3404 pro
924 3325 1011 3385 veris
1024 3325 1186 3404 arripiunt

69 3415 148 3483 laisa
168 3429 204 3482 et
224 3440 285 3501 pro
303 3418 401 3481 bonis
419 3418 518 3492 mala,
536 3428 572 3480 et
590 3416 675 3479 haec
694 3416 811 3478 dicunt
831 3417 921 3479 bona
940 3428 976 3480 et
995 3417 1053 3479 illa
1069 3419 1187 3479 dicunt

70 3530 155 3587 vera,
177 3533 217 3576 ac
242 3514 315 3586 sibi,
336 3514 413 3594 quia
436 3532 497 3574 suo
521 3511 666 3592 proprio,
691 3509 820 3573 fidunt:
846 3509 929 3573 haec
954 3510 1188 3592 significantur

70 3625 124 3688 per
151 3607 259 3670 “Vae
286 3606 574 3670 descendentibus
601 3606 634 3667 in
662 3603 875 3686 Aegyptum,
904 3614 940 3668 ot
967 3626 1067 3686 super
1093 3606 1187 3687 equis

70 3694 265 3774 innituntur,
284 3711 320 3764 et
340 3699 514 3764 confidunt
534 3718 634 3780 super
652 3718 749 3760 curru
767 3698 858 3779 quod
879 3698 1015 3772 multus,
1033 3709 1069 3761 et
1088 3719 1188 3782 super

70 3797 235 3878 equitibus
263 3795 354 3877 quod
381 3794 484 3856 validi
506 3792 607 3856 valde
619 3791 645 3868 ;”
674 3791 801 3873 “equi'’
823 3792 868 3854 ibi
895 3803 974 3856 sunt
1001 3792 1189 3855 scientifica

70 3888 159 3965 salsa,
176 3900 214 3953 et
235 3888 402 3952 “currus'’
421 3897 500 3950 sunt
519 3885 720 3950 doctrinalia
739 3886 827 3959 inde,
848 3906 887 3949 ac
908 3888 1070 3970 “equites
1078 3886 1093 3911 ''
1109 3896 1188 3951 sunt

71 3985 347 4048 ratiocinationes
371 4004 415 4046 ex
438 3982 505 4045 illis
528 3992 650 4044 contra
672 4000 771 4042 vera:
800 4000 903 4062 quare
926 3983 1031 4043 etiam
1054 3981 1187 4053 dicitur,

72 4078 282 4161 “Aegyptus
301 4087 354 4140 est
377 4077 535 4139 homost
555 4094 623 4137 non
648 4074 751 4148 Deus,
771 4083 806 4136 et
826 4076 902 4156 equi
921 4074 991 4155 ejus
1010 4084 1089 4137 sunt
1110 4093 1189 4136 caro

70 4182 101 4237 et
115 4194 182 4237 non
196 4171 364 4255 spiritus,”
378 4191 437 4254 per
449 4170 540 4253 quod
553 4168 761 4251 significatur
773 4169 863 4250 quod
881 4189 972 4231 mere
986 4167 1141 4231 naturale
1154 4178 1189 4229 et

71 4287 131 4332 non
155 4267 334 4351 spirituale
359 4267 407 4329 eis
433 4267 524 4339 insit,
549 4265 627 4327 inde
652 4284 714 4327 nec
738 4262 862 4346 aliquid
886 4266 999 4341 vitae;
1029 4260 1189 4325 “homo’'

70 4362 235 4444 significat
260 4361 452 4423 naturalem
479 4359 664 4433 hominem,
689 4368 725 4422 et
750 4357 886 4421 “caro’'
909 4359 1080 4440 proprium
1107 4355 1187 4435 ejus,

71 4457 187 4523 “Deus
195 4458 211 4482 ’'
225 4466 262 4523 et
281 4455 470 4538 “spiritus’'
485 4452 680 4536 significant
697 4453 857 4526 Divinum
874 4450 1082 4536 spiritualem
1099 4447 1187 4511 ¹¹¹ho-
