2684 4988
165 113 227 181 732
476 112 727 165 APOCALYPSIS
749 111 975 164 Exulem.

164 281 257 363 quod
276 300 400 361 nempe
418 281 546 344 bonum
565 281 610 344 sit
629 281 846 363 deperditum
860 296 1015 356 (matun
1028 280 1202 362 361-367);
1222 282 1306 362 per

166 371 339 435 “vitulum
347 372 362 398 ’'
374 373 465 435 enim
480 371 690 454 significatur
704 373 832 437 bonum
843 373 1027 437 ecclesiae:
1052 392 1129 437 cum
1144 373 1304 437 tertium

164 466 289 529 animal
314 465 466 530 locutum
488 477 553 540 est,
573 467 664 549 quod
687 477 760 530 erat
779 468 891 549 quoad
914 467 1034 531 faciem
1057 468 1145 531 sicut
1168 467 1298 533 hono,

164 560 365 623 describitur
388 562 509 624 tertius
532 571 645 626 status
667 580 783 625 eorum
805 562 863 644 qui
884 562 929 625 ab
950 562 1108 636 ecclesia,
1131 561 1189 642 qui
1213 565 1296 624 erat

164 654 255 736 quod
283 674 350 717 non
378 656 522 735 amplius
544 675 661 718 verum
684 656 761 737 quia
789 676 858 718 non
885 657 1022 728 bonum,
1048 656 1192 739 proinde
1219 673 1287 719 uon

164 748 308 830 amplius
327 749 439 832 aliqua
458 750 635 832 sapientia,
656 770 734 813 nam
754 752 864 813 omnis
882 752 1050 832 sapientia
1073 761 1128 813 est
1149 751 1220 813 veri
1242 769 1286 813 ex

165 842 275 918 bono;
300 863 359 925 per
374 851 393 874 ‘⁸
403 844 575 906 hominem
583 843 598 866 ”
612 845 702 907 enim
718 843 928 924 significatur
943 846 1132 926 sapientia:
1159 855 1195 907 et
1211 861 1282 906 cum

165 948 322 1018 quartum
341 936 466 1000 animal
486 936 637 1001 locutum
655 948 719 1012 est,
740 938 831 1021 quod
851 949 924 1002 erat
944 938 1053 1001 simile
1072 939 1210 1020 aquilae
1229 959 1281 1001 vo

165 1030 261 1103 lauti,
276 1032 476 1095 describitur
488 1042 627 1114 quartus
644 1042 756 1095 status
768 1053 884 1095 eorum
896 1034 952 1114 qui
968 1032 1011 1095 ab
1024 1031 1184 1105 ecclesia,
1198 1031 1281 1114 quod

164 1137 280 1189 essent
296 1128 329 1188 in
346 1127 443 1190 malis
456 1138 492 1189 ct
509 1127 587 1190 inde
603 1126 706 1201 salsis,
720 1129 768 1189 ita
782 1147 849 1190 non
863 1129 896 1189 in
908 1126 1020 1208 aliqua
1033 1125 1280 1208 intelligentia;

165 1240 225 1300 per
236 1220 410 1303 “aquilam
420 1221 435 1243 ”
444 1223 534 1284 enim
548 1220 756 1301 significatur
766 1220 1005 1301 intelligentia.
1052 1220 1109 1283 Ex
1125 1221 1179 1284 his
1192 1231 1281 1303 patet

165 1314 255 1394 quod
274 1325 418 1396 quatuor
433 1314 592 1378 animalia
608 1314 730 1377 ordine
744 1314 859 1377 locuta
878 1316 946 1378 sint
965 1316 1156 1379 secundum
1175 1335 1281 1378 corre-

165 1409 389 1489 spondentias
406 1430 452 1471 ex
471 1410 640 1491 opposito

225 1530 318 1598 371.
347 1517 450 1578 “Veni
466 1521 500 1578 et
519 1515 801 1596 oepioe.''-Quod
825 1516 995 1597 significet
1018 1517 1238 1580 attentionem
1256 1524 1284 1580 et

164 1607 414 1686 perceptionem,
431 1615 569 1669 constat
588 1607 694 1668 etiam
713 1625 759 1667 ex
777 1605 845 1668 illis
862 1626 950 1688 quae
965 1626 1068 1687 supra
1084 1622 1120 1681 (n.
1134 1622 1209 1686 354)
1224 1624 1283 1670 ex·

168 1696 294 1778 plicata
313 1708 403 1771 sunt,
424 1698 480 1761 ubi
499 1696 620 1760 similia
639 1698 751 1760 verba.

225 1805 381 1888 372[a].
405 1814 424 1842 ¹¹
433 1806 470 1868 fr
485 1806 559 1888 [rtet
569 1805 615 1889 et]
631 1825 707 1868 eece
721 1824 819 1887 soene
833 1806 1099 1888 niyee.''-Quod
1115 1806 1284 1888 significet

167 1898 367 1960 r'ntellet‘lum
393 1897 494 1961 Verbi
509 1898 717 1979 deperditum
732 1898 844 1980 quoad
857 1918 981 1973 verum,
999 1909 1141 1963 constat
1155 1920 1202 1963 ex
1217 1901 1284 1982 sig·

168 1988 364 2053 nificatione
388 1989 524 2072 “equi'’
543 1990 634 2072 quod
654 1992 698 2052 sit
716 1989 914 2053 intellectus
933 2006 975 2064 (ue
988 2019 1037 2064 qua
1050 2020 1131 2065 supra,
1149 2020 1173 2054 n.
1193 2005 1283 2073 355);

167 2093 201 2145 et
225 2104 270 2145 ex
289 2081 538 2163 significatione
560 2082 706 2163 “nigri”
723 2082 813 2165 quod
837 2084 883 2145 sit
908 2102 975 2144 non
995 2102 1134 2160 verum;
1156 2085 1207 2146 ita
1229 2103 1286 2166 per

169 2184 319 2259 “equum
338 2177 470 2257 nigrum
478 2176 494 2200 ”
513 2175 723 2259 significatur
740 2175 934 2240 intelledms
953 2178 1151 2259 deperditus
1174 2178 1285 2260 quoad

167 2290 293 2334 verum.
339 2270 441 2352 Quod
461 2271 607 2352 “nIger”
623 2269 791 2353 significet
811 2290 879 2333 non
896 2291 1022 2346 verum,
1039 2280 1094 2334 est
1111 2273 1190 2355 quia
1208 2278 1228 2304 ‘⁴
1237 2271 1285 2335 al·

167 2365 270 2427 bum'’
289 2364 457 2447 significat
477 2385 612 2441 verum;
636 2364 727 2447 quod
748 2364 916 2428 “album''
932 2365 1065 2428 dicatur
1080 2365 1124 2427 de
1140 2386 1234 2440 vero,
1251 2376 1290 2430 et

167 2455 337 2538 significet
366 2456 462 2529 illud,
490 2456 648 2518 videatur
674 2476 775 2538 supra
804 2471 838 2529 (n.
865 2455 945 2536 196).
989 2454 1091 2536 Quod
1112 2456 1286 2519 “album'’

167 2549 299 2611 dicatur
317 2549 359 2611 de
378 2568 458 2611 vero
477 2558 512 2610 et
532 2547 699 2629 significet
719 2547 812 2621 illud,
826 2559 879 2611 est
895 2548 972 2629 quia
988 2546 1102 2610 album
1119 2549 1285 2630 originem

167 2643 260 2705 ducit
277 2664 321 2706 ex
337 2642 485 2705 candore
503 2641 595 2717 lucis,
613 2652 649 2704 et
667 2641 779 2704 “lux’'
796 2641 969 2724 significat·
982 2661 1118 2718 verum;
1142 2652 1178 2705 et
1195 2642 1286 2725 quod

169 2736 352 2818 “nigrum'’
371 2736 503 2799 dicatur
521 2737 563 2799 de
583 2756 650 2798 non
670 2756 750 2798 vero
768 2745 803 2798 et
827 2733 995 2816 significet
1018 2733 1112 2809 illud,
1134 2744 1189 2799 est
1208 2737 1286 2818 quia

168 2831 300 2912 nigrum
317 2831 482 2912 originem
499 2831 592 2894 ducit
609 2852 654 2894 ex
671 2830 820 2894 tenebris
837 2850 896 2892 seu
912 2850 957 2891 ex
973 2830 1163 2911 privatione
1181 2829 1286 2906 lucis;

167 2934 202 2988 et
221 2923 439 2999 “tenebrae''
452 2926 529 3007 quia
545 2925 700 2988 existunt
713 2944 758 2986 ex
776 2924 965 3006 privatione
982 2923 1076 2995 lucis,
1090 2922 1286 3006 significant

166 3020 395 3102 ignorantiam
411 3020 491 3082 veri.
522 3017 624 3100 Quod
641 3024 775 3101 “equus
792 3018 887 3099 niger
895 3017 911 3042 ''
927 3017 980 3081 hic
997 3015 1166 3100 significet
1183 3018 1287 3083 intel·

167 3111 292 3177 lectum
319 3112 425 3176 Verbi
451 3113 665 3196 deperditum
692 3112 804 3196 quoad
828 3132 954 3188 verum,
980 3113 1083 3175 etiam
1114 3120 1215 3194 patet
1241 3134 1286 3176 ex

167 3203 418 3287 significatione
442 3204 548 3286 “equi
567 3202 657 3277 rufi,”
676 3220 718 3277 (ue
731 3218 883 3279 quosne.)
904 3202 996 3285 quod
1018 3203 1063 3265 sit
1085 3201 1287 3266 intellectus

166 3296 361 3379 deperditus
377 3296 489 3378 quoad
508 3296 634 3358 bonum
649 3318 656 3372 ;
681 3296 714 3358 in
731 3294 877 3359 ecclesia
895 3295 999 3359 etiam
1016 3312 1177 3358 successu
1197 3303 1287 3360 tem·

167 3392 256 3472 poris
275 3390 418 3474 primum
437 3390 523 3473 perit
542 3390 679 3465 bonum,
697 3400 732 3453 et
751 3389 829 3453 dein
845 3409 972 3465 verum,
990 3398 1026 3452 et
1045 3388 1188 3453 tandem
1208 3388 1288 3455 loco

166 3484 246 3548 boni
273 3485 425 3547 succedit
453 3483 590 3558 malum,
621 3493 656 3548 et
687 3482 764 3547 loco
790 3485 860 3547 veri
889 3483 1029 3562 lalsum;
1063 3482 1118 3546 hic
1145 3483 1288 3549 ultimus

165 3589 276 3642 status
295 3577 461 3642 ecclesiae
483 3577 684 3659 intelligitur
703 3598 761 3661 per
781 3584 931 3661 “equum
950 3574 1145 3661 pallidum,”
1151 3578 1196 3643 de
1219 3601 1289 3663 quo

165 3673 198 3735 in
226 3673 455 3756 sequentibus.
509 3671 612 3754 Quod
640 3672 826 3754 “nigrum’'
858 3671 1027 3755 significet
1057 3692 1127 3736 non
1154 3693 1287 3749 verum,

165 3778 304 3832 constat
327 3788 460 3851 quoque
483 3788 529 3831 ex
552 3767 625 3831 aliis
649 3766 734 3831 locis
758 3767 792 3831 in
816 3766 944 3842 Verbo,
965 3766 1020 3830 ubi
1043 3766 1166 3830 dicitur
1181 3768 1288 3835 :-Ut

165 3862 255 3945 apud
273 3861 431 3937 Milium,

216 4024 234 4047 “
242 4020 304 4072 Nox
315 4021 393 4071 vobis
405 4037 455 4085 pro
467 4021 580 4079 visione,
594 4032 621 4071 et
633 4022 761 4071 tenebrae
773 4023 894 4071 orientur
902 4021 981 4072 vobis
994 4036 1044 4085 pro
1053 4022 1245 4081 divinatione:
1261 4035 1288 4075 et

295 4088 397 4137 occidet
409 4087 451 4137 sol
463 4101 543 4150 super
555 4089 701 4150 prophetis.
714 4098 742 4137 et
754 4089 881 4151 nigrescit
893 4102 974 4151 super
986 4087 1019 4136 iis
1032 4088 1091 4137 dies
1099 4087 1113 4106 '⁵
1127 4089 1177 4144 liii.
1193 4090 1236 4153 bl:
