2684 4988
306 466 389 518 ene.
407 466 469 528 vn,
487 465 590 516 vans.
607 453 717 516 8.-u.
736 450 860 535 388[b].
1080 453 1145 534 809

106 633 149 696 rdo
161 654 215 698 non
233 635 332 699 faciat
358 634 448 698 male
467 645 502 698 et
521 633 677 716 loquatur
700 634 808 712 male;
831 634 891 697 sed
911 655 1015 717 usque
1033 637 1144 698 omnis

106 729 193 808 gitatin
208 741 242 793 et
259 729 423 793 voluntas
440 729 546 793 afficit
568 731 721 812 spiritum
745 730 900 804 hominis,
917 740 953 792 et
975 729 1055 794 facit
1073 729 1143 811 ejus

106 843 142 884 arn
155 836 222 906 post
242 836 401 887 mortem.

111 914 161 999 [u]
187 917 286 999 Quod
301 918 420 981 “ferae
437 917 569 983 malae”
585 916 776 999 significent
794 918 998 998 cupiditates
1013 926 1048 980 et
1064 917 1142 981 inde

107 1012 190 1074 itates
211 1012 370 1075 oriundas
392 1032 438 1075 ex
462 1032 576 1075 amore
603 1013 652 1074 sui
680 1021 715 1075 et
745 1012 870 1084 mundi,
895 1031 980 1093 quae
1004 1021 1141 1074 vastant

106 1106 142 1167 nia
159 1107 319 1170 ecclesiae
338 1107 428 1189 apud
449 1107 630 1180 hominem,
651 1116 685 1169 et
704 1126 838 1188 quoque
859 1104 964 1188 [quod
985 1106 1102 1169 “ferae
1111 1106 1140 1188 ”]

106 1202 230 1281 »pposito
246 1220 349 1263 sensu
364 1199 560 1264 affectiones
576 1201 645 1263 veri
664 1221 749 1282 quae
766 1199 937 1264 vivificant
956 1200 1070 1262 omnia
1083 1219 1141 1264 ec·

108 1295 158 1367 iae,
174 1306 330 1358 constare
348 1304 464 1377 potest
480 1315 500 1356 a
515 1295 733 1377 sequentibus
749 1294 801 1356 his
817 1293 900 1356 locis
917 1295 949 1356 in
964 1293 1080 1357 Verbo
1090 1313 1141 1356 :—

105 1389 131 1450 td
147 1389 342 1464 Jeremiam,

111 1506 152 1565 lte,
164 1518 329 1570 congregate
342 1522 451 1556 ornnem
466 1507 549 1557 feram
562 1507 628 1569 agri.
642 1507 733 1557 venite
743 1507 778 1556 nd
790 1507 1000 1563 comedendum:
1021 1516 1141 1570 pastores

155 1575 229 1622 multi
240 1575 415 1636 perdiderunt
423 1573 529 1621 vineam
541 1587 637 1630 meam,
649 1574 839 1622 conculcarunt
850 1588 943 1634 agrum
957 1587 1056 1632 meum,
1068 1573 1141 1622 rede·

153 1649 251 1701 gerunt
263 1653 358 1701 agrum
371 1637 496 1687 desiderii
511 1635 587 1703 [mel]
601 1638 628 1686 in
641 1639 776 1686 desertum
789 1637 940 1687 solitudinis
948 1636 962 1656 ”
974 1637 1030 1699 (xii.
1039 1652 1063 1700 9,
1076 1637 1130 1698 10):

105 1782 136 1823 ur
150 1762 201 1825 hic
221 1762 264 1824 de
281 1762 476 1824 vastatione
493 1760 657 1824 ecclesiae
672 1761 783 1843 quoad
801 1760 870 1841 ejus
886 1782 965 1824 vera
980 1771 1015 1824 et
1030 1762 1141 1843 quoad
1189 1777 1192 1782 ·

112 1856 214 1931 bona;
239 1858 390 1918 vastatio
403 1856 602 1918 describitur
614 1875 674 1936 per
688 1856 779 1937 quod
793 1861 974 1937 “pastores
988 1855 1141 1937 perdide·

117 1951 270 2013 vineam’'
295 1951 443 2023 Domini,
464 1960 499 2013 et
524 1949 826 2013 “conculcaverint
850 1950 990 2031 agrurn”
1015 1950 1141 2031 Ipsius;

112 2045 312 2126 “pastores''
335 2044 572 2125 intelliguntur
599 2045 654 2124 qui
681 2043 808 2106 docent
830 2064 911 2106 vera
937 2054 972 2106 et
1000 2063 1058 2124 per
1084 2043 1142 2125 illa

104 2150 151 2200 rnt
169 2140 210 2201 ad
231 2140 358 2201 bonum
374 2140 475 2211 vitae,
493 2138 545 2200 hic
562 2139 617 2219 qui
634 2138 760 2200 docent
779 2137 862 2200 falsa
882 2149 916 2200 et
936 2158 995 2219 per
1010 2137 1068 2200 illa
1080 2138 1141 2199 du·

104 2234 170 2295 tad
194 2232 319 2295 malurn
344 2233 454 2307 vitae;
484 2253 543 2314 per
567 2233 728 2294 “vineam
738 2232 753 2256 ”
776 2233 977 2313 intelligitur
999 2231 1143 2295 ecclesia

104 2325 139 2386 ad
156 2347 244 2400 vera,
263 2337 299 2388 et
323 2346 383 2407 per
403 2324 572 2406 “agrum'’
591 2324 735 2387 ecclesia
759 2327 869 2407 quoad
890 2327 1035 2404 bonum;
1065 2346 1142 2387 vas·

104 2419 199 2500 uejus
221 2420 424 2501 intelligitur
448 2440 507 2502 per
529 2419 619 2500 quod
640 2420 876 2500 “perdiderint
886 2421 900 2444 ”
920 2431 955 2483 et
976 2419 1141 2485 “concul-

104 2514 204 2588 rrint,”
227 2526 300 2576 turn
325 2534 384 2596 per
406 2514 495 2596 quod
520 2513 743 2594 “redegerint
767 2534 886 2595 agrurn
914 2517 947 2577 in
971 2516 1142 2579 desertum

104 2608 254 2670 tudinis:”
284 2621 318 2671 et
343 2609 419 2689 quia
438 2608 642 2691 cupiditates
665 2617 700 2670 et
724 2608 889 2671 falsitates
913 2611 1074 2673 oriundae
1097 2631 1141 2674 ex

104 2721 141 2764 ›re
155 2706 201 2765 sui
220 2715 255 2766 et
276 2704 391 2765 mundi
408 2713 547 2766 vastant
566 2724 651 2779 eam,
672 2705 804 2778 dicitur,
822 2705 915 2778 “lte,
933 2716 1142 2786 congregate

104 2814 159 2859 rern
177 2798 281 2860 feram
305 2799 389 2878 agri,
408 2799 522 2860 venite
540 2799 584 2860 ad
603 2799 849 2862 comedendum
863 2799 889 2875 ;”
919 2800 1056 2861 “omnis
1075 2801 1142 2863 fera

103 2889 127 2950 i”
146 2892 311 2974 significat
335 2892 502 2955 falsitates
525 2903 559 2954 et
585 2894 789 2974 cupiditates
812 2894 889 2955 inde
913 2894 1081 2967 oriundas,
1106 2906 1141 2957 et

103 2987 253 3050 nedae·
284 2985 451 3068 significat
481 2997 615 3050 vastare
645 2999 680 3050 et
708 3007 926 3050 consumere:
963 2990 1052 3070 quod
1083 3010 1142 3071 per

103 3099 157 3144 rant
175 3084 246 3164 agri
256 3083 271 3105 ”
290 3102 358 3143 non
383 3081 592 3162 intelligatur
611 3083 679 3144 fera
702 3083 774 3163 agri
796 3093 903 3164 patet,
925 3103 1001 3145 nam
1022 3085 1142 3146 dicitur

103 3173 121 3235 d
154 3184 335 3258 “pastores
373 3177 579 3257 perdiderint
617 3178 760 3249 vineam,
796 3188 830 3239 et
868 3176 1141 3241 conculcaverint

103 3269 170 3343 unr,’'
184 3282 220 3334 et
237 3291 297 3352 per
315 3277 498 3351 “pastores
507 3270 521 3294 '¹
537 3270 773 3351 intelliguntur
792 3281 945 3353 pastores
964 3271 1138 3347 ecclesiae,

103 3381 148 3427 ion
165 3377 320 3448 pastores
339 3366 464 3446 gregis.
509 3364 613 3447 Apud
631 3365 808 3440 Davidem,

103 3487 187 3551 'Quare
200 3489 342 3538 conculcat
348 3487 363 3507 ''
375 3489 457 3537 vitem
471 3499 543 3538 tuam
559 3492 648 3551 “aper
659 3486 699 3538 [ηε
712 3489 789 3547 silva,
805 3499 832 3538 et
844 3489 901 3538 fera
910 3505 1034 3552 agrorum
1047 3491 1142 3552 depas-

153 3556 188 3604 cit
199 3553 297 3604 illam”
309 3554 366 3614 (Pu.
381 3554 453 3603 lxxx.
468 3566 498 3614 ¹⁴
511 3551 556 3619 [B.
569 3556 603 3604 A.
617 3550 685 3618 13]):

118 3679 270 3743 “vitem”
297 3679 350 3741 hic
378 3677 486 3741 simile
516 3677 722 3759 significatur
751 3680 840 3761 quod
871 3700 929 3761 per
957 3680 1142 3742 “vineam''

102 3791 138 3844 ra,
151 3795 271 3856 nempe
287 3772 432 3835 ecclesia
455 3773 567 3854 quoad
586 3794 714 3846 verum,
735 3794 820 3855 quae
839 3785 980 3836 vocatur
998 3773 1142 3837 ecclesia

102 3866 221 3930 itualis:
252 3868 404 3930 vastatio
426 3866 495 3946 ejus
519 3888 577 3950 per
603 3868 807 3949 cupiditates
834 3879 868 3931 et
896 3889 955 3950 per
977 3867 1142 3930 falsitates

102 3960 185 4023 uralis
202 3962 348 4024 hominis
368 3962 513 4042 separati
532 3982 552 4023 a
570 3961 732 4042 spirituali
755 3961 956 4042 intelligitur
975 3982 1033 4042 per
1051 3963 1141 4042 quod

102 4068 177 4130 pere
198 4056 283 4118 silva
307 4054 485 4118 conculcet
508 4055 600 4117 illam
614 4055 640 4131 ;”
673 4062 780 4136 “aper
803 4077 822 4118 e
845 4055 951 4117 silva''
974 4054 1141 4135 significat

102 4145 226 4222 ‚iditates
256 4149 364 4212 malas
394 4150 557 4212 naturalis
585 4150 741 4225 hominis,
768 4160 804 4213 et
833 4150 929 4213 “fera
961 4148 1143 4230 agrorum”

102 4236 199 4304 ilites.
243 4244 347 4326 Apud
366 4242 561 4319 Hoscheam,

106 4356 256 4416 ‘'Deruubo
264 4369 346 4416 vitem
356 4368 414 4430 ejus
422 4377 449 4415 et
457 4366 534 4417 ficum
543 4368 623 4431 ejus..
635 4408 640 4418 .
651 4406 657 4418 .
668 4378 706 4418 ‚et
715 4383 815 4430 ponam
823 4383 856 4416 ea
865 4369 891 4416 in
902 4356 1139 4426 silvarn,eteome»

164 4431 203 4480 det
213 4433 256 4481 illa
267 4434 325 4482 fera
335 4433 414 4495 agri”
426 4434 463 4494 (ii.
478 4440 532 4495 rol:
