2716 4986
158 507 221 574 792
468 509 718 561 APOCALYPSIS
741 507 966 558 EXPLICATA.

155 697 193 740 ac
207 677 322 759 reliqui
336 678 399 740 cibi
416 688 450 741 et
467 688 567 760 potus
580 678 612 741 in
625 677 736 759 specie
749 677 816 738 suis
831 675 928 738 bonis
941 682 975 737 et
988 673 1085 745 veris,
1098 672 1143 736 de
1155 673 1272 755 quibus

154 773 279 852 passim
290 769 400 834 actum
414 782 466 834 est
480 775 511 834 in
525 770 804 853 praecedentibus
817 780 851 832 et
865 780 987 849 agetur
999 768 1031 830 in
1045 767 1270 849 sequentibus.

127 918 137 935 ,
155 864 285 927 Dicitur
298 866 387 946 quod
403 866 558 928 “fames'’
571 864 735 946 significet
755 863 804 945 [i]
819 863 1087 944 deprivationem
1104 861 1270 940 cognitio·

155 978 233 1021 num
257 961 325 1021 veri
349 971 382 1021 et
407 959 495 1030 boni,
517 969 588 1022 tum
615 957 675 1040 [ii]
696 955 874 1029 descitum,
894 967 929 1019 et
952 953 1024 1037 [iii]
1044 954 1271 1044 ignorantiam

153 1073 279 1122 eorum,
300 1055 376 1135 quia
395 1054 581 1134 deprivatio
600 1064 652 1115 est
674 1052 762 1133 apud
786 1051 862 1113 illos
881 1051 936 1131 qui
959 1051 992 1110 in
1015 1048 1113 1110 malis
1136 1058 1172 1111 et
1196 1048 1271 1111 inde

153 1145 244 1209 falsis
266 1159 355 1221 sunt,
376 1146 525 1210 delectus
547 1148 635 1228 apud
660 1147 736 1209 illos
755 1147 809 1227 qui
834 1165 901 1207 non
924 1153 1065 1227 possunt
1089 1144 1175 1206 scire
1199 1143 1271 1206 illas

153 1242 229 1322 quia
246 1262 312 1304 non
331 1253 408 1305 sunt
428 1245 460 1303 in
480 1241 623 1305 ecclesia
639 1263 697 1303 seu
714 1243 745 1303 in
762 1237 916 1303 doctrina
932 1239 1012 1318 ejus,
1029 1248 1064 1300 et
1081 1239 1271 1318 ignorantia

152 1337 240 1416 apud
268 1336 344 1397 illos
366 1338 419 1418 qui
447 1338 557 1398 sciunt
581 1336 671 1417 quod
700 1336 778 1407 sint,
803 1344 837 1397 et
865 1334 942 1395 inde
964 1332 1159 1395 desiderant
1188 1332 1270 1395 illas.

155 1431 250 1494 llaec
271 1433 334 1493 tria
353 1452 411 1512 per
428 1430 602 1492 “samem’'
619 1431 650 1491 in
668 1428 784 1491 Verbo
801 1425 1041 1508 significantur,
1059 1435 1095 1487 ut
1114 1436 1270 1489 constare

153 1535 267 1606 potest
284 1546 304 1587 a
320 1524 402 1587 locis
419 1525 461 1586 ibi
482 1525 534 1586 ubi
553 1523 712 1596 '‘sames‘'
727 1520 970 1595 “esurientes’'
985 1519 1086 1582 “sitis
1094 1519 1109 1542 ”
1122 1531 1157 1583 et
1172 1522 1269 1582 “siti-

154 1630 252 1681 entes
261 1618 276 1641 ”
296 1620 519 1680 nominantur.

215 1709 278 1792 [b.]
313 1711 364 1791 (i.)
391 1709 487 1786 Quod
507 1709 660 1788 “sames'’
683 1708 852 1789 significet
871 1707 1138 1788 deprivationem
1158 1708 1268 1788 cogni-

153 1802 277 1864 tionum
296 1802 370 1863 veri
383 1812 415 1863 et
435 1801 513 1863 boni
526 1823 610 1882 quae
625 1811 676 1863 est
693 1800 787 1880 apud
805 1800 881 1861 illos
899 1800 1008 1881 quiin
1027 1800 1129 1862 malis
1148 1810 1180 1862 et
1198 1799 1271 1862 inde

151 1896 261 1976 salsis
280 1907 367 1970 sunt,
388 1906 523 1958 constat
542 1917 561 1957 a
581 1896 797 1977 sequentibus
809 1893 964 1975 2-Apud
984 1894 1136 1967 Esaiam,

203 2030 220 2054 ¹⁸
230 2028 261 2078 ln
277 2030 498 2078 excandescentia
510 2028 629 2093 jehovae
643 2028 761 2077 Zebaoth
775 2029 916 2076 obscurata
929 2036 971 2077 est
983 2039 1062 2085 terra,
1077 2025 1217 2090 latiusque
1231 2035 1270 2076 est

283 2096 395 2157 populus
407 2091 498 2158 [sicut]
513 2095 586 2142 cibus
597 2094 674 2155 ignis,
688 2094 727 2140 vir
737 2093 811 2141 lratri
821 2108 871 2141 suo
881 2108 935 2140 non
949 2104 1054 2154 parcen
1072 2104 1099 2141 et
1111 2094 1134 2141 si
1143 2093 1270 2142 deciderit

282 2162 315 2208 ad
324 2161 454 2215 dextram,
466 2160 565 2208 esuriet
575 2170 675 2215 tamen,
684 2169 710 2206 et
719 2160 742 2207 si
752 2155 921 2207 1¹1comederii
931 2159 965 2207 ad
975 2159 1121 2215 sinistram,
1133 2173 1188 2207 non
1200 2169 1269 2208 satu-

283 2227 420 2280 rabuntur,
430 2226 583 2273 vircarnem
595 2225 693 2273 brachii
704 2225 744 2272 sui
754 2224 902 2278 comedent,
915 2223 1078 2272 Menascheh
1088 2223 1267 2285 Ephraimum,

281 2301 307 2418 pt
327 2290 485 2417 Ephraimuls
505 2289 678 2345 Menaschen,
698 2303 752 2337 una
770 2289 807 2336 illi
824 2286 1271 2352 contra”1¹¹Jenovarn'(ix.ru-ao

296 2356 329 2404 B.
339 2358 374 2403 Α.
387 2368 462 2416 19-21
480 2357 502 2414 ):

149 2478 233 2541 haec
259 2498 359 2540 nemo
383 2475 612 2540 intellecturus
635 2488 687 2540 est
717 2478 776 2538 nisi
804 2497 972 2540 exsensu
999 2478 1144 2549 interno,
1169 2479 1269 2540 immo

151 2593 212 2634 nec
235 2573 277 2633 de
296 2593 360 2653 qua
379 2593 413 2633 re
432 2574 552 2652 agitur.
598 2571 723 2651 Agitur
743 2572 786 2632 ibi
806 2572 848 2634 de
866 2569 1095 2634 exstinctione
1114 2573 1195 2634 boni
1214 2591 1270 2655 per

150 2665 280 2736 lalsum,
301 2685 338 2727 ac
360 2667 428 2727 veri
452 2686 510 2746 per
529 2664 674 2740 malum;
698 2667 867 2747 perversio
886 2664 1049 2727 ecclesiae
1073 2685 1132 2746 per
1150 2665 1268 2728 falsum

150 2761 350 2840 intelligitur
367 2780 425 2840 per
439 2767 458 2789 ‘¹
468 2761 498 2820 in
516 2759 801 2820 excandescentia
813 2759 962 2839 Jehovae
979 2759 1135 2822 Zebaoth
1147 2761 1268 2823 obscu-

149 2864 223 2916 rata
240 2865 292 2916 cst
313 2853 432 2925 terra,”
448 2864 482 2914 et
503 2852 672 2933 perversio
690 2853 758 2932 ejus
778 2874 836 2935 per
853 2853 977 2916 malum
994 2854 1196 2936 intelligitur
1215 2875 1270 2936 per

152 2944 287 3009 “ladius
306 2958 357 3009 est
378 2947 520 3028 populus
541 2944 657 3027 [sicut]
678 2948 770 3009 cibus
789 2949 876 3027 ignis
889 2947 914 3022 ;¹'
934 2948 1143 3011 “obscurata
1159 2947 1270 3011 terra”

149 3041 316 3123 significat
336 3041 515 3103 ecclesiam
541 3041 593 3102 ubi
619 3061 685 3104 non
707 3061 822 3104 verum
847 3043 905 3104 sed
929 3043 1069 3119 salsum;
1093 3055 1128 3106 et
1149 3043 1270 3106 “cibus

150 3137 261 3217 ignis''
272 3135 437 3216 significat
451 3137 744 3215 consumptionem
758 3136 827 3215 ejus
841 3136 883 3197 ab
897 3157 1010 3200 amore
1023 3138 1101 3200 mali
1117 3136 1152 3218 (⁶⁴
1162 3138 1271 3220 ignis''

149 3241 200 3293 est
215 3251 309 3292 amor
322 3230 415 3311 mali)
430 3251 436 3291 :
462 3230 550 3311 quod
565 3229 682 3290 salsum
697 3231 848 3292 destruet
862 3231 986 3293 bonum
1000 3232 1202 3312 intelligitur
1214 3253 1271 3315 per

151 3327 227 3387 “vir
255 3325 346 3387 fratri
374 3345 434 3386 suo
462 3344 528 3386 non
558 3334 674 3404 parcet
690 3325 716 3399 ;”
744 3324 843 3386 “vir''
867 3335 901 3387 et
927 3326 1080 3388 “frater’'
1101 3326 1270 3408 significat

148 3439 263 3482 verum
283 3430 317 3480 et
335 3420 470 3490 bonum,
490 3418 542 3479 hic
561 3417 660 3479 “vir''
680 3418 798 3480 falsum
818 3429 852 3481 et
871 3420 1022 3482 “frater''
1041 3422 1177 3495 bonum,
1195 3423 1270 3504 quia

148 3512 270 3575 dicitur
289 3512 377 3593 quod
402 3514 431 3573 ei
452 3518 547 3573 “non
568 3523 683 3592 parcet
697 3513 722 3572 :’'
747 3513 835 3593 quod
857 3514 934 3576 inde
954 3514 1141 3595 deprivatio
1159 3517 1269 3579 omnis

148 3606 227 3668 boni
255 3617 289 3668 et
313 3608 421 3667 omnis
445 3607 513 3666 veri
541 3617 710 3686 utcunque
734 3608 881 3687 inquirit,
906 3608 1107 3689 intelligitur
1130 3630 1189 3690 per
1213 3611 1270 3673 “si

146 3699 309 3762 deciderit
319 3700 361 3761 ad
373 3700 531 3762 dextram
541 3702 663 3762 esuriet
675 3711 800 3773 tamen,
810 3711 844 3763 et
856 3703 882 3762 si
891 3699 1102 3766 ¹¹¹comederit
1116 3704 1159 3765 ad
1170 3705 1266 3766 sinis·

147 3802 233 3856 tram
252 3815 318 3855 non
335 3795 573 3855 saturabuntur
585 3793 610 3868 ;”
629 3794 780 3855 “dextra
789 3794 803 3816 ’¹
817 3795 983 3874 significat
1001 3797 1127 3859 bonum
1143 3819 1189 3860 ex
1202 3819 1268 3880 quo

145 3908 271 3960 verum,
286 3898 320 3949 et
335 3894 353 3918 ‘⁴
363 3888 496 3948 sinistra
505 3887 519 3909 '’
533 3907 646 3949 verum
663 3908 707 3949 ex
725 3889 825 3961 bono,
841 3887 1061 3953 “1⁸¹caedere”
1074 3897 1267 3956 etf‘come-

145 3981 247 4045 dere''
258 3982 299 4043 ad
314 3980 388 4042 illas
399 3980 565 4060 significat
577 3982 751 4062 inquirere,
763 4003 801 4043 ac
814 3986 964 4045 “esurire
975 3997 1009 4047 et
1021 4005 1087 4047 non
1099 3988 1243 4049 saturari
1251 3987 1267 4010 ”

144 4087 196 4139 est
213 4076 398 4157 deprivari:
423 4076 513 4156 quod
533 4074 657 4137 malum
674 4078 872 4157 exstinguat
890 4098 991 4141 omne
1008 4100 1133 4154 verum,
1151 4091 1188 4143 et
1205 4082 1266 4144 sal·

145 4189 216 4230 sum
238 4188 337 4231 omne
361 4169 496 4242 bonum,
517 4168 716 4248 intelligitur
736 4190 794 4250 per
815 4173 891 4233 “vir
910 4193 1046 4235 carnem
1070 4174 1197 4237 brachii
1217 4177 1266 4238 sui

145 4263 325 4325 comedent
339 4262 363 4339 ;”
388 4269 496 4324 “caro
523 4264 648 4325 brachii
658 4262 672 4284 ”
695 4274 746 4326 est
772 4267 924 4344 potentia
949 4268 1027 4328 boni
1056 4288 1115 4348 per
1138 4289 1264 4343 verum,

145 4363 164 4388 ⁴‘
175 4358 224 4419 vir
232 4357 246 4379 ''
260 4369 311 4420 est
325 4358 453 4428 falsum,
468 4368 503 4419 et
516 4363 534 4387 “
545 4357 722 4419 comedere
732 4358 747 4380 ”
760 4370 810 4420 est
825 4362 1043 4441 exstinguere
1056 4383 1063 4438 ;
1084 4364 1175 4444 quod
1189 4364 1265 4427 inde

144 4452 252 4515 omnis
272 4453 429 4515 voluntas
453 4452 532 4515 boni
554 4472 592 4514 ac
612 4451 805 4516 intellthus
824 4457 892 4517 veri
916 4467 1042 4537 pereat,
1062 4457 1264 4539 intelligitur
