2684 4988
371 466 449 535 'con
467 484 543 548 νη,
561 486 664 537 vens.
682 477 791 538 8.-Ν.
807 491 880 558 447.
1105 494 1181 561 1131

117 603 212 735 447..
236 668 324 728 [Vers.
337 669 371 728 e]
394 653 548 717 “Ertnibu
559 654 716 720 tetolonis
727 657 884 721 duodecim
894 659 988 721 millio
1001 658 1187 741 riperti&-

104 746 160 806 uod
176 744 352 827 significet
369 746 621 828 comoniioonem
632 747 768 810 illorum
782 750 843 831 qui
854 751 889 813 in
905 751 1002 814 tertt'o
1014 751 1100 814 caelo
1115 773 1187 815 cum

104 839 207 912 omino,
224 849 369 902 constat
389 860 433 902 ex
449 842 765 922 repraesentatione
784 853 819 907 et
839 844 919 907 inde
937 844 1186 926 significatione

106 929 298 996 Sebulonis”
317 943 353 997 et
371 934 477 997 tribus
493 934 537 997 ab
553 934 612 997 illo
629 937 836 1011 nominatae,
853 939 944 1019 quod
964 941 1008 1001 sit
1025 939 1186 1020 conjunc·

104 1027 124 1088 ἰο
147 1027 277 1091 illorum
308 1028 366 1110 qui
396 1030 429 1090 in
461 1030 565 1092 tertio
596 1029 692 1092 caelo
723 1050 800 1093 cum
833 1032 1001 1110 Domino;
1036 1032 1186 1097 Sebulon

106 1122 199 1184 nimiu
212 1123 329 1204 lingua
345 1123 504 1186 Hebraea
516 1120 625 1186 dietus
638 1133 690 1186 est
707 1143 727 1186 a
739 1123 988 1198 cohabitatione,
1002 1134 1037 1187 et
1053 1131 1072 1157 ‘⁶
1081 1125 1186 1189 coha-

104 1216 210 1279 itatio”
229 1218 263 1279 in
282 1238 385 1280 sensu
404 1216 569 1299 spirituali
588 1216 757 1298 significat
774 1216 1058 1299 conjunilionem
1079 1219 1187 1301 qualis

104 1319 131 1370 et
149 1310 274 1373 illorum
298 1313 355 1391 qui
378 1333 415 1374 se
437 1322 575 1375 amant:
603 1312 694 1393 quod
718 1312 771 1374 hic
794 1311 999 1412 “Sebulon’:
1017 1311 1186 1394 significet

104 1403 338 1484 :onjunilionem
355 1405 488 1468 illorum
504 1407 560 1487 qui
579 1407 614 1467 in
630 1407 733 1470 tertio
750 1407 846 1470 caelo
863 1427 939 1470 cum
957 1407 1116 1484 Domino,
1133 1418 1187 1471 est

104 1499 151 1578 pia
172 1520 227 1581 per
257 1520 381 1563 novem
406 1501 512 1563 tribus
540 1501 785 1582 praecedentes
808 1500 1043 1583 significantur
1068 1520 1188 1564 omnes

105 1590 129 1654 lli
145 1596 192 1676 qui
213 1596 246 1658 in
270 1594 376 1658 caelis
394 1605 473 1658 sunt
497 1605 532 1658 et
555 1596 588 1657 in
613 1595 727 1658 caelos
747 1597 907 1659 veniunt:
936 1616 975 1659 ac
1000 1596 1085 1659 caeli
1108 1605 1187 1659 sunt

104 1703 154 1760 res,
177 1689 343 1762 intimum,
370 1689 516 1751 medium
543 1699 578 1752 et
605 1688 773 1765 ultimum,
797 1710 836 1753 ac
865 1710 966 1753 nemo
995 1692 1029 1752 in
1056 1690 1187 1753 caelum

104 1783 164 1845 lenit
185 1785 245 1846 nisi
270 1803 371 1865 quem
397 1783 563 1846 Dominus
586 1781 656 1846 Sibi
684 1783 881 1866 conjungit3
912 1806 1016 1867 quare
1043 1806 1103 1867 per
1125 1784 1188 1847 has

104 1893 146 1938 :res
164 1879 266 1941 tribus
290 1878 412 1940 ultimo
436 1890 642 1940 memoratas
664 1878 872 1959 significatur
895 1877 1088 1961 conjunftio
1111 1899 1187 1942 cum

104 1966 225 2046 Domino,
244 1993 303 2054 per
322 1972 474 2034 “tribum
495 1970 697 2035 Sebulonis’'
714 1971 907 2054 conjunitio
927 1973 1060 2036 illorum
1080 1974 1135 2056 qui
1155 1975 1187 2035 in
1245 2048 1248 2053 .

104 2065 173 2127 :ertio
189 2067 386 2150 caeloycum
411 2066 570 2140 Domino,
591 2087 650 2148 per
672 2067 825 2129 “tribum
843 2067 1007 2150 Josephi”
1026 2067 1187 2148 conjunc·

104 2155 132 2218 :io
145 2157 267 2222 illorum
284 2161 341 2242 qui
362 2160 394 2220 in
414 2160 564 2222 secundo
580 2160 676 2223 caelo
695 2181 771 2223 cum
790 2161 949 2237 Domino,
968 2172 1002 2225 et
1022 2183 1081 2244 per
1099 2161 1188 2224 “tri-

104 2267 154 2313 oum
173 2253 401 2334 Benjaminis''
424 2252 616 2334 eonjunitio
640 2254 774 2318 illorum
801 2258 856 2337 qui
885 2258 917 2319 in
945 2256 1065 2318 ultimo
1092 2254 1189 2319 caelo

104 2359 151 2408 :um
164 2347 320 2410 Domino.
368 2346 570 2411 “Sebulon”
587 2350 620 2410 in
636 2369 795 2430 supremo
811 2370 912 2413 sensu
929 2349 1097 2432 significat
1115 2350 1188 2411 uni·

104 2455 171 2503 tuem
186 2443 288 2524 ipsius
306 2441 420 2505 Divini
436 2462 475 2505 ac
493 2442 606 2505 Divini
624 2443 773 2506 Humani
791 2445 824 2506 in
841 2445 991 2507 Domino
1006 2467 1013 2522 ;
1038 2446 1070 2506 in
1088 2464 1188 2506 sensu

104 2542 211 2609 interno,
228 2534 504 2617 conjunilionem
522 2537 658 2599 Domini
677 2557 753 2600 cum
770 2539 868 2601 caelo
883 2549 919 2602 et
939 2559 1014 2602 cum
1032 2538 1187 2613 ecclesia,

104 2633 122 2686 et
135 2627 160 2690 in
175 2632 286 2712 specie
303 2628 575 2710 conjunitionem
593 2631 672 2693 boni
690 2641 726 2694 et
744 2633 813 2694 veri
833 2633 888 2706 ibi,
907 2652 985 2695 nam
1001 2633 1085 2696 haec
1106 2653 1189 2695 con·

104 2718 193 2786 milio
207 2724 287 2788 facit
305 2721 578 2804 conjune'tionem
595 2724 728 2787 illorum
744 2727 800 2807 qui
816 2727 849 2788 in
866 2727 973 2789 tribus
989 2725 1092 2789 caelis
1109 2737 1188 2790 sunt

104 2820 122 2873 et
141 2816 166 2878 in
187 2818 332 2880 ecclesia
355 2836 431 2879 cum
459 2817 627 2895 Domino;
660 2818 825 2881 Dominus
849 2821 938 2882 enim
969 2819 1075 2883 influit
1099 2821 1189 2903 apud

104 2902 238 2973 lloscum
262 2911 355 2973 bono
374 2912 497 2973 amoris
521 2921 555 2974 et
579 2911 768 2986 charitate,
789 2922 824 2975 et
848 2912 1024 2994 conjungit
1048 2913 1081 2975 id
1101 2914 1189 2976 veris

104 3014 160 3076 tuae
172 3005 259 3086 apud
280 3003 367 3078 illos,
385 3016 420 3067 et
440 3025 499 3086 per
515 3005 548 3066 id
565 3005 741 3086 conjungit
762 3004 831 3069 Sibi
850 3006 1009 3087 angelum
1026 3017 1061 3069 et
1078 3006 1189 3069 homi·

104 3108 169 3158 nen:
192 3098 274 3162 haec
292 3108 372 3160 sunt
389 3118 475 3180 quae
491 3118 550 3180 per
568 3104 587 3130 ‘⁶
599 3098 923 3173 cohabitationem‚’'
939 3121 984 3162 ex
1000 3120 1066 3181 qua
1083 3099 1189 3163 Sebu-

104 3179 140 3247 lon
151 3189 251 3254 dietus
268 3202 333 3265 est,
348 3190 590 3272 significantur.
637 3190 739 3272 Quod
754 3192 839 3255 baec
857 3213 916 3275 per
930 3199 949 3225 ‘¹
959 3192 1190 3256 Sebulonem”

104 3274 313 3356 significentur,
336 3283 442 3344 videri
469 3292 586 3364 potest
613 3282 645 3344 in
668 3283 819 3346 Arcanis
844 3283 1053 3347 Caelestibus
1075 3300 1190 3359 (n.3960,

104 3379 158 3441 Ἀθη,
183 3371 236 3433 ubi
271 3370 448 3452 explicata
480 3381 560 3433 sunt
595 3371 688 3434 Leae
720 3373 841 3434 matris
872 3372 944 3452 ejus
975 3373 1080 3435 verba
1111 3393 1188 3436 cum

104 3450 169 3523 illum
186 3465 326 3546 peperit,
345 3484 431 3546 quae
449 3463 534 3527 haec
554 3473 645 3539 sunt,

137 3596 185 3648 “Et
200 3600 324 3662 concepit
342 3599 423 3657 Leah‚
440 3610 467 3649 et
484 3600 588 3662 peperit
607 3600 691 3649 filium
708 3610 814 3650 sextum
831 3600 954 3665 Jacobo;
975 3610 1002 3650 et
1019 3601 1088 3650 dixit
1107 3600 1188 3660 Lealr.

202 3665 315 3716 Dotavit
328 3680 372 3714 me
386 3665 459 3714 Deus
471 3666 534 3715 dote
548 3667 638 3723 bona;
656 3666 715 3715 viee
727 3667 776 3715 hac
789 3666 955 3715 cohabitabit
968 3667 1034 3716 mihi
1050 3667 1090 3715 vir
1103 3681 1188 3725 meus,

200 3731 262 3795 quia
277 3731 369 3856 peper{
385 3731 423 3780 illi
437 3746 485 3780 sex
500 3731 585 3791 filios;
607 3741 633 3780 et
648 3732 756 3780 vocavit
770 3746 870 3780 nomen
885 3732 945 3794 ejus
960 3730 1100 3781 Sebulon’'
1115 3732 1188 3794 (Gen.

200 3810 262 3846 xxx
276 3810 315 3859 19,
328 3808 377 3847 20.

105 3904 144 3976 Ex
156 3917 200 3983 his
217 3920 521 4004 significationibus
543 3927 562 3953 ‘⁴
574 3920 778 3985 Sebulonis”
796 3932 955 3985 constare
975 3932 1091 4004 potest
1110 3923 1191 4004 quid

104 4019 145 4079 Per
158 4013 241 4079 illum
257 4015 468 4098 significatur
486 4017 519 4079 in
535 4017 754 4099 sequentibus
775 4016 857 4079 locis
869 4017 973 4081 :-Ut
992 4020 1025 4079 in
1042 4018 1191 4099 prophe·

106 4096 139 4161 lh
152 4103 273 4174 israelis
293 4111 336 4174 de
355 4109 430 4173 filiis
449 4112 528 4187 suis,

141 4236 265 4293 '‘Sebulon
275 4244 310 4292 ad
319 4251 428 4306 portum
438 4243 552 4292 marium
562 4244 703 4301 habitabit,
716 4252 743 4292 et
754 4243 778 4292 is
786 4244 822 4292 ad
831 4253 940 4306 portum
951 4243 1070 4302 navium,
1082 4251 1109 4293 et
1119 4244 1191 4293 latus

203 4307 259 4371 ejus
273 4323 354 4372 super
367 4309 401 4358 od
416 4309 546 4358 Sidonem
554 4308 568 4327 ”
580 4310 653 4372 (Gen.
665 4309 729 4358 xlix.
744 4310 797 4372 13):

109 4429 411 4497 ltr‘·Sebu10nem”
433 4433 478 4496 ibi
501 4432 710 4516 significatur
733 4430 925 4515 conjunitio
948 4433 1027 4497 boni
1050 4442 1086 4496 et
1109 4432 1190 4508 veri,
