2684 4988
112 488 174 570 ⁸72
421 501 671 553 aroenauesm
693 500 919 552 axrmcara.

110 668 189 732 dum
212 677 266 733 est
289 670 378 752 quod
405 690 482 733 cum
505 670 658 734 ultimum
678 669 837 752 judicium
861 671 1044 753 peragitur,
1067 676 1197 752 appareat

111 763 276 826 Dominus
293 765 324 826 in
341 765 443 829 caelis
459 767 491 829 in
506 766 614 829 multo
626 765 742 846 majori
754 765 870 846 jubare
885 776 920 828 et
937 765 1112 847 splendore
1122 782 1197 846 quarn

110 857 203 931 aliae,
223 868 258 921 et
282 858 345 921 hoc
369 880 414 922 ex
437 880 538 923 causa
556 861 633 942 quia
651 870 732 923 ωηο
756 860 868 940 angeli
892 860 936 922 ibi
960 859 1075 921 fortius
1092 856 1197 921 tutandi

110 961 208 1027 sunt;
232 952 385 1016 inferiora
403 955 491 1017 enim
511 965 591 1017 tunc
612 973 687 1016 cum
706 953 824 1036 quibus
843 954 1015 1016 exteriora
1033 952 1197 1033 angelorum

111 1048 451 1111 communicationem
469 1049 606 1124 habent,
620 1049 653 1111 in
669 1048 922 1130 perturbatione
938 1058 1037 1123 sunt;
1060 1047 1129 1110 inde
1139 1065 1197 1128 quo

111 1158 175 1222 que
202 1151 265 1214 est,
290 1143 432 1223 quiade
459 1143 579 1206 ultimo
601 1141 726 1224 judicio
752 1142 805 1205 hic
828 1144 951 1224 agitur,
975 1142 1065 1224 quod
1086 1142 1197 1214 dicatur.

111 1235 202 1316 quod
214 1235 302 1298 “lux
317 1235 433 1300 Lunae
443 1238 505 1300 erit
519 1239 605 1300 sicut
619 1236 678 1299 lux
688 1235 805 1310 Solis,”
818 1246 852 1299 et
865 1236 956 1319 quod
971 1243 990 1268 ‘⁸
1001 1236 1059 1298 lux
1070 1234 1197 1299 Soliserit

111 1328 268 1410 septupla
291 1331 377 1394 sicut
405 1329 463 1393 lux
487 1342 618 1413 septem
642 1331 768 1393 dierum
784 1329 810 1408 ;''
835 1350 874 1394 ac
900 1331 977 1393 ideo
1001 1331 1115 1392 dicitur
1133 1326 1197 1411 quod

112 1432 192 1487 tunc
210 1430 336 1486 “erunt
355 1426 414 1488 rivi
431 1423 551 1489 ductus
570 1445 730 1509 aquarum
746 1445 845 1507 super
860 1425 952 1488 omni
972 1436 1088 1487 monte
1102 1422 1162 1486 alto
1174 1430 1197 1484 et

111 1536 211 1600 super
233 1520 324 1580 omni
351 1519 439 1582 colle
466 1519 588 1592 elato,”
611 1540 669 1600 per
692 1540 777 1601 quae
804 1518 1032 1600 intelligentia
1058 1517 1197 1581 abundant

111 1612 200 1694 apud
220 1610 295 1674 illos
311 1613 366 1694 qui
385 1613 417 1676 in
437 1614 660 1695 superioribus
679 1613 850 1675 montibus
868 1623 903 1675 et
920 1613 1136 1694 superioribus
1147 1608 1197 1673 col·

113 1704 199 1768 libus
218 1717 307 1779 sunt,
326 1727 404 1769 nam
423 1707 594 1770 inferiores
611 1716 745 1770 montes
764 1717 799 1770 et
819 1706 924 1769 colles
941 1718 1020 1769 sunt
1037 1726 1128 1788 super
1139 1721 1197 1786 quot

113 1807 195 1861 lunc
205 1797 378 1878 judicium.
422 1815 507 1873 (Quod
518 1815 637 1860 Dominus
644 1821 758 1873 appareat
767 1815 811 1860 illis
820 1815 861 1872 qui
871 1814 894 1859 iu
903 1827 980 1872 regno
988 1814 1082 1860 oaeloeti
1092 1813 1196 1871 numm

112 1897 139 1935 ut
149 1890 199 1942 Sol.
211 1898 234 1935 et
245 1890 289 1935 illis
300 1891 340 1948 qui
352 1892 375 1935 in
387 1904 461 1949 reguo
472 1891 587 1949 spirituali
599 1890 676 1948 Ipsius
686 1898 741 1935 sunt
752 1897 778 1935 ut
790 1889 866 1942 Luna,
878 1890 986 1935 rideatur
996 1890 1021 1935 iu
1032 1902 1101 1948 opere
1111 1889 1143 1934 Dr
1152 1883 1196 1932 sul

113 1965 138 2008 ae
147 1961 251 2021 Inserno.
263 1975 287 2006 η.
301 1959 443 2019 116-1111253
460 1968 484 2006 et
494 1963 561 2018 quod
577 1961 633 2006 Lux
643 1974 673 2006 ex
688 1961 734 2006 illis
745 1960 775 2005 sit
791 1959 905 2004 Divinum
916 1960 1017 2013 Verum,
1028 1973 1052 2005 η.
1064 1970 1154 2015 127-140
1163 1954 1196 2012 Ε,

113 2031 218 2115 Apud
237 2033 393 2107 eundem,

164 2190 253 2240 “Non
266 2191 368 2240 occidet
382 2192 497 2269 amplius
511 2191 557 2240 Sol
572 2199 641 2246 tuus.
655 2200 683 2240 et
701 2189 777 2239 Luna
790 2199 835 2238 tua
850 2204 904 2238 non
919 2189 1066 2251 colligetur,
1080 2189 1134 2252 quia
1143 2183 1196 2265 Jeto

244 2257 297 2384 (vlqn
309 2259 358 2383 er)it
371 2258 442 2306 tibi'
436 2272 463 2305 ιη
482 2257 568 2306 lucem
579 2256 754 2314 aeternitatis,
768 2265 796 2304 et
808 2257 989 2319 implebuntur
1001 2256 1058 2304 dies
1074 2251 1148 2303 ludius
1156 2243 1196 2299 tu*

301 2334 358 2371 ao·

111 2482 226 2564 ‚agitur
244 2480 288 2543 ibi
308 2481 350 2544 de
369 2480 529 2554 Domino,
550 2490 586 2543 et
604 2480 647 2542 de
666 2501 755 2542 novo
773 2478 870 2542 caelo
888 2489 923 2542 et
944 2498 1033 2542 nova
1051 2490 1139 2548 terra,
1153 2473 1196 2537 hot

114 2587 178 2650 est,
198 2574 402 2638 deecclesia
421 2575 464 2637 ab
486 2574 565 2656 lpso
584 2574 822 2650 instauranda;
846 2574 937 2655 quod
962 2593 1029 2636 non
1052 2574 1196 2655 periturum

114 2671 239 2733 bonum
253 2670 376 2732 amoris
392 2669 424 2730 in
442 2669 625 2731 Dominum
642 2679 677 2731 et
694 2669 818 2730 bonum
836 2669 1011 2730 charitatis
1024 2687 1102 2748 erga
1115 2659 1196 2748 proxi·

114 2784 205 2828 mum
235 2763 299 2826 illis
322 2765 377 2845 qui
405 2765 437 2826 in
466 2785 506 2827 ea
533 2763 686 2835 ecclesia,
713 2763 913 2842 intelligitur
941 2784 1000 2844 per
1022 2762 1108 2845 quod
1128 2766 1196 2819 “non

115 2859 248 2923 occidet
279 2858 421 2939 amplius
451 2856 510 2921 Sol
541 2869 628 2929 tuus,
657 2866 692 2920 et
723 2855 820 2918 Luna
850 2865 907 2917 tua
938 2877 1006 2918 non
1037 2856 1196 2936 colligetur;

116 2952 282 3016 Dominus
305 2953 395 3014 enim
418 2961 559 3034 apparet
583 2951 648 3013 illis
671 2951 781 3032 quiin
805 2951 895 3013 bono
918 2953 1042 3013 amoris
1065 2953 1096 3013 in
1118 2949 1196 3030 ipsum

116 3057 194 3111 sunt
218 3056 254 3110 ut
278 3045 347 3120 Sol,
372 3056 406 3108 et
434 3047 576 3128 illisqui
603 3045 746 3107 iuveris
773 3065 817 3106 ex
845 3045 936 3107 bono
959 3044 1126 3109 charitatis
1142 3051 1196 3118 ergt

116 3143 307 3225 proximum
333 3153 368 3206 ut
392 3142 510 3218 Luna;
539 3141 617 3204 inde
639 3161 699 3222 per
722 3138 864 3203 “Solem
889 3151 982 3203 tuum
992 3140 1007 3164 ’'
1031 3136 1196 3221 significatu

116 3238 241 3300 bonum
259 3239 381 3300 amoris
401 3238 434 3300 in
455 3236 647 3309 Dominum,
665 3245 699 3297 et
719 3256 778 3316 per
795 3233 956 3297 “Lunam
977 3246 1070 3298 tuam
1079 3235 1093 3258 ”
1108 3235 1196 3297 bonu

94 3332 302 3411 ¹charitatis,
322 3331 411 3413 quod
431 3331 464 3393 in
484 3350 542 3391 sua
561 3330 709 3392 essentia
727 3339 780 3392 est
799 3328 926 3391 Verum
947 3350 992 3391 ex
1013 3331 1118 3392 bono:
1134 3317 1195 3434 quoi

117 3426 150 3488 in
173 3435 349 3488 aeternum
368 3433 466 3488 erunt
489 3425 522 3486 in
541 3424 629 3486 veris
649 3444 693 3485 ex
718 3424 808 3485 bono
827 3424 949 3485 amoris
972 3435 1007 3487 et
1032 3425 1063 3486 in
1082 3422 1155 3486 veris
1170 3431 1195 3477 et

118 3520 209 3583 bono
227 3519 412 3593 charitatis,
433 3518 633 3598 intelligitur
651 3538 710 3599 per
727 3519 845 3599 quod‘
850 3517 1019 3598 ‘Jehovah
1038 3519 1099 3582 erit
1116 3509 1185 3580 tibi
1179 3523 1195 3620 ιῐΙ

118 3616 227 3678 lucem
251 3613 473 3686 aeternitatis,
497 3622 532 3676 et
555 3612 645 3693 quod
673 3611 901 3693 implebuntur
924 3612 997 3675 dies
1021 3609 1124 3676 luiius
1142 3596 1195 3677 tui;'

119 3708 207 3772 “lux
217 3707 444 3772 aeternitatis'
446 3708 583 3770 ’dicitur
593 3707 636 3769 de
648 3706 713 3769 illis
723 3707 778 3789 qui
789 3707 821 3769 in
835 3707 926 3768 bono
936 3708 1060 3769 amoris
1072 3709 1103 3769 in
1116 3694 1195 3768 Doni

119 3822 198 3866 uum
216 3812 305 3876 sunt,
323 3813 357 3865 et
378 3801 559 3884 “impletio
578 3801 706 3865 dierum
726 3798 856 3864 lucius”
875 3801 916 3863 de
937 3800 1002 3862 illis
1021 3803 1076 3884 qui
1094 3802 1123 3863 in
1139 3798 1195 3859 bon<

119 3898 293 3961 charitatis
306 3917 387 3977 erga
398 3897 588 3978 proximum
600 3916 657 3958 seu
668 3897 701 3958 in
712 3897 798 3959 veris
808 3917 851 3959 ex
864 3898 964 3968 bono,
978 3903 998 3927 ⁴·
1008 3888 1195 3959 luetus’unin

118 3992 207 4075 apud
223 3990 299 4053 illos
315 3993 369 4073 qui
386 3993 429 4054 ab
445 3991 606 4054 Ecclesiis
622 3989 783 4072 Antiquis
799 3990 940 4062 suerunt,
958 3985 1195 4071 repraesentata

119 4085 272 4148 dolorem
290 4095 427 4166 propter
439 4086 598 4147 amissum
611 4104 669 4147 seu
682 4084 893 4167 deperditum
907 4104 1022 4146 verum
1040 4096 1074 4148 et
1091 4086 1192 4147 bonum

119 4180 237 4288 quod‘
241 4179 511 4262 ‘implebuntur”
530 4177 697 4259 significat
720 4179 810 4260 quod
833 4177 999 4251 finientur
1020 4191 1055 4242 et
1078 4181 1195 4273 sicquq

119 4275 152 4337 in
169 4275 256 4337 veris
272 4295 316 4336 ex
333 4275 423 4338 bono
439 4284 547 4336 erunt
593 4273 650 4335 Ex
666 4273 716 4335 his
733 4283 889 4336 constare
905 4283 1021 4354 potest
1039 4274 1115 4356 quid
1130 4260 1195 4350 signi

120 4368 238 4432 ficatur
264 4389 323 4449 per
345 4368 466 4450 quod‘
471 4366 546 4431 ‘Sol
573 4365 679 4430 faetus
702 4368 745 4431 sit
768 4369 852 4430 sicut
876 4388 995 4430 saccus
1019 4370 1166 4436 cilicinus
1184 4375 1195 4417 t

119 4463 217 4528 Luna
239 4461 326 4526 labia
346 4465 390 4527 sit
413 4464 499 4526 sicut
523 4464 670 4544 sanguis,
673 4463 797 4546 ”quod
821 4482 943 4544 nempe
966 4463 1092 4526 bonum
1114 4449 1195 4524 amori
