2684 4988
109 488 173 572 9⁶⁸
420 499 669 551 nrocnuursrs
692 499 919 551 uxeucm„

113 676 133 702 “
143 669 298 733 Petram”
314 669 481 732 Dominus
496 668 608 751 quoad
624 667 782 732 Divinum
793 667 922 731 Verum
936 688 944 744 ;
963 675 999 730 et
1017 666 1089 749 quia
1101 665 1153 729 hoc
1162 670 1192 729 et

107 765 195 828 illud
213 763 424 844 intelligitur,
436 764 513 827 ideo
528 765 632 827 etiarn
645 762 697 825 bis
712 763 845 837 dicitur,
857 767 879 794 ¹⁸
889 761 942 824 Ne
958 760 1056 824 sileas
1071 776 1189 832 amere

112 860 200 922 lurte
216 857 317 921 sileas
333 876 352 920 a
365 858 449 932 me,”
461 877 564 921 unum
578 858 668 920 enirn
680 877 717 920 se
729 857 831 920 refert
847 856 891 918 ad
908 854 1066 917 Divinum
1082 852 1186 923 Bonum,

111 953 258 1016 alterum
278 952 321 1014 ad
342 952 501 1015 Divinum
519 952 659 1026 Verum,
679 970 758 1013 nam
777 951 811 1014 in
828 950 946 1013 Verbo
964 958 1017 1012 est
1035 947 1186 1027 conjugium

111 1047 260 1110 caeleste
279 1048 312 1108 in
332 1046 473 1128 singulis
491 1046 573 1127 ejus,
592 1046 684 1128 quod
701 1055 756 1109 est
775 1045 971 1126 conjugium
990 1044 1069 1107 boni
1088 1052 1119 1105 et
1132 1039 1185 1103 veri

111 1140 216 1226 Apud
234 1139 412 1215 Habakuk,

161 1274 308 1340 “Jehovah
320 1275 353 1323 ad
365 1274 492 1337 judicium
510 1274 623 1337 posuisti
640 1287 711 1332 eum,
725 1283 752 1324 et
771 1273 850 1324 Petra
861 1273 896 1323 ad
913 1272 1104 1336 corripiendum
1117 1266 1189 1320 stultil-

241 1341 304 1389 visti
316 1355 376 1389 eum
384 1338 399 1359 ”
410 1339 438 1403 (i.
452 1341 508 1402 12);

112 1454 205 1536 apud
221 1453 379 1527 Esaiam,

100 1570 105 1579 “
162 1565 320 1616 “Confidite
338 1566 365 1614 in
376 1565 509 1628 ⁸lehomn
526 1565 555 1615 lu
566 1574 717 1624 ueternum,
730 1565 794 1630 quin
809 1565 839 1615 in
850 1564 902 1630 Julr
914 1564 1036 1631 Jelrovah
1051 1564 1122 1614 Petra
1131 1569 1189 1612 m·

240 1630 333 1678 nitatis
341 1628 355 1649 ”
366 1629 447 1691 (xxvi.
457 1631 501 1690 4);

112 1743 203 1825 apud
222 1743 379 1819 eundem,

161 1853 289 1904 “Cantus
303 1855 354 1904 erit
365 1854 443 1904 vobis
458 1854 526 1904 sicut
540 1850 628 1904 noetis
639 1851 825 1904 undifioendi
838 1852 948 1912 festum,
961 1862 988 1903 et
1002 1853 1118 1916 gaudium
1127 1847 1186 1900 nordh

241 1920 309 1971 sicut
323 1919 472 1969 incedentis
483 1934 543 1968 curn
557 1919 646 1968 fistula
656 1919 691 1969 ad
703 1919 867 1969 veniendum
879 1919 907 1968 iu
920 1929 1039 1968 montem
1050 1910 1188 1984 Jehovnntl

243 1984 352 2034 Petram
365 1983 495 2034 lsrnelis”
506 1984 579 2046 (xxx.
590 1986 648 2048 29);

110 2095 202 2178 apud
221 2096 376 2171 eundern,

219 2205 316 2255 “Num
330 2206 403 2256 Deus
414 2215 456 2256 est
467 2215 573 2269 praeter
584 2204 648 2257 Me?
664 2219 713 2256 nec
727 2205 814 2265 Petu,
829 2220 884 2255 ¹¹⁰n
898 2205 985 2255 ¹¹⁰W'
996 2203 1114 2269 (1ῑὶῑῦὶῖ

112 2318 203 2399 apud
221 2316 399 2390 Davidem,

162 2427 364 2493 “Jubilabimus
378 2428 472 2477 Petrae
484 2427 577 2478 salutis
590 2435 708 2485 nostrae,
719 2427 859 2477 veniemus
871 2437 935 2477 ante
949 2428 1032 2478 iacies
1047 2427 1104 2490 Ejus
1115 2425 1136 2474 ln
1144 2431 1185 2471 ωι-

241 2492 381 2542 lessione”
392 2493 448 2557 (Pu.
460 2509 518 2543 xcv.
532 2505 554 2551 1,
566 2493 606 2555 2);

114 2603 148 2665 in
165 2602 271 2666 Libro
287 2603 407 2666 Primo
425 2602 605 2677 Samuelis,

162 2715 180 2737 ⁸·
188 2713 249 2762 Non
263 2711 376 2763 Sanilus
388 2714 457 2763 sicut
465 2713 609 2778 jehovah„
620 2750 626 2762 .
636 2722 675 2763 ‚et
688 2727 743 2762 non
757 2713 838 2763 Petra
848 2715 917 2764 sicut
931 2714 1006 2766 Deus
1017 2711 1118 2764 noster''
1127 2707 1151 2772 ll·
1159 2700 1185 2764 tl:

115 2826 206 2908 apud
221 2825 399 2899 Davidem,
482 2837 486 2849 '

262 2939 279 2959 ¹⁶
288 2933 387 2988 Recine
398 2936 522 3002 Jehovnh
537 2936 617 2986 Petra
629 2934 713 2986 mea''
725 2935 781 3000 (Pr.
793 2938 853 2989 xcii.
866 2940 897 2987 16
907 2935 954 3003 [B.
966 2940 991 2988 A
995 2976 1001 2991 .
1015 2934 1080 3004 tsl);

113 3048 203 3131 apud
221 3050 380 3123 eundern,

100 3189 102 3193 <
164 3161 182 3184 ¹⁸
190 3159 240 3210 Ille
248 3160 353 3208 vocabit
363 3158 417 3218 Me,
430 3159 508 3209 Pater
516 3174 591 3209 meus
600 3159 642 3210 Tu
651 3174 658 3216 ;
673 3159 747 3210 Deus
757 3175 842 3218 meus,
855 3160 935 3210 Petra
942 3161 1037 3211 salutis
1044 3174 1123 3211 meae:
1133 3151 1186 3226 ⁰11⁸?

245 3224 616 3354 {gozg’fibuugerntgtusshdubo
631 3224 698 3274 Eum
716 3225 799 3276 altum
818 3227 926 3288 regibus
945 3223 1186 3289 terrae''ll²s.lu¹1¹·

113 3436 147 3497 in
170 3434 222 3497 his
245 3432 330 3497 locis
356 3454 415 3515 per
439 3434 604 3497 “Petram
613 3433 628 3458 ”
650 3433 854 3515 intelligitur
878 3433 1038 3497 Divinum
1060 3431 1188 3496 verum

114 3524 273 3603 Domino,
294 3538 330 3591 et
350 3529 427 3610 lpse
448 3529 633 3607 Dominus;
657 3538 792 3609 praeter
811 3529 916 3591 etiam
937 3529 972 3617 in
990 3529 1063 3592 aliis
1080 3524 1189 3590 locist‘

115 3621 165 3687 Ut
185 3623 274 3705 apud
292 3622 542 3704 Evangelistas,
969 3622 972 3629 ’

93 3809 96 3815 Α
165 3754 287 3805 “Omnis
299 3756 342 3818 qul
354 3756 427 3805 audit
439 3757 522 3805 verba
533 3770 594 3805 mea
604 3765 631 3804 et
645 3756 708 3805 iacit
719 3771 760 3814 ea,
774 3757 937 3819 comparabo
952 3771 1014 3806 mm
1027 3758 1082 3806 viro
1092 3738 1188 3818 prudessll

245 3821 289 3885 qui
298 3821 419 3870 aedificat
428 3822 538 3870 domum
549 3835 625 3870 suam
634 3836 715 3884 super
725 3831 816 3884 petru:
830 3831 857 3870 et
867 3822 1006 3872 descendit
1015 3823 1102 3876 imber,
1111 3828 1131 3867 et
1138 3818 1190 3861 venr-

244 3896 306 3935 runt
318 3887 435 3944 flumina,
450 3901 481 3935 nc
493 3887 591 3935 ilarunt
602 3888 684 3944 venti,
698 3897 725 3936 et
738 3888 870 3936 irruerunt
883 3888 909 3935 in
922 3889 1034 3937 domum
1046 3881 1189 3940 inminuti

244 3966 300 4066 {on
319 3952 421 4009 cecidit,
440 3951 553 4001 lundata
569 3951 642 4001 enim
659 3961 717 4001 erat
734 3966 816 4015 super
833 3951 931 4015 petra”
949 3954 1058 4015 (Mami.
1071 3952 1111 4001 vii.
1123 3943 1190 4004 llll?

269 4032 308 4066 uc.
320 4017 355 4067 vi.
366 4018 425 4078 48):

116 4169 176 4230 per
199 4148 365 4211 “domum
393 4149 568 4212 fundatam
596 4170 696 4230 super
714 4159 810 4231 petra
824 4148 840 4174 ”
863 4149 1065 4232 intelligitur
1084 4133 1191 4240 ecclesia

114 4254 150 4306 et
173 4242 278 4305 homo
301 4242 479 4317 ecclesiae,
501 4245 556 4324 qui
580 4240 768 4306 doftrinam
788 4253 823 4307 et
846 4244 935 4305 viam
960 4265 1055 4307 suarn
1077 4233 1190 4306 fundant

114 4356 215 4418 super
232 4336 356 4398 Divino
374 4336 467 4399 Vero
483 4338 572 4419 quod
592 4347 645 4400 est
664 4358 684 4400 a
703 4337 862 4410 Domino,
880 4339 928 4400 ita
945 4359 1045 4420 super
1062 4338 1120 4400 illis
1134 4339 1191 4412 quae

113 4433 148 4494 in
166 4431 283 4494 Verbo
299 4439 388 4506 sunt,
406 4431 547 4514 proinde
564 4432 619 4513 qui
634 4433 667 4494 in
683 4432 770 4495 veris
788 4453 833 4495 ex
849 4432 942 4495 bono
957 4453 978 4495 a
995 4433 1132 4496 Domino
1142 4426 1192 4489 esn
