2716 4986
398 514 478 566 cau.
496 516 585 579 v111.,
602 516 707 566 vans,
724 503 834 566 8.—n.
854 499 976 585 514[b].
1164 513 1240 579 1271

124 704 184 768 per
217 691 351 749 “naves
387 685 651 750 Tharschischi¹'
687 686 925 767 intelliguntur
960 683 1162 748 dodtrinalia
1197 704 1244 747 ex

124 779 259 856 Verb03
288 799 366 843 nam
385 779 463 843 illae
483 800 589 844 naves
606 791 833 862 apportarunt
852 799 969 842 aurum
989 790 1025 843 et
1048 789 1242 860 argentum,

124 894 183 955 per
198 895 285 957 quae
301 872 533 955 significantur
552 875 642 937 bona
661 884 697 939 et
713 894 803 947 vera,
821 883 856 936 et
875 873 1009 937 illorum
1027 873 1243 954 cognitiones

122 987 167 1030 ex
182 966 318 1044 Verbo;
342 980 376 1031 et
393 970 470 1050 quia
486 989 544 1049 per
559 975 577 1000 “
587 966 739 1049 Tyrum‘'
752 967 961 1049 significatur
973 966 1118 1030 ecclesia
1131 967 1242 1050 quoad

122 1062 338 1142 cognitiones
351 1064 421 1125 veri
437 1074 471 1125 et
488 1063 578 1135 boni,
594 1062 647 1126 hic
661 1062 719 1125 illa
731 1073 878 1135 vastata,
892 1061 969 1125 inde
982 1061 1115 1135 dicitur,
1131 1066 1151 1091 “
1161 1060 1242 1142 Eju-

124 1154 205 1229 late,
235 1175 338 1219 naves
365 1155 619 1229 Tharschischi,
648 1159 725 1239 quia
754 1167 891 1220 vastata
921 1165 973 1219 est
1004 1154 1153 1236 Tyrus:”
1184 1176 1243 1236 per

124 1247 365 1313 “habitatores
384 1250 512 1313 insulae
520 1250 535 1273 ”
554 1250 790 1332 intelliguntur
808 1252 863 1334 qui
883 1252 916 1313 in
935 1250 1033 1313 bonis
1051 1250 1143 1311 vitae
1163 1259 1242 1312 sunt

123 1345 309 1407 secundum
328 1341 527 1407 doctrinalia
550 1365 630 1421 sua;
658 1365 717 1426 per
737 1351 975 1408 “mercatores
996 1342 1130 1407 Sidonis
1139 1342 1153 1366 ”
1172 1342 1241 1423 sig-

123 1435 302 1499 nificantur
324 1439 379 1518 qui
405 1439 438 1499 in
462 1440 549 1501 veris
577 1459 622 1501 ex
646 1438 773 1512 Verb0‚
798 1438 841 1501 de
863 1440 984 1521 quibus
1006 1438 1128 1500 dicitur
1151 1435 1241 1518 quod

123 1530 368 1611 “impleverint
386 1542 421 1595 te
433 1532 459 1608 ;”
483 1552 542 1613 per
556 1533 833 1595 “munimentum
846 1542 996 1595 vestrum
1004 1532 1019 1556 ’¹
1033 1529 1242 1612 significatur

121 1622 276 1688 doctrina
297 1646 341 1687 ex
363 1625 478 1688 Verbo
498 1636 624 1698 tutans,
646 1636 681 1689 et
702 1647 761 1707 per
782 1626 1027 1690 “devastatum
1048 1625 1129 1689 illud
1138 1623 1153 1649 ’'
1172 1625 1241 1705 sig-

123 1717 278 1781 nificatur
290 1720 380 1800 quod
396 1739 464 1781 non
481 1719 552 1799 ejus
568 1721 752 1802 percepti0,
767 1731 801 1784 et
818 1721 896 1783 inde
914 1741 981 1783 non
998 1739 1113 1783 verum
1129 1740 1136 1794 ;
1161 1737 1241 1780 nam

122 1811 243 1874 similia
262 1809 461 1876 doctrinalia
484 1834 528 1876 ex
548 1813 664 1876 Verbo
682 1813 810 1895 absque
834 1816 1053 1896 perceptione
1076 1813 1241 1895 spirituali

122 1925 191 1968 non
211 1916 290 1969 sunt
310 1927 399 1979 vera,
418 1909 494 1989 quia
514 1928 573 1988 per
592 1908 686 1970 ideas
705 1927 774 1970 non
790 1907 899 1987 justas
918 1908 962 1970 de
980 1906 1046 1969 illis
1065 1906 1242 1969 falsificata

121 2009 210 2063 sunt.
256 2000 359 2082 Apud
378 2001 536 2075 eundem,

172 2132 265 2182 “Mihi
284 2134 388 2183 insulae
408 2134 551 2190 confident.
568 2143 594 2183 et
609 2150 692 2183 naves
704 2135 893 2185 Tharschischi
911 2135 938 2183 in
956 2133 1094 2196 principio,
1109 2133 1143 2182 ad
1160 2134 1243 2180 addu-

250 2200 364 2248 cendum
375 2199 442 2249 filios
451 2210 514 2249 tuos
522 2214 537 2248 e
545 2200 702 2263 longinquo,
711 2212 853 2263 argentum
861 2210 888 2250 et
895 2214 989 2249 aurum
997 2214 1089 2248 eorum
1097 2214 1158 2247 cum
1166 2199 1220 2246 illis
1227 2196 1242 2216 ”

250 2264 296 2324 (lx.
309 2266 348 2327 9)=

120 2388 210 2470 quod
234 2408 293 2470 per
319 2393 452 2451 “naves
475 2388 717 2452 Tharschischi
740 2390 773 2452 in
797 2389 983 2471 principio”
1005 2387 1242 2469 intelligantur

120 2482 336 2562 cognitiones
355 2483 424 2545 veri
447 2491 483 2545 et
506 2482 596 2556 boni,
618 2483 734 2564 quales
757 2493 835 2546 sunt
859 2483 924 2545 illis
947 2483 980 2546 in
1000 2483 1162 2564 principio
1185 2482 1241 2563 qui

120 2571 358 2645 reformantur,
385 2572 542 2635 videatur
568 2594 669 2654 supra
695 2592 729 2645 (n.
746 2573 869 2651 406[c])‚
897 2573 952 2635 ubi
978 2573 1037 2636 illa
1062 2572 1241 2654 explicata

121 2673 217 2726 sunt:
243 2683 348 2725 naves
361 2663 602 2728 Tharschischi
618 2665 708 2727 enim
725 2666 758 2727 in
775 2665 938 2747 principio
953 2665 1106 2727 ferebant
1124 2684 1240 2727 aurum

120 2765 155 2819 et
179 2768 358 2838 argentum
381 2757 414 2819 in
436 2777 561 2838 magna
580 2759 688 2839 copia,
711 2779 770 2840 per
793 2780 880 2842 quae
899 2756 1132 2839 significantur
1150 2758 1241 2820 bona

120 2850 210 2913 vitae
229 2860 264 2912 et
288 2870 367 2912 vera
386 2848 570 2914 doitrinae.
617 2851 669 2915 De
690 2851 832 2915 navibus
852 2851 1096 2914 Tharschischi
1115 2852 1241 2933 legitur

120 2943 152 3007 in
171 2941 273 3006 Libro
287 2942 405 3006 Primo
422 2944 562 3025 Regum,

170 3077 298 3126 “Navem
310 3077 372 3125 iecit
385 3077 493 3126 Salomo
505 3078 532 3126 in
547 3077 629 3127 Ezion
642 3077 723 3142 Jeber
736 3094 804 3142 quae
816 3080 886 3141 apud
901 3077 980 3128 Eloth
992 3078 1068 3140 juxta
1079 3078 1142 3127 litus
1156 3077 1240 3127 Maris

249 3141 322 3204 Suph
335 3143 361 3190 in
375 3152 445 3191 terra
458 3142 569 3200 Edomi;
589 3154 616 3192 et
629 3144 700 3192 misit
711 3143 881 3193 Chiramus..
892 3158 1013 3193 ..servos
1025 3158 1097 3199 suos,
1108 3145 1180 3192 viros
1193 3158 1241 3191 na·

249 3207 330 3263 vium,
341 3222 440 3269 gnaros
453 3208 543 3264 maris,
557 3222 617 3256 cum
629 3209 714 3256 servis
727 3209 896 3264 Salomonis:
915 3219 1046 3257 venerunt
1058 3209 1085 3256 in
1099 3208 1238 3270 Ophirem,

248 3282 275 3321 et
284 3283 456 3333 sumpserunt
467 3288 561 3321 aurum
572 3274 767 3335 quadringenta
778 3284 805 3323 et
815 3274 910 3335 viginti
923 3274 1032 3332 talenta,
1044 3288 1112 3337 quae
1123 3274 1240 3323 adduxe·

249 3346 310 3387 runt
322 3338 356 3386 ad
370 3337 471 3399 Regem
484 3337 657 3386 Salomonem
666 3338 680 3356 ’¹
692 3339 737 3398 (ix.
751 3339 856 3400 26-28);

118 3440 153 3495 et
172 3431 250 3493 dein

169 3539 278 3590 “Navis
290 3540 468 3590 Tharschlseh
483 3551 540 3590 erat
555 3544 611 3602 regi
627 3542 653 3589 in
669 3542 737 3589 mari
752 3556 812 3590 cum
828 3541 890 3589 navi
904 3539 1039 3600 Chirami;
1058 3542 1140 3590 semel
1155 3542 1240 3590 ternis

247 3607 326 3656 annis
344 3607 468 3655 veniebat
489 3608 565 3656 navis
583 3607 771 3663 Tharschisch,
828 3616 903 3655 mne
923 3621 1018 3655 aurum
1039 3616 1066 3656 et
1085 3617 1237 3668 argentum,

247 3672 338 3729 ebora,
352 3681 379 3720 et
391 3672 482 3720 simias
494 3681 521 3720 et
533 3685 655 3734 pavones
663 3670 678 3689 ”
690 3674 725 3732 (x.
738 3620 827 3733 maai?

118 3794 154 3848 et
174 3795 296 3866 postea
314 3786 347 3848 in
367 3785 489 3847 eodem
510 3785 606 3859 libro,

173 3900 230 3950 Rex
243 3904 259 3924 ‘¹
268 3900 485 3966 Jehoschaphath
496 3900 559 3949 iecit
572 3916 656 3949 naves
666 3901 854 3957 Tharschisch‚
866 3911 894 3949 ut
907 3900 1010 3950 abirent
1024 3902 1049 3949 in
1061 3901 1189 3963 Ophirem
1203 3903 1238 3950 ob

247 3981 340 4014 aurum
351 3981 357 4023 ;
374 3966 421 4014 sed
432 3981 487 4013 non
496 3966 646 4024 abluerunt,
657 3981 718 4014 nam
729 3963 830 4015 stadiae
838 3975 901 4015 sunt
910 3980 994 4015 naves
1004 3966 1030 4014 in
1043 3966 1125 4015 Ezion
1134 3965 1238 4030 Jeber”

246 4032 319 4092 lxxii·
331 4045 364 4092 49
387 4027 558 4095 [B·A·4⁸])=

117 4155 269 4237 quamvis
289 4154 373 4217 haec
394 4154 557 4217 historica
576 4163 666 4229 sunt,
687 4176 791 4237 usque
812 4156 991 4219 continent
1010 4177 1146 4219 sensum
1166 4157 1236 4237 spi·

116 4248 271 4311 ritualem
291 4269 398 4329 aeque
417 4268 456 4310 ac
477 4248 695 4329 prophetica:
724 4249 813 4331 quod
836 4256 969 4313 “naves
987 4247 1095 4313 factae
1114 4251 1181 4312 sint
1202 4251 1236 4312 in

117 4341 224 4405 Ezion
241 4341 342 4422 leber
360 4341 403 4403 ad
427 4341 507 4404 litus
528 4342 629 4403 Maris
654 4340 746 4423 Suph
770 4343 802 4404 in
826 4352 916 4406 terra
935 4343 1058 4406 Edomi
1073 4343 1088 4366 ’⁸
1107 4342 1235 4424 signifi-

116 4436 216 4499 cabat
232 4435 392 4497 scientias
410 4435 572 4497 naturalis
589 4434 747 4510 hominis,
762 4455 841 4499 nam
857 4436 937 4500 illae
953 4438 985 4499 in
1002 4459 1039 4500 se
1055 4438 1235 4500 continent
