2684 4988
107 438 169 521 778
416 452 665 504 urocnut‘rsrs
688 453 914 504 aurarem.

159 620 380 673 “Melchisedech
395 622 452 673 Rex
465 623 623 680 Schalemi,”
633 623 726 673 exiens
738 624 845 672 obviam
857 623 986 682 Abramo,
1001 626 1019 687 ζ·
1026 624 1121 674 eduxit
1132 639 1209 688 pauet

236 688 492 816 pbep'lnpitptxeetllppe
506 689 630 738 sacerdos
650 688 708 738 Deo
725 688 857 738 altissimo
868 687 892 748 ;”
912 697 938 738 et
954 689 1096 738 benedixit
1109 690 1209 739 Abram

107 903 167 965 per
196 882 512 947 Melchizedechum
542 895 818 967 repraesentatur
846 885 890 948 ibi
920 884 1091 948 Dominus
1117 906 1209 970 quoa

108 977 269 1040 Divinum
293 977 426 1041 Bonum
449 989 483 1042 et
504 979 616 1061 quoad
641 979 800 1041 Divinum
819 978 968 1056 Verum;
993 979 1171 1061 perillum
1193 1002 1209 1042 u

108 1073 335 1147 sacerdotem,
350 1073 508 1135 Divinum
525 1072 657 1136 Bonum
672 1094 680 1150 ;
704 1082 738 1137 et
755 1072 921 1155 perillum
935 1085 971 1136 ut
988 1093 1120 1155 regem,
1136 1072 1209 1136 Divi

109 1185 187 1228 num
215 1165 365 1229 Verum:
400 1167 477 1229 ideo
503 1167 651 1230 “eduxit
679 1186 802 1248 panem
830 1176 866 1230 et
892 1168 1038 1243 viuum,”
1067 1169 1148 1250 quia
1173 1188 1209 1251 pe

108 1264 128 1290 “
138 1280 259 1342 panem
268 1260 282 1283 ”
291 1260 501 1342 significatur
511 1261 670 1323 Divinum
681 1260 823 1336 Bonum,
834 1271 870 1324 et
879 1262 1209 1344 per“vinum”signi

108 1352 227 1417 ficatur
251 1352 409 1416 Divinum
433 1353 584 1429 Verum,
612 1375 670 1416 seu
694 1353 864 1437 applicate
887 1354 930 1417 ad
957 1355 1148 1430 hominem,
1172 1377 1209 1438 pe

109 1453 262 1529 “panem
275 1447 290 1472 ”
308 1447 516 1530 significatur
538 1449 664 1512 bonum
687 1450 811 1511 amoris
834 1450 866 1512 in
891 1449 1091 1523 Dominum,
1112 1459 1150 1513 et
1173 1472 1209 1533 pe

109 1541 275 1603 “vinum”
293 1541 419 1604 bonum
439 1541 515 1604 fidei
534 1542 624 1623 quod
648 1552 700 1605 est
720 1563 765 1605 ex
784 1544 981 1625 receptione
1001 1543 1118 1607 Divini
1139 1543 1209 1608 Ver

109 1633 224 1697 Simile
243 1635 451 1716 significatur
473 1656 532 1718 per
553 1637 696 1698 “vinum
705 1635 720 1660 ”
739 1656 758 1698 a
781 1635 929 1699 Domino
951 1637 986 1699 in
1010 1637 1064 1699 his
1084 1656 1209 1720 sequen

108 1729 198 1791 tibus
209 1729 366 1810 z-Apud
384 1728 604 1804 Mattharum,

159 1872 176 1891 ‘⁸
186 1866 246 1917 Non
259 1869 368 1917 mittunt
380 1869 471 1917 vinum
484 1884 584 1917 novum
597 1869 624 1918 in
637 1879 710 1933 utres
720 1879 832 1928 veteres,
845 1870 944 1918 sivero
956 1869 1057 1926 minus,
1070 1880 1209 1934 rumpuntu

237 1944 310 1982 utres
318 1943 344 1982 et
351 1934 442 1982 vinum
448 1934 594 1983 effunditur
602 1949 621 1989 ς.
631 1971 637 1983 .
647 1936 706 1984 ‚sed
714 1935 921 1985 mittuntvinum
928 1932 1057 1999 [novum]
1066 1936 1095 1984 in
1103 1947 1176 1985 utres
1182 1950 1209 1985 nt

237 2013 295 2055 vos,
304 2009 331 2047 et
336 2009 447 2062 utraque
453 1999 684 2049 conservantur.''.
695 2037 701 2049 .
712 2038 717 2049 .
727 2000 796 2050 ,Ἕκ
804 2015 884 2049 nemo
892 2001 986 2049 bibens
993 2011 1133 2050 vetustum
1140 2002 1209 2051 statu

238 2064 294 2112 vult
304 2079 411 2122 novum,
424 2064 486 2113 dicit
496 2063 577 2123 enim,
589 2064 730 2116 vetustum
741 2066 831 2115 utilius
840 2064 902 2114 est’'
911 2066 957 2126 (ix.
969 2076 999 2126 17
1010 2080 1016 2123 ;
1034 2066 1100 2116 Luc.
1111 2063 1209 2129 1¹lv.39)

108 2207 267 2290 quoniam
280 2224 399 2268 omnes
412 2207 685 2287 comparationes
701 2207 733 2267 in
748 2205 864 2269 Verbo
876 2216 954 2269 sunt
967 2227 1013 2269 ex
1026 2226 1206 2289 correspon

107 2301 243 2374 dentiis,
258 2301 307 2363 ita
322 2319 455 2381 quoque
471 2300 555 2362 haec
573 2301 795 2381 comparatio,
813 2309 848 2363 et
864 2321 923 2382 per
938 2301 1108 2363 “vinum''
1124 2301 1207 2382 signi

107 2394 228 2457 ficatur
247 2412 373 2466 verum,
394 2414 454 2475 per
474 2395 617 2456 “vinum
636 2404 734 2456 vetus
743 2394 757 2418 ”
776 2413 890 2457 verum
914 2393 1082 2458 ecclesiae
1103 2394 1209 2458 veteri

109 2509 167 2551 seu
185 2487 364 2567 Judaicae;
388 2506 427 2549 ac
448 2508 507 2569 per
524 2488 667 2550 “utres'’
683 2487 917 2568 significantur
935 2487 994 2550 illa
1009 2508 1097 2569 quae
1117 2489 1207 2551 conti

85 2591 202 2667 ,nent
216 2600 275 2663 per
289 2586 409 2642 “utres
426 2592 559 2643 veteres
567 2581 582 2604 ’¹
595 2590 726 2643 statuta
742 2591 777 2644 et
790 2580 914 2660 judicia
931 2581 1109 2644 Ecclesiae
1124 2582 1208 2664 Juda

109 2676 191 2749 icae,
209 2684 244 2737 et
264 2695 323 2756 per
341 2679 461 2737 “utres
480 2673 610 2737 novos”
626 2685 809 2757 praecepta
829 2683 864 2737 et
884 2677 1047 2738 mandata
1068 2676 1204 2739 Domini

109 2770 198 2852 quod
219 2778 351 2831 statuta
366 2778 402 2831 et
417 2768 541 2848 judicia
561 2768 736 2832 Ecclesiae
751 2769 922 2850 Judaicae,
940 2790 1027 2852 quae
1046 2773 1209 2853 praecipu

108 2873 205 2927 erant
222 2864 263 2926 de
281 2861 450 2925 sacrificiis
466 2872 501 2925 et
518 2863 560 2924 de
576 2862 670 2925 cultu
684 2864 985 2944 repraesentativo,
1001 2884 1070 2926 non
1084 2884 1209 2928 concor

109 2961 191 3021 dent
209 2978 284 3021 cum
299 2958 385 3021 veris
402 2957 578 3020 Ecclesiae
591 2956 816 3031 Christianae,
831 2958 1033 3039 intelligitur
1045 2980 1106 3040 per
1120 2959 1209 3023 “Nor

109 3055 250 3116 mittunt
280 3054 393 3115 vinum
424 3071 548 3114 novum
579 3053 611 3115 in
642 3062 734 3114 utres
764 3063 908 3127 veteres,
936 3054 964 3115 si
993 3074 1075 3116 vero
1104 3055 1209 3118 minus

108 3159 307 3230 rumpuntur
321 3157 411 3209 utres
428 3156 463 3209 et
479 3147 592 3208 vinum
606 3145 797 3220 effunditur,
813 3196 819 3208 .
834 3196 841 3208 .
857 3148 936 3210 ‚sed
953 3147 1096 3211 mittunt
1114 3150 1209 3211 vinur

111 3240 265 3324 [novum]
295 3242 326 3303 in
356 3251 448 3305 utres
474 3260 594 3314 novos,
618 3250 654 3303 et
682 3250 824 3323 utraque
852 3252 1099 3305 conservantur
1125 3263 1209 3305 una:

108 3340 199 3421 quod
228 3337 274 3399 illi
298 3337 352 3418 qui
376 3336 447 3397 nati
470 3344 505 3397 et
529 3335 663 3397 educati
691 3344 770 3397 sunt
795 3336 828 3397 in
852 3346 995 3398 externa
1018 3355 1106 3417 quae
1131 3340 1209 3400 e‘ran

109 3432 285 3496 Ecclesiae
303 3430 463 3511 Judaicae
488 3448 554 3490 non
579 3431 696 3492 statim
721 3431 852 3511 possint
877 3430 1012 3511 perduci
1035 3431 1068 3492 in
1092 3430 1207 3494 intern

108 3536 294 3609 quaesunt
322 3523 498 3586 Ecclesiae
522 3522 746 3597 Christianae,
771 3522 980 3605 significatur
1002 3544 1062 3606 per
1087 3524 1207 3588 “Nem

108 3621 227 3682 bibens
253 3620 367 3680 vinum
394 3625 568 3680 vetustum
596 3617 715 3679 statim
744 3617 817 3679 vult
849 3620 984 3692 novum,
1014 3617 1097 3681 dicit
1127 3620 1209 3681 enin

109 3712 294 3776 Vetustum
309 3712 421 3776 utilius
434 3710 515 3773 est.'’
560 3709 675 3773 Simile
689 3709 897 3790 significatur
909 3731 968 3792 per
980 3717 999 3742 “
1008 3731 1133 3793 aquam
1147 3732 1209 3775 con

108 3825 239 3868 versam
267 3807 300 3866 in
327 3807 441 3867 vinum
453 3804 467 3827 ’¹
495 3806 526 3865 in
557 3803 657 3867 Kana
684 3803 868 3876 Galilaeae,
897 3805 940 3866 de
966 3825 1032 3886 quo
1062 3804 1112 3867 ita
1141 3827 1209 3889 apu

108 3899 308 3973 Johannem,

164 4032 194 4083 ln
210 4033 311 4094 nuptiis
325 4033 353 4081 in
369 4031 447 4081 Kana
462 4031 606 4088 Galilaeae,
620 4047 680 4081 cum
695 4032 818 4081 deficeret
832 4034 933 4090 vinum,
950 4035 1052 4081 “erent
1067 4032 1103 4081 ibi
1118 4035 1209 4163 him

239 4097 359 4159 lapideae
369 4112 416 4145 sex
426 4098 529 4158 positae
539 4096 614 4158 juxta
622 4098 823 4146 mundationem
832 4097 994 4161 Judaeorum
1004 4114 1023 4146 ε.
1034 4134 1039 4146 .
1050 4097 1130 4148 dixit
1157 4114 1209 4148 estu

239 4163 352 4226 implete
371 4163 488 4225 hydrias,
508 4163 553 4224 qui
571 4163 751 4224 impleverunt
769 4163 802 4212 ad
823 4176 973 4219 summum
998 4172 1062 4212 tunc
1080 4163 1150 4215 dixit
1167 4165 1209 4214 iul

240 4227 352 4277 Haurite
370 4242 441 4277 nunc
458 4238 485 4276 et
502 4227 595 4276 afferre
610 4229 797 4288 architriclino,
812 4239 838 4277 et
852 4229 1013 4278 attulerunt:
1031 4242 1093 4277 cum
1110 4240 1209 4294 gustu

237 4292 430 4341 architriclinus
438 4307 533 4370 aquam
544 4293 635 4342 vinum
646 4291 767 4351 indiam„
778 4332 784 4343 .
795 4305 883 4343 .vocat
893 4307 1032 4356 sponsum,
1045 4291 1097 4358 [et]
1108 4295 1172 4344 dicit
1181 4294 1209 4344 ill

238 4358 334 4407 Omnis
342 4360 424 4406 homo
433 4372 521 4420 primo
531 4361 631 4407 bonum
639 4360 732 4408 vinum
743 4359 862 4422 apponit,
871 4370 898 4407 et
907 4359 1015 4422 quando
1024 4369 1067 4407 aet
1076 4360 1209 4410 habueris

238 4424 333 4482 vilius,
351 4434 379 4472 tu
392 4424 533 4475 reservasti
546 4426 647 4474 bonum
661 4425 753 4474 vinum
766 4427 816 4476 huc
829 4439 910 4489 usque
918 4424 932 4442 ''
943 4425 981 4487 (ii.
992 4424 1082 4488 r-tol:
