2684 4988
369 478 1010 583 wmfflsswm'
1150 497 1212 566 m

127 663 230 748 gaudium
250 661 287 724 in
308 661 430 724 corde
444 660 473 738 ;”
501 660 735 743 multiplicatio
754 663 833 725 boni
857 674 893 726 et
912 666 992 739 veri,
1012 665 1213 747 intelligitur

129 757 398 841 per‘lrumentum
420 766 458 818 et
484 766 630 817 mustum
650 776 766 818 eorum
787 756 1055 839 multiplicantur
1065 759 1080 782 ”
1100 759 1211 842 (⁴‘lru·

131 849 250 916 mentun’
260 849 445 931 significat
461 851 597 922 bonum,
609 860 643 912 et
658 857 677 880 ‘⁴
687 851 858 912 mustum”
872 852 1003 932 verum)
1017 873 1024 913 ε
1049 855 1126 934 quia
1142 874 1210 935 pax

133 956 164 1008 est
177 943 270 1006 inillis
288 955 328 1007 et
350 966 400 1007 ex
421 944 488 1005 illis
511 944 732 1019 ideodicitur,
755 945 823 1007 “In
844 965 927 1025 pace
947 947 1045 1008 simul
1069 949 1157 1010 cubo
1176 958 1211 1012 et

134 1039 328 1110 dominnm
362 1039 430 1111 Tu,
454 1038 617 1119 Jehovah,
642 1059 796 1105 securum
829 1060 882 1102 me
912 1041 1066 1104 habitare
1094 1043 1212 1120 lacis;”

135 1152 171 1212 per
189 1139 323 1214 “pacem
361 1132 574 1213 significatur
607 1133 777 1195 internum
805 1133 990 1214 jucundum
1023 1135 1119 1209 caeli,
1153 1157 1211 1218 per

137 1227 360 1289 '‘securitatem’'
387 1227 573 1307 jucundum
607 1237 800 1300 externum,
832 1237 867 1290 et
901 1248 959 1309 per
990 1229 1142 1292 “cubare
1174 1240 1210 1294 et

137 1318 260 1472 ipsane?
288 1340 331 1382 ac
365 1341 425 1403 per
453 1320 666 1393 “habitare”
691 1320 900 1402 significatur
932 1323 1053 1384 vivere.
1105 1323 1209 1405 Apud

161 1433 221 1486 osen,

76 1530 78 1549 '
167 1545 204 1593 “st
217 1548 239 1594 iu
251 1547 359 1596 statutis
372 1548 439 1595 meis
452 1547 660 1605 ambulaveritis,
675 1558 702 1598 et
719 1559 862 1610 praecepta
874 1562 934 1597 mea
952 1550 1168 1608 observaveritis,
1183 1560 1211 1600 et

76 1606 78 1621 '
223 1613 335 1661 leceritis
348 1627 381 1660 ea
383 1650 453 1669 .....
459 1613 528 1661 dabo
541 1627 633 1674 pacem
652 1614 771 1669 interra,
786 1615 823 1661 ita
840 1625 869 1661 ut
881 1629 972 1662 secure
986 1614 1095 1670 cubetis,
1110 1625 1137 1663 et
1155 1630 1208 1664 non

224 1678 457 1738 perterrefaciens;
475 1687 502 1726 et
514 1693 618 1726 cessare
630 1679 727 1726 faciam
740 1679 823 1726 leram
838 1679 935 1727 malam
949 1694 964 1726 e
976 1688 1055 1737 terra,
1067 1689 1094 1727 et
1105 1680 1209 1741 gladius

224 1757 274 1791 non
287 1744 414 1791 transibit
426 1757 473 1804 per
485 1753 581 1792 terram
590 1742 604 1762 ”
616 1743 709 1803 (Levit.
721 1744 793 1793 xxvi.
806 1755 829 1802 3,
841 1744 882 1804 6);

76 1924 78 1933 .
134 1879 193 1940 unde
210 1901 281 1961 pax,
301 1881 368 1944 hoc
388 1893 451 1955 est,
469 1882 557 1944 unde
581 1882 710 1945 caelum
735 1893 769 1945 et
793 1884 953 1963 gaudium
977 1883 1135 1956 caeleste,
1155 1883 1208 1946 hic

133 1968 299 2038 describitur.
345 1975 416 2037 Pax
434 1977 467 2038 in
485 1995 520 2038 se
536 1972 690 2058 spediata
704 1997 770 2038 non
784 1987 836 2038 est
850 1975 980 2038 caelum
999 1987 1032 2038 et
1050 1977 1208 2057 gaudium

131 2066 252 2141 caeleste,
270 2071 329 2132 sed
346 2071 430 2132 haec
451 2081 529 2133 sunt
553 2072 585 2133 in
606 2092 689 2152 pace
708 2082 743 2133 et
762 2093 807 2133 ex
825 2091 926 2152 pace3
957 2082 1010 2134 est
1030 2073 1119 2133 enim
1140 2091 1208 2152 pax

130 2159 190 2222 sicut
203 2183 312 2226 aurora
331 2175 388 2226 aut
406 2166 492 2226 sicut
512 2185 570 2227 ver
588 2167 621 2227 in
642 2167 778 2239 mundo,
800 2187 885 2247 quae
904 2166 1088 2246 disponunt
1113 2185 1207 2227 men·

130 2259 165 2313 tes
178 2254 325 2320 humanas
343 2259 387 2320 ad
407 2258 635 2339 recipiendum
655 2260 757 2321 corde
773 2259 919 2338 jucunda
942 2271 977 2320 et
1001 2279 1144 2321 amoena
1163 2279 1207 2320 ex

129 2347 233 2430 iisquae
250 2373 362 2415 coram
382 2353 489 2415 oculis
506 2363 682 2434 apparent,
696 2352 860 2433 jucundat
878 2373 1022 2434 namque
1039 2364 1073 2415 et
1094 2373 1208 2415 atnoe·

128 2453 169 2504 nat
186 2443 251 2522 illa;
278 2456 313 2509 et
332 2448 409 2528 quia
433 2467 478 2509 ex
499 2466 581 2532 pace
601 2447 724 2508 Divina
743 2457 820 2509 sunt
841 2449 953 2509 omnia
973 2447 1056 2509 caeli
1081 2457 1115 2509 et
1138 2446 1209 2527 ejus

127 2538 209 2612 gaudii
222 2541 381 2615 similiter,
396 2541 474 2627 inde
488 2542 591 2604 etiam
608 2542 691 2603 haec
706 2561 765 2621 per
779 2548 798 2572 ‘⁴
808 2561 926 2622 pacem
936 2541 950 2564 ”
963 2541 1208 2621 intelliguntur.

129 2624 259 2705 Quoniam
272 2636 399 2697 homini
417 2634 547 2697 caelum
560 2645 612 2697 est
630 2655 675 2697 ex
689 2636 800 2697 vivere
817 2635 1002 2697 secundum
1016 2645 1207 2716 praecepta,

127 2720 182 2786 inde
191 2730 268 2790 enim
281 2726 476 2808 conjunfflo
488 2730 517 2790 ei
531 2739 583 2790 est
597 2747 673 2790 cum
690 2728 837 2791 Domino
850 2750 857 2804 ;
874 2730 950 2792 ideo
963 2729 1161 2802 dicitur,“Si
1175 2731 1207 2791 in

126 2823 229 2883 statutis
251 2824 332 2885 meis
356 2823 622 2894 ambulaveritis,
642 2832 677 2884 et
702 2834 884 2903 praecepta
907 2843 982 2885 mea
1005 2823 1207 2885 observave-

126 2909 226 2983 ritis,et
243 2916 389 2979 leceritis
411 2937 461 2987 ea,
480 2916 568 2978 dabo
587 2936 704 2997 pacem
724 2917 756 2977 in
776 2927 866 2978 terra
880 2916 905 2978 :”
929 2917 1019 2998 quod
1039 2927 1119 2979 tunc
1140 2937 1208 2979 non

126 3000 266 3070 inlestandi
289 3011 358 3071 sint
382 3030 401 3070 a
422 3008 519 3070 malis
545 3019 579 3071 et
599 3008 700 3081 salsis,
719 3009 920 3090 intelligitur
940 3030 997 3090 per
1016 3009 1105 3090 quod
1127 3015 1208 3072 “se-

125 3113 180 3159 cure
189 3103 351 3173 cubarent,
363 3113 397 3164 et
409 3121 477 3163 non
496 3101 802 3182 perterrefacien5,''
813 3115 846 3163 et
859 3123 917 3183 per
927 3103 1016 3183 quod
1029 3110 1047 3133 ‘¹
1056 3101 1209 3182 Jehovah

125 3206 224 3256 cessare
238 3195 335 3257 saciet
356 3195 459 3256 leram
479 3194 604 3255 malam
625 3215 643 3256 e
663 3195 781 3266 terra,”
797 3205 831 3257 et
851 3196 940 3276 quod
960 3195 1120 3275 “gladius
1140 3214 1206 3256 non

124 3287 243 3350 transibit
256 3310 315 3369 per
332 3288 424 3349 illam
440 3287 464 3362 ;”
488 3309 546 3368 per
560 3287 691 3348 “leram
710 3288 832 3349 malam
842 3289 856 3309 ”
869 3287 1099 3368 significantur
1116 3289 1208 3369 cupi·

123 3372 218 3441 ditares
246 3381 365 3454 malae,
397 3390 432 3442 et
463 3401 522 3461 per
549 3379 728 3459 “gladium
740 3380 754 3402 ”
785 3381 1015 3460 significantur
1044 3381 1209 3443 falsitates

123 3465 195 3547 inde,
222 3474 282 3535 hae
305 3486 340 3535 ct
369 3473 447 3534 illae
471 3474 651 3535 destruunt
677 3475 800 3535 bonurn
827 3485 860 3534 et
885 3494 998 3535 verum
1024 3495 1067 3535 ex
1091 3475 1208 3555 quibus

123 3575 185 3634 pax:
203 3574 233 3625 et
249 3585 308 3645 per
326 3572 479 3625 “terram
489 3564 504 3584 ”
520 3563 732 3644 significatur
749 3564 906 3625 ecclesia.
950 3576 1114 3635 (Quorum
1124 3581 1207 3626 mata'·

122 3645 206 3701 t'tgnilicet
219 3654 358 3710 cupiditates
375 3653 457 3701 malas.
468 3659 491 3696 et
507 3650 694 3697 destructionem
710 3653 765 3696 bont
782 3666 825 3710 per
836 3653 893 3703 illas,
906 3653 1013 3697 videatur
1024 3667 1046 3698 n.
1058 3667 1126 3710 4729.
1139 3668 1205 3709 7102,

121 3725 172 3770 9333:
187 3724 244 3775 quod
255 3721 392 3780 “gladius''
404 3721 518 3777 significet
535 3722 652 3773 falsitates,
664 3730 686 3766 ct
703 3723 887 3768 destructionem
904 3725 950 3769 veri
968 3739 1011 3781 per
1023 3725 1081 3774 illas,
1093 3738 1171 3782 supra.
1184 3741 1206 3771 n.

126 3784 206 3851 llllil:
222 3805 243 3840 et
253 3798 319 3853 quod
332 3794 345 3807 '⁴
355 3797 438 3840 terra''
454 3796 568 3850 significet
582 3797 715 3847 ecclesiam,
731 3798 800 3841 etiam
816 3813 895 3845 snpra,
911 3813 933 3842 n.
950 3799 999 3861 29,
1013 3798 1094 3861 304.)
1138 3783 1205 3862 Qui

125 3875 171 3920 uon
195 3864 341 3928 elevatur
372 3885 472 3946 supra
506 3885 641 3928 sensum
672 3867 805 3928 litterae
831 3867 943 3940 Verbi,
968 3872 994 3930 is
1025 3890 1091 3931 non
1116 3871 1207 3933 videt

123 3948 186 4014 aliud
201 3977 292 4038 quarn
319 3959 410 4040 quod
432 3959 489 4039 qui
508 3961 589 4020 vivit
613 3960 796 4020 secundum
821 3973 949 4022 statuta
973 3972 1007 4023 et
1027 3976 1208 4045 praecepta

122 4041 233 4111 vttturus
248 4054 289 4114 sit
310 4054 342 4114 in
361 4071 456 4133 pace,
474 4051 536 4113 hoc
553 4060 616 4124 est,
635 4052 725 4132 quod
748 4054 776 4114 ei
798 4072 864 4114 non
885 4053 1001 4115 hostes
1018 4066 1053 4117 et
1072 4057 1206 4130 inimici,

122 4145 146 4196 tl
159 4145 232 4221 quod
249 4147 293 4207 sic
314 4164 434 4207 secure
454 4145 653 4220 cubaturus,
679 4155 751 4207 tum
772 4146 861 4226 quod
880 4166 945 4207 non
969 4146 1100 4227 aliquae
1119 4147 1208 4210 serae

122 4232 203 4297 malae
213 4236 361 4300 illaturae
376 4238 548 4310 damnum,
560 4248 594 4300 et
608 4239 696 4319 quod
712 4258 778 4300 non
791 4235 980 4318 ¹¹¹periturus
993 4240 1126 4320 gladio:
1147 4241 1207 4301 sed

122 4317 237 4391 huonon
252 4341 302 4393 est
319 4330 493 4413 spirituale
507 4330 611 4396 Verbi
626 4351 633 4408 ;
657 4341 710 4394 est
727 4352 831 4412 usque
845 4331 996 4393 Verbum
1014 4334 1046 4394 in
1063 4331 1205 4411 singulis

122 4415 269 4498 sprituale,
288 4434 323 4486 et
342 4425 409 4487 hoc
429 4422 514 4486 latet
532 4425 566 4486 in
586 4444 687 4487 sensu
706 4423 841 4487 litterae
859 4424 1000 4506 ejusqui
1020 4424 1204 4501 naturalis;
