2716 4986
390 502 470 552 car.
488 502 577 562 v111.,
596 501 698 550 vens.
716 500 827 568 7.-x.
847 485 965 570 504[e].
1158 497 1235 564 ¹²47

117 671 216 737 sitis''
242 673 297 734 ubi
324 691 392 734 non
420 690 556 734 verum:
592 670 728 733 “exivit
756 669 845 751 ignis
871 690 917 732 ex
944 669 1040 750 virga
1067 685 1237 731 ramorum

118 767 200 848 ejus,
218 766 373 830 comedit
387 765 464 827 illos
483 775 518 829 et
538 762 680 828 lrudtum
699 762 799 845 ejus,”
815 760 984 844 significat
1003 761 1093 844 quod
1110 760 1235 825 malum

118 861 192 923 falsi
213 861 421 923 destruxerit
445 878 546 922 omne
565 878 682 922 verum
698 867 733 922 et
757 856 904 933 bonum;
929 855 1068 938 “ignis'’
1087 866 1141 918 est
1165 875 1237 917 ma·

120 954 199 1026 lum,
220 955 344 1034 “virga
360 973 529 1016 ramorum
537 952 552 976 ”
568 963 621 1016 est
637 953 758 1016 salsum
775 948 949 1014 dostrinae
965 952 998 1013 in
1015 971 1082 1033 quo
1098 950 1236 1025 malum,

120 1048 330 1110 “comedere
354 1047 430 1110 illos
453 1056 489 1110 et
511 1045 653 1111 frustum
677 1047 770 1129 ejus”
790 1056 843 1110 est
866 1045 1042 1108 destruere
1061 1064 1177 1108 verum
1200 1055 1237 1108 et

119 1142 245 1204 bonum
258 1163 266 1217 ;
290 1140 416 1204 malum
440 1141 512 1204 salsi
536 1152 589 1204 est
613 1141 739 1204 malum
762 1140 853 1223 quod
877 1160 921 1202 ex
945 1137 1031 1201 falso
1051 1135 1236 1202 doetrinae.

120 1235 224 1317 Apud
244 1235 457 1309 saetarum,

170 1372 188 1393 “
197 1369 333 1419 Dominus
341 1369 533 1432 depauperabit
542 1368 556 1387 ’'
566 1368 669 1432 Tyrum
679 1370 730 1417 “et
742 1369 860 1418 excutiet
868 1369 895 1417 in
905 1381 981 1417 mare
990 1381 1057 1430 opes
1067 1366 1134 1430 ejus,
1142 1376 1169 1416 et
1178 1366 1238 1430 ipen

252 1435 313 1497 igne
326 1435 483 1484 comedetur
491 1435 504 1453 ''
516 1435 562 1496 (ix.
573 1436 600 1495 4)
610 1451 615 1484 :

118 1582 179 1644 per
203 1562 361 1643 “Tyrum
370 1562 384 1586 ¹¹
404 1561 611 1643 significatur
631 1561 777 1624 ecclesia
800 1561 911 1643 quoad
934 1562 1150 1643 cognitiones
1169 1561 1237 1623 veri

119 1666 154 1720 et
183 1655 274 1730 boni,
299 1665 334 1719 et
367 1657 445 1719 inde
476 1676 535 1737 per
559 1655 740 1736 “Tyrum''
763 1654 996 1737 significantur
1022 1656 1238 1736 cognitiones

118 1751 189 1813 veri
209 1760 245 1813 et
268 1750 347 1812 boni
367 1771 452 1832 quae
472 1750 657 1824 ecclesiae;
682 1749 752 1830 ejus
771 1749 921 1811 vastatio
939 1769 998 1830 per
1017 1748 1102 1810 salsa
1120 1758 1155 1811 et
1179 1769 1239 1830 per

118 1845 211 1907 mala
240 1844 448 1926 significatur
475 1866 535 1926 per
561 1845 652 1926 quod
678 1844 875 1907 “Dominus
903 1845 1056 1906 excutiet
1084 1846 1117 1906 in
1146 1864 1238 1907 mare

117 1960 203 2022 opes
221 1938 301 2020 ejus,
322 1949 357 2002 et
377 1941 449 2020 ipsa
468 1940 547 2019 igne
566 1937 793 2002 comedetur.”
839 1937 943 2019 Apud
962 1937 1136 2013 Davidem,

171 2081 273 2131 Hostes
288 2081 444 2131 “miserunt
463 2082 491 2130 in
509 2081 599 2143 ignem
618 2079 802 2130 sandluarium
821 2091 904 2139 tuum,
919 2081 946 2128 in
966 2090 1063 2130 terram
1075 2095 1160 2143 usque
1178 2095 1240 2143 pro-

251 2147 380 2195 lanarunt
393 2146 575 2195 habitaculum
591 2147 710 2196 nominis
729 2147 767 2194 tui
777 2160 795 2204 ;.
807 2183 812 2195 .
822 2183 828 2195 .
840 2148 1060 2195 ,combusserunt
1077 2146 1170 2194 omnia
1187 2146 1239 2195 ies·

251 2212 316 2261 talia
333 2212 394 2261 loca
413 2212 464 2260 Dei
488 2212 515 2261 in
534 2223 632 2261 terram
651 2225 875 2275 usque:....non
893 2211 1009 2273 amplius
1030 2211 1169 2273 prophete,
1189 2225 1239 2260 nee

251 2279 390 2326 nobiscum
403 2278 493 2330 sciens
505 2292 644 2341 quousque
652 2277 666 2295 ''
677 2278 732 2338 (Ps.
745 2277 826 2326 lxxiv.
839 2277 912 2338 7-9):

118 2415 210 2498 quod
230 2418 437 2498 cupiditates
457 2420 619 2480 oriundae
638 2439 681 2481 ex
700 2418 798 2480 malis
817 2419 988 2480 amoribus
1004 2418 1237 2483 destruxerint

119 2513 286 2576 ecclesiae
302 2535 381 2576 vera
398 2524 433 2577 et
450 2514 549 2586 bona,
568 2513 777 2594 significatur
793 2535 852 2596 per
868 2515 958 2596 quod
973 2513 1121 2577 “hostes
1137 2516 1237 2577 mise·

118 2608 186 2669 rint
210 2609 243 2670 in
266 2608 381 2688 ignem
405 2604 643 2681 sanctuarium,
669 2619 704 2670 et
732 2607 983 2689 profanaverint
1007 2608 1238 2672 habitaculum

120 2703 265 2763 nominis
280 2701 431 2782 Jehovae
444 2701 470 2779 ;”
489 2703 579 2783 quod
597 2723 731 2783 prorsus
745 2703 978 2766 destruxerint
997 2704 1111 2765 omnia
1127 2702 1239 2766 cultus

120 2794 245 2867 Divini‚
263 2794 472 2877 significatur
491 2817 549 2877 per
568 2797 658 2878 quod
678 2797 955 2859 “combusserint
976 2799 1090 2859 omnia
1106 2797 1239 2861 festalia

120 2888 197 2951 loca
221 2889 285 2952 Dei
312 2891 347 2951 in
375 2900 500 2953 terram
524 2890 667 2971 usque;”
700 2890 790 2972 quod
818 2911 887 2952 non
914 2890 1059 2972 amplius
1086 2889 1239 2954 doetrina

120 2985 189 3045 veri
218 3003 279 3046 nec
309 2982 502 3046 intellectus
530 2986 610 3057 veri,
640 2983 851 3065 significatur
878 3005 937 3065 per
967 2991 1064 3047 “non
1093 2985 1237 3067 amplius

119 3077 297 3158 propheta,
316 3098 376 3140 nec
396 3079 571 3141 nobiscum
588 3080 698 3140 sciens
718 3077 952 3160 [quousque].’'
989 3077 1094 3160 Apud
1109 3079 1236 3152 Mosen,

175 3220 203 3270 Si
214 3220 265 3269 viri
278 3221 357 3271 belial
372 3221 528 3284 impulerint
540 3223 707 3271 habitatores
719 3223 794 3271 urbis
804 3223 838 3270 ad
851 3222 1022 3270 serviendum
1035 3221 1087 3270 diis
1099 3220 1169 3279 aliis,
1181 3237 1239 3284 per-

251 3296 405 3336 cuterentur
417 3302 512 3336 omnes
524 3302 572 3335 ore
584 3288 676 3349 gladii,
691 3298 717 3336 et
735 3289 800 3336 urbs
812 3301 873 3335 eum
889 3287 964 3335 omni
980 3287 1081 3349 praeda
1098 3289 1240 3336 combure-

251 3363 323 3401 retur
335 3353 397 3415 igne
409 3353 512 3415 (Dcutr.
524 3353 580 3402 xiii.
595 3353 698 3414 14-17):

119 3511 179 3572 per
198 3489 282 3554 haec
307 3492 340 3553 in
364 3512 465 3554 sensu
484 3491 648 3573 spirituali
672 3489 882 3572 significatur
900 3490 991 3572 quod
1010 3487 1176 3564 doitrina,
1193 3511 1254 3566 ex¹

118 3606 187 3667 qua
214 3585 336 3660 cultus,
362 3606 447 3667 quae
474 3588 632 3667 agnoscit
659 3586 761 3647 alium
785 3586 885 3647 deum
913 3605 1013 3667 quam
1042 3583 1237 3658 Dominum,

119 3679 289 3742 abolenda
309 3682 364 3753 sit,
384 3682 461 3762 quia
484 3681 565 3743 inibi
589 3700 657 3743 non
677 3682 738 3741 nisi
762 3698 863 3762 quam
887 3679 970 3742 salsa
989 3700 1034 3743 ex
1059 3679 1156 3741 malis
1180 3699 1237 3742 cu·

119 3774 340 3855 piditatibus;
372 3773 435 3835 hoc
464 3775 497 3836 in
524 3795 624 3837 sensu
652 3774 815 3856 spirituali
843 3794 902 3855 per
928 3773 987 3835 illa
1017 3773 1236 3854 significatur,

119 3868 197 3949 quia
221 3888 280 3950 per
306 3868 474 3930 “urbem'’
497 3870 531 3930 in
556 3869 672 3931 Verbo
696 3867 906 3949 significatur
928 3866 1092 3941 doetrina,
1117 3878 1152 3930 et
1180 3888 1238 3949 per

121 3963 275 4024 “servire
294 3962 368 4023 aliis
392 3961 477 4024 diis’'
497 3962 706 4044 significatur
728 3982 916 4043 agnoscere
940 3972 975 4024 et
999 3962 1111 4024 colere
1134 3961 1237 4024 alium

119 4056 221 4119 deum
252 4077 352 4138 quam
386 4056 590 4133 Dominum;
622 4078 681 4138 per
709 4056 912 4137 “gladium'’
938 4055 1147 4137 significatur
1176 4056 1237 4118 de·

120 4147 264 4214 structio
286 4152 357 4213 veri
380 4171 439 4232 per
462 4150 592 4224 salsum,
618 4171 656 4214 ac
681 4172 740 4233 per
761 4152 904 4232 “ignem
915 4150 930 4175 ”
949 4147 1135 4214 destructio
1158 4150 1237 4213 boni

119 4265 181 4328 per
199 4244 335 4308 malum.
382 4245 485 4327 Apud
505 4245 638 4320 Lucam,

174 4389 249 4439 Dixit
262 4389 402 4448 Dominus,
418 4389 488 4453 quod
501 4391 604 4438 venerit
617 4391 707 4452 ignem
721 4390 827 4440 mittere
839 4390 867 4439 ln
879 4399 987 4448 terrem,
999 4399 1026 4440 et
1038 4388 1109 4454 quod
1121 4388 1236 4439 velletri

249 4454 305 4517 jam
316 4469 444 4505 accensus
457 4466 529 4505 esset
540 4455 595 4517 (xii.
606 4458 666 4519 49);
