2716 4986
128 101 191 180 928
437 115 686 167 nrocntvests
709 118 933 168 nxrttcxrn.

128 281 211 345 fides
235 301 336 346 unum
360 284 439 347 lacit
462 304 538 348 cum
562 285 740 362 charitate,
760 296 797 350 et
819 287 930 350 omnis
952 295 1007 349 est
1029 306 1051 349 a
1075 285 1238 363 Domin03

129 386 335 458 quapropter
362 388 464 441 vocat
493 379 658 441 Dominus
681 378 782 443 fidem
809 380 897 443 hanc
923 378 1053 442 “fidem
1078 378 1143 461 Dei
1155 379 1181 441 :⁹⁹
1208 390 1239 442 et

128 471 205 550 quia
224 471 389 533 Dominus
408 474 572 553 perhanc
593 472 704 546 fidem,
725 484 883 556 quaeest
903 473 986 535 fides
1006 473 1185 536 charitatis
1202 475 1241 535 ab

130 562 219 644 lpso,
237 576 388 628 removet
409 569 522 629 omnia
542 567 630 629 mala
647 569 865 631 scaturientia
880 588 925 630 ex
945 567 1118 630 amoribus
1137 568 1186 629 sui
1208 577 1240 628 et

129 658 253 729 mundi,
279 669 313 721 et
337 659 393 721 illa
417 660 529 740 dejicit
553 663 586 722 in
610 661 772 724 infernum
797 662 885 724 unde
909 672 999 734 sunt,
1024 681 1130 741 quare
1153 660 1241 728 dicit.

129 753 218 833 quod
240 754 295 814 “si
314 754 438 816 dixerit
459 757 577 828 monti,
596 755 733 818 Tollere
752 766 787 818 et
807 754 932 836 projice
951 765 987 817 te
1009 756 1044 817 in
1064 774 1169 826 mare,
1188 752 1242 815 fiet

129 866 215 927 quae
228 847 314 909 dixit
329 847 353 922 ;”
373 869 430 930 per
445 855 463 878 ‘⁶
474 861 625 911 montem
635 849 649 871 ”
665 851 754 911 enim
769 848 1001 930 significantur
1012 847 1103 910 mala
1115 847 1242 910 illorum

130 960 293 1012 amorum,
318 951 353 1004 et
382 963 439 1022 per
465 944 609 1005 “mare''
632 943 839 1024 significatur
865 943 1051 1017 infernum
1084 942 1163 1004 inde
1189 960 1243 1022 per

34 1079 39 1091 .
132 1035 271 1098 “dicere
296 1039 413 1108 monti,
435 1037 601 1108 Tollere‚”
620 1036 828 1119 significatur
850 1038 1016 1100 removeri
1040 1035 1109 1108 illa,
1131 1045 1166 1097 et
1189 1054 1244 1115 per

132 1129 274 1211 “projici
291 1131 322 1191 in
340 1151 431 1193 mare
441 1132 455 1153 ”
471 1130 679 1213 significatur
695 1131 792 1210 dejici
812 1133 844 1194 in
861 1131 1025 1193 infernum
1041 1130 1131 1192 unde
1149 1139 1242 1190 sunt:

131 1244 175 1285 ex
192 1223 254 1286 hac
276 1223 522 1304 significatione
541 1225 719 1287 “montis''
738 1235 773 1287 et
795 1225 948 1287 “maris'’
967 1224 1032 1286 hoc
1049 1224 1142 1305 apud
1158 1223 1243 1284 anti·

131 1337 214 1398 quos
231 1319 263 1379 in
281 1337 494 1381 communem
512 1339 702 1381 sermonem
720 1320 824 1388 venit.
843 1338 918 1380 cum
936 1318 978 1380 de
999 1317 1076 1380 fidei
1093 1317 1244 1399 potentia

132 1431 242 1473 sermo
261 1411 340 1484 suit;
366 1432 433 1474 non
453 1413 542 1494 quod
564 1423 698 1474 montes
717 1414 749 1473 in
770 1413 891 1475 tellure
911 1423 1055 1493 possunt
1076 1432 1136 1492 per
1155 1411 1244 1472 illam

132 1503 246 1585 projici
263 1507 295 1566 in
316 1526 417 1575 mare.
436 1508 494 1569 sed
514 1507 602 1568 mala
618 1527 703 1588 quae
722 1507 765 1568 ab
782 1506 911 1568 inferno
931 1515 1085 1586 possunt.
1133 1505 1245 1567 Etiam

135 1609 269 1662 montes
293 1601 325 1661 in
349 1600 512 1682 spirituali
540 1600 677 1669 mundo.
702 1620 801 1680 super
823 1600 942 1681 quibus
969 1598 1129 1661 habitant
1158 1597 1244 1682 mali,

133 1693 245 1756 solent
259 1714 317 1774 per
327 1693 437 1765 fidem,
450 1715 535 1777 quae
548 1715 567 1755 a
586 1694 743 1765 Domino,
757 1693 864 1755 everti
874 1703 909 1755 et
920 1692 1035 1773 projici
1048 1714 1056 1767 ;
1081 1712 1161 1754 nam
1172 1711 1244 1755 cum

134 1787 224 1849 mala
253 1789 341 1868 apud
371 1787 447 1850 illos
478 1788 704 1869 projiciuntur,
733 1789 836 1850 etiam
867 1786 1086 1867 projiciuntur
1114 1796 1246 1849 montes

133 1902 232 1963 super
254 1883 372 1963 quibus
396 1883 563 1954 habitant,
589 1893 624 1943 ut
649 1902 748 1962 supra
771 1880 949 1962 aliquoties
973 1877 1101 1942 dictum
1125 1891 1190 1955 est,
1213 1889 1246 1942 et

133 1997 264 2058 quoque
281 1978 361 2038 mihi
381 1997 482 2057 saepe
498 1979 614 2038 visum.
661 1975 760 2057 Quod
778 1995 844 2037 non
864 1974 929 2036 alia
947 1973 1029 2036 fides
1047 1995 1149 2056 quarn
1166 1974 1245 2037 fides

134 2070 309 2133 charitatis
332 2092 351 2132 a
376 2072 523 2132 Domino
551 2071 603 2132 hic
631 2069 852 2150 intelligatur,
877 2079 973 2150 patet
1001 2089 1020 2131 a
1047 2071 1246 2132 continuato

134 2184 289 2226 sermone
310 2166 445 2226 Domini
465 2165 552 2245 apud
571 2164 733 2237 Marcum,
755 2164 960 2236 ubidicitur,

185 2292 359 2354 “Propterea
377 2295 438 2341 dico
456 2293 542 2346 vobis.
562 2293 654 2340 omnia
672 2306 845 2354 quaecunque
869 2300 1010 2353 precantes
1028 2291 1132 2353 petitis,
1151 2291 1247 2340 credite

264 2358 334 2420 quod
346 2358 477 2419 accepturi
497 2358 564 2413 sitis,
580 2368 642 2406 tunc
661 2356 706 2404 tiet
719 2357 812 2405 vobis:
831 2371 892 2404 cum
905 2371 969 2405 vero
985 2357 1117 2405 steteritis
1130 2368 1244 2412 orantes.

264 2424 388 2471 dimittite
401 2424 422 2470 si
435 2424 496 2485 quid
510 2424 614 2471 habetis
627 2432 721 2470 contra
733 2435 903 2484 quemquam.
919 2431 947 2469 ut
959 2421 1041 2470 etiam
1058 2421 1140 2471 Patet
1151 2431 1244 2475 vester.

264 2489 308 2550 qui
322 2489 348 2535 in
359 2489 448 2545 caelis.
460 2488 577 2536 dimittat
586 2488 663 2535 vobis
674 2487 765 2547 lapsus
774 2496 895 2539 vestros:
908 2487 930 2534 si
941 2501 1005 2535 vero
1016 2501 1066 2535 vos
1077 2501 1134 2536 non
1143 2486 1247 2535 dimise·

266 2554 337 2682 rjus]
353 2569 438 2614 neque
459 2553 538 2601 Pater
551 2563 647 2609 vester,
663 2552 708 2613 qui
727 2552 753 2599 in
773 2552 863 2607 caelis.
878 2551 995 2600 dimittet
1012 2552 1105 2613 lapsus
1124 2548 1246 2601 vestros‘'

264 2619 322 2678 (xi.
349 2634 417 2666 vers.
431 2620 534 2677 24-2bl:

135 2763 179 2804 ex
207 2742 325 2824 quibus
355 2752 451 2823 patet
479 2741 568 2822 quod
598 2739 709 2801 “fides
737 2739 831 2808 Dei.”
854 2739 897 2802 de
921 2759 986 2820 qua
1012 2738 1180 2801 Dominus
1205 2738 1246 2800 ibi
1352 2762 1357 2776 ¹

136 2835 292 2918 loquitur,
310 2837 353 2897 sit
373 2834 456 2896 fides
475 2835 661 2906 charitatis
681 2835 744 2895 hoc
761 2843 825 2906 est,
842 2832 925 2895 fides
944 2853 1030 2913 quae
1050 2853 1155 2895 unum
1170 2832 1244 2894 sacit

135 2951 210 2993 cum
235 2931 412 3001 charitate,
437 2940 472 2991 et
497 2929 573 2990 inde
597 2949 681 3009 quae
705 2929 814 2988 omnis
837 2938 889 2989 est
913 2947 933 2988 a
957 2925 1128 2988 Domino:
1154 2947 1246 3008 prae·

135 3038 230 3088 terea
258 3025 422 3086 Dominus
450 3023 507 3084 illa
534 3023 621 3084 dixit
650 3021 692 3082 ad
720 3020 903 3101 discipulos
929 3039 1005 3082 cum
1033 3021 1247 3084 crediderunt

136 3121 225 3202 quod
251 3118 410 3180 miracula
434 3128 573 3198 possent
600 3116 707 3177 iacere
731 3136 774 3176 ex
800 3137 858 3176 sua
886 3114 962 3186 fide,
987 3116 1034 3176 ita
1058 3135 1079 3175 a
1102 3134 1150 3188 se,
1174 3132 1246 3177 cum

136 3224 251 3275 tamen
272 3212 328 3274 illa
348 3212 430 3273 liunt
451 3233 470 3272 a
493 3210 558 3272 fide
582 3231 666 3291 quae
690 3231 709 3270 a
735 3209 892 3282 Domino,
914 3210 961 3270 ita
984 3228 1004 3269 a
1029 3209 1179 3270 Domino
1198 3207 1247 3287 (ut
1353 3227 1356 3231 ’

135 3328 267 3388 quoque
288 3316 383 3385 patet
403 3305 490 3385 apud
511 3304 730 3373 Mamaeum,
748 3322 820 3382 cap.
843 3303 922 3362 xvii.
949 3318 994 3382 19.
1013 3317 1064 3372 20,
1083 3301 1139 3363 ubi
1159 3301 1247 3363 simi·

136 3399 180 3462 lia
208 3396 297 3461 dicta
325 3398 430 3477 sunt).
483 3396 652 3478 Quoniam
682 3394 870 3456 “montes”
896 3393 1135 3475 significabant
1163 3394 1247 3456 bona
1340 3406 1351 3429 ³

137 3493 260 3554 amoris
279 3491 447 3561 caelestis,
469 3502 503 3551 et
525 3496 543 3520 ‘⁴
556 3487 686 3551 colles''
707 3488 795 3549 bona
812 3489 936 3549 amoris
955 3486 1153 3568 spiritualis,
1173 3487 1247 3549 ideo
1278 3490 1352 3535 6

136 3586 275 3664 antiqui,
300 3584 388 3663 apud
416 3604 500 3664 quos
528 3581 672 3643 ecclesia
701 3581 991 3661 repraesentativa
1019 3579 1091 3652 fuit,
1121 3579 1247 3642 cultum
1280 3582 1344 3632 fl

137 3697 232 3741 suum
258 3677 414 3738 Divinum
443 3676 631 3736 habuerunt
656 3695 755 3754 super
778 3674 950 3735 montibus
973 3682 1008 3735 et
1036 3672 1191 3747 collibus,
1215 3677 1337 3734 ct:

136 3771 213 3833 ideo
227 3769 309 3831 Zion
328 3790 426 3848 super
443 3779 558 3830 monte
575 3767 634 3828 suit
652 3786 690 3827 ac
711 3766 950 3845 Hierosolyma
963 3786 1063 3847 super
1076 3765 1315 3828 montanis}

136 3863 219 3926 inira
235 3862 338 3923 illum.
375 3861 425 3922 Ne
442 3863 556 3942 itaque
572 3859 689 3939 Judaei
706 3870 740 3921 et
760 3859 946 3929 Israelitae‚
960 3861 1016 3939 qui
1034 3857 1302 3921 idololatriae:-

136 3956 242 4018 dediti
265 3966 372 4022 erant,
396 3964 568 4015 verterent
593 3952 721 4013 cultum
747 3951 905 4013 Divinum
930 3953 962 4012 in
986 3950 1116 4017 cultum
1140 3949 1280 4014 idolo-

137 4050 301 4120 latricum,
331 4048 529 4108 mandatum
561 4044 624 4106 illis
655 4057 707 4106 est
739 4056 774 4107 ut
806 4044 913 4106 solum
945 4046 978 4105 in
1010 4042 1269 4124 Hierosolyma
