2716 4986
130 475 209 539 1282
438 483 689 535 auocnnunsts
712 481 939 537 exemerim.

127 663 146 689 “
156 657 249 721 lacus
258 656 274 680 ''
286 668 322 720 et
334 662 353 688 “
363 656 467 719 maria
475 654 491 679 ”
500 653 689 736 significent
703 652 918 734 cognitiones
928 654 998 717 veri
1010 654 1043 717 in
1057 652 1232 736 complexu.

125 750 227 832 Quod
252 758 386 833 “aquae
396 749 410 772 '⁹
432 749 624 831 significent
652 769 742 821 vera,
766 759 802 811 et
827 754 962 830 “aquae
986 748 1107 812 vivae”
1129 769 1234 811 veraa

125 840 288 916 Domino,
305 842 463 904 videatur
480 858 582 921 supra
601 856 636 913 (n.
648 841 796 919 71.483)‚
813 847 848 901 et
867 858 1003 921 quoque
1021 840 1056 902 in
1075 841 1234 922 sequenti·

125 934 187 997 bus
206 933 288 997 locis
310 935 344 996 in
364 934 427 995 hoc
451 930 613 995 articulo:
641 931 732 1014 quod
753 930 895 993 “fluvii'’
914 940 950 995 et
971 930 1162 994 “flumina’'
1179 933 1235 1013 sig·

126 1026 263 1091 nificent
286 1023 496 1090 intellectum
521 1026 600 1099 veri,
624 1046 662 1089 ac
690 1024 963 1106 intelligentiam,
989 1037 1148 1089 constare
1171 1036 1237 1107 pot·

124 1129 242 1183 estex
262 1119 379 1183 Verbo
401 1120 455 1181 ubi
475 1119 563 1182 fluvii
587 1129 622 1184 et
643 1119 780 1182 flumina
802 1120 1021 1182 nominantur
1032 1118 1138 1183 :-Ut
1160 1117 1237 1200 apud

125 1212 277 1288 Esaiam,

175 1349 193 1370 ‘⁴
201 1346 278 1395 Tunc
287 1347 365 1395 saliet
375 1347 442 1395 sicut
451 1360 547 1395 cervus
555 1346 674 1404 claudus.
685 1356 712 1395 et
721 1346 840 1395 cantabit
850 1346 942 1409 lingua
950 1346 1027 1404 muti,
1037 1346 1101 1410 qaia
1110 1354 1239 1409 erumpent

255 1413 282 1460 in
295 1412 402 1461 deserto
414 1427 508 1476 aquae.
522 1422 550 1460 et
563 1412 637 1460 fluvii
650 1412 677 1460 in
691 1413 802 1474 planitie
814 1413 914 1461 deserti
922 1409 936 1430 ''
948 1412 1018 1474 (cap.
1030 1427 1113 1462 xxxv.
1124 1410 1164 1473 6):

124 1544 207 1606 haec
227 1544 268 1606 de
289 1543 447 1617 Domino,
465 1563 504 1606 ac
524 1544 566 1607 de
586 1544 824 1608 reformatione
843 1545 1008 1624 gentium,
1026 1553 1063 1607 et
1083 1544 1239 1606 instaura·

123 1639 216 1703 tione
235 1638 398 1700 ecclesiae
417 1638 506 1719 apud
530 1639 625 1701 illas:
650 1657 711 1718 per
730 1637 945 1711 “claudum''
963 1638 1019 1720 qui
1042 1637 1143 1700 saliet
1164 1638 1239 1700 sicut

123 1750 252 1804 cervus,
272 1731 481 1812 significatur
500 1733 555 1815 qui
579 1752 646 1794 non
666 1733 699 1794 in
719 1732 868 1813 genuino
890 1732 980 1794 bono
1000 1741 1065 1803 est,
1086 1733 1239 1813 quianon

123 1825 156 1886 in
172 1827 423 1907 cognitionibus
436 1828 505 1889 veri
521 1837 557 1890 et
574 1828 673 1898 boni:
697 1848 756 1909 per
770 1827 949 1907 “linguam
966 1826 1052 1888 muti
1065 1847 1152 1908 quae
1167 1844 1239 1888 can·

123 1919 210 1982 tabit
220 1920 235 1943 ”
247 1919 454 2002 significatur
467 1921 633 1984 consessio
649 1920 785 1983 Domini
801 1921 920 1983 abillis
933 1920 989 2001 qui
1006 1920 1038 1982 in
1056 1920 1240 2001 ignorantia

124 2015 192 2076 veri
206 2026 284 2077 sunt
297 2035 304 2077 :
326 2021 533 2096 “erumpent
547 2016 579 2078 in
592 2016 729 2078 deserto
742 2036 847 2097 aquae
857 2016 871 2037 '¹
884 2013 1052 2095 significat
1066 2015 1156 2096 quod
1169 2031 1240 2076 vera

123 2119 221 2170 erunt
238 2109 291 2170 ubi
309 2128 375 2171 non
393 2111 502 2190 prius;
525 2120 561 2172 et
575 2109 692 2172 “fluvii
709 2110 741 2171 in
759 2109 897 2191 planitie
913 2108 1040 2171 deserti
1049 2107 1064 2132 ’¹
1080 2108 1238 2189 significat

123 2203 213 2284 quod
237 2203 464 2284 intelligentia
484 2204 538 2266 ubi
562 2224 629 2266 non
651 2205 760 2285 prius;
786 2204 985 2265 “desertum
995 2203 1011 2226 ”
1028 2213 1082 2266 est
1103 2203 1156 2265 ubi
1179 2219 1238 2262 non

123 2316 248 2370 verum,
270 2295 456 2378 “planities
479 2296 627 2360 deserti’¹
647 2298 700 2359 ubi
725 2317 793 2359 non
815 2295 1065 2378 intelligentia;
1091 2294 1238 2378 “aquae''

123 2400 201 2452 sunt
220 2411 309 2464 vera,
329 2401 362 2452 et
384 2390 525 2453 “fluvii’'
545 2401 622 2453 sunt
642 2391 877 2472 intelligentia.
924 2390 1029 2471 Apud
1049 2392 1203 2463 eundem,

174 2526 191 2546 ‘⁸
199 2523 325 2586 Aperiam
335 2538 416 2586 super
423 2523 500 2572 clivis
510 2524 606 2573 fluvios
616 2539 622 2580 ;
637 2535 663 2573 et
673 2525 699 2572 in
711 2525 799 2572 medio
808 2524 915 2572 vallium
926 2524 1017 2573 tontes
1027 2539 1128 2586 ponam
1138 2539 1144 2582 ;
1158 2525 1237 2572 deser·

253 2598 308 2637 tum
328 2604 357 2713 m(
370 2601 494 2702 sltagrgum
509 2605 646 2653 aquarum,
663 2601 690 2638 et
705 2600 802 2638 terram
817 2590 914 2638 siccam
932 2590 960 2637 ln
974 2590 1152 2651 scaturigines
1166 2603 1237 2651 aqua·

254 2655 326 2701 rum'
358 2657 403 2703 xi.
418 2667 428 2702 1
450 2659 473 2713 ):

122 2780 204 2841 haec
222 2777 312 2842 dieta
329 2791 405 2842 sunt
423 2780 465 2841 de
482 2780 669 2842 salvatione
686 2780 837 2860 gentium
855 2800 874 2841 a
894 2779 1062 2855 Domin0;
1088 2779 1236 2860 “aperire

122 2894 220 2954 super
237 2874 330 2936 clivis
347 2873 463 2936 fluvios
472 2874 487 2896 ”
500 2885 552 2937 est
569 2875 648 2936 dare
666 2874 927 2954 intelligentiam
944 2874 1159 2951 interiorem;
1182 2875 1236 2934 “in

122 2969 233 3030 medio
252 2968 389 3030 vallium
413 2988 539 3049 ponere
559 2967 693 3031 lontes'’
711 2980 763 3031 est
782 2969 946 3029 instruere
969 2969 1001 3030 in
1022 2969 1109 3030 veris
1128 2979 1236 3031 exter·

121 3079 201 3122 num
226 3060 411 3121 hominem.
466 3075 581 3133 (Reliqua
595 3076 721 3120 videantur
734 3077 852 3134 explicata
866 3088 945 3133 supra¹
961 3088 985 3121 n.
999 3061 1086 3138 483.)
1139 3056 1236 3140 Apud

123 3154 280 3226 eundem,

172 3290 188 3308 ‘¹
198 3286 264 3335 Ecce
277 3286 334 3347 Ego
346 3286 447 3334 iaciens
458 3300 574 3341 novum;
593 3300 663 3334 nunc
673 3284 891 3347 progerminabit‚
903 3298 994 3332 nonne
1005 3285 1153 3347 agnoscitis
1163 3283 1237 3333 illud?

250 3352 330 3399 etiam
346 3366 444 3413 ponam
458 3352 484 3399 ln
498 3352 604 3399 deserto
618 3352 696 3407 viam,
712 3352 737 3398 in
751 3351 894 3398 solitudine
907 3349 1019 3398 fluvios:
1039 3351 1182 3399 honorabit
1196 3347 1236 3397 Me

251 3418 308 3465 iera
321 3418 387 3478 agri,
402 3418 533 3464 dracones
550 3426 577 3465 et
595 3416 663 3464 filiae
682 3413 804 3471 melnae.
820 3415 938 3477 eoquod
956 3415 1077 3463 dederim
1096 3416 1123 3464 in
1139 3417 1236 3464 deserto

250 3497 342 3544 aquas,
357 3493 382 3530 et
395 3482 491 3530 fluvios
507 3482 533 3529 in
546 3481 698 3539 solitudine,
712 3482 746 3530 ad
760 3481 906 3543 potandum
922 3481 1051 3542 populum
1064 3495 1162 3539 meum,
1176 3481 1237 3528 elec·

250 3557 305 3596 tum
320 3562 407 3595 meum
418 3547 432 3564 ”
444 3548 517 3606 (xliii.
532 3559 570 3608 19.
583 3547 638 3606 20):
692 3559 697 3566 ·

119 3673 202 3735 haec
222 3673 324 3735 etiam
343 3673 384 3734 de
409 3672 567 3744 Domino,
588 3671 684 3734 etde
707 3691 794 3732 nova
812 3669 956 3733 ecclesia
978 3671 1023 3732 ab
1047 3671 1138 3752 Ipso,
1157 3689 1235 3753 quae

119 3766 319 3846 intelligitur
339 3786 398 3847 per
416 3766 535 3828 “Ecce
555 3766 632 3846 Ego
650 3765 776 3828 faciens
793 3784 927 3839 novum,
946 3784 1035 3826 nunc
1055 3765 1235 3847 progermi-

118 3860 212 3922 nabit
225 3861 250 3922 :‘'
274 3880 331 3940 per
346 3867 499 3939 “ponere
516 3861 547 3922 in
562 3862 699 3922 deserto
711 3860 799 3921 viam
812 3868 846 3921 et
861 3860 893 3921 in
907 3858 1090 3945 solitudine
1103 3859 1216 3921 fluvios
1223 3855 1236 3879 '’

117 3953 325 4034 significatur
344 3954 435 4035 quod
454 3975 569 4017 verum
589 3964 623 4017 et
643 3952 870 4034 intelligentia
889 3954 957 4015 veri
976 3962 1075 4015 erunt
1096 3954 1150 4016 ubi
1173 3970 1235 4015 non

118 4051 226 4130 prius;
252 4050 332 4111 “via
340 4048 354 4072 ”
373 4059 426 4111 est
444 4070 560 4112 verum
579 4050 707 4111 ducens
726 4049 768 4110 ad
788 4047 930 4120 caelum,
947 4066 987 4109 ac
1005 4046 1125 4110 “fluvii
1133 4047 1148 4070 ”
1162 4054 1234 4109 sunt

116 4144 363 4225 intelligentia;
388 4164 446 4224 per
467 4151 614 4225 “potare
638 4142 822 4225 populum?
843 4140 1053 4223 slgnificatur
1075 4143 1233 4205 instruere

116 4239 192 4302 illos
219 4239 274 4320 qui
302 4238 517 4301 desiderant:
549 4259 608 4319 per
632 4239 764 4301 “feram
791 4236 873 4318 agri,
901 4236 1068 4300 dracones
1095 4246 1131 4300 et
1157 4234 1234 4298 filias

116 4331 289 4408 noctuae,’'
302 4330 533 4414 significantur
549 4333 603 4415 qui
620 4333 723 4395 modo
738 4353 783 4395 ex
801 4331 962 4394 memoria
978 4330 1090 4394 sciunt
1107 4351 1185 4394 vera
1201 4336 1233 4391 et

115 4429 215 4505 bona,
240 4448 279 4492 ac
303 4447 370 4492 non
394 4426 589 4509 intelligunt
613 4438 648 4490 et
672 4427 861 4508 percipiunt
884 4424 963 4505 illa3
986 4425 1035 4489 illi
1058 4425 1233 4510 loquuntur
