2684 4988
360 504 446 557 can.
464 493 770 570 v1.,vaas.6.—1u·
789 494 920 582 374[d]·
1138 514 1200 584 745

130 674 215 740 oleum
228 697 241 739 e
255 697 334 740 saxo
357 686 491 759 petrae,
511 677 669 758 butyrum
689 678 834 743 armenti
855 690 889 744 et
914 678 966 744 lac
990 684 1105 764 gregis
1124 704 1200 748 cum

128 770 205 853 adipe
215 791 358 852 agnorum
377 780 413 834 et
434 771 579 834 arietum
598 769 740 835 filiorum
758 770 944 837 Baschanis
963 785 998 838 et
1018 776 1198 847 hircorum.

128 882 187 926 cum
194 864 269 946 adipe
277 885 392 928 renum
403 864 520 938 tritici,
529 873 564 927 et
575 866 774 948 sanguinem
786 887 924 930 uvarum
935 869 1021 932 bibis
1032 890 1161 934 merum
1174 872 1200 949 ;”

129 957 468 1041 “triticum’‘signilicat
481 958 526 1021 ibi
539 959 571 1021 in
584 979 709 1040 genere
722 979 823 1023 omne
836 960 973 1035 bonum,
985 973 1019 1025 et
1034 969 1053 994 ¹⁶
1062 967 1199 1046 sanguis

128 1069 229 1114 uvarum
236 1051 249 1075 ’⁹
259 1072 294 1116 ac
309 1058 329 1084 ⁸⁸
339 1072 469 1115 merum
478 1051 495 1076 '⁹
506 1071 607 1115 omne
623 1073 738 1115 verum
756 1053 843 1117 inde.
889 1052 992 1136 Apud
1006 1055 1181 1132 Davidem,

166 1189 270 1240 '‘Utim
276 1192 393 1254 populns
399 1206 477 1241 meus
484 1190 607 1241 obediret
615 1191 692 1250 Mihi,
704 1202 731 1241 et
745 1191 828 1241 lsrael
840 1193 868 1241 in
876 1194 929 1242 viis
941 1195 1008 1242 meis
1016 1195 1200 1252 ambularent,

267 1256 412 1306 1¹lcibarem
430 1271 479 1306 eos
497 1256 576 1320 adipe
593 1257 685 1314 tritici,
699 1266 725 1305 et
743 1271 758 1305 e
776 1268 852 1320 petra
869 1259 949 1306 melle
967 1269 1114 1308 salutarem
1130 1261 1199 1310 eos”

220 1321 267 1380 (es.
276 1322 358 1372 lxxxi.
371 1334 410 1380 14,
422 1334 453 1380 17
466 1317 512 1386 [B.
521 1324 556 1371 A.
568 1334 606 1381 13,
619 1318 686 1386 16]):
721 1373 727 1376 ,

124 1471 166 1532 per
178 1455 318 1536 “adipem
335 1453 470 1529 tritici,”
486 1463 521 1518 et
538 1475 596 1537 per
614 1453 710 1517 “mel
729 1475 748 1517 e
767 1453 893 1536 petra,”
909 1455 1028 1536 quibus
1045 1456 1197 1520 cibaren-

123 1555 162 1608 tus
177 1558 204 1611 et
221 1559 459 1624 saturarentur,
482 1546 690 1630 significatur
713 1550 839 1612 bonum
863 1551 972 1612 omnis
996 1552 1131 1630 generis
1153 1572 1198 1614 ex

122 1638 187 1703 bono
201 1642 341 1716 caelesti,
361 1653 398 1707 et
418 1642 601 1723 jucundum
621 1642 691 1724 ejus
710 1664 730 1706 a
754 1643 913 1716 Domino,
932 1664 992 1725 per
1013 1652 1031 1676 ‘⁴
1041 1644 1174 1726 adipem
1184 1645 1199 1667 '’

122 1734 185 1795 enin
203 1737 402 1817 significatur
427 1737 552 1799 bonum
576 1737 737 1812 caeleste,
762 1759 821 1819 per
845 1737 1023 1800 “triticum
1035 1737 1049 1760 ''
1073 1737 1197 1799 bonum

122 1829 201 1891 omnis
212 1833 351 1912 generis,
369 1852 429 1913 per
447 1831 540 1894 “mel
551 1831 566 1855 ''
577 1831 762 1913 jucundum
779 1833 869 1906 boni,
886 1841 921 1894 et
939 1853 998 1913 per
1016 1828 1199 1912 “petram’'

122 1917 247 1986 Dominus
259 1947 265 2002 ;
285 1926 376 2007 quod
389 1926 474 1988 haec
488 1925 553 1987 illis
566 1928 593 1988 si
604 1927 720 1988 vivant
732 1926 916 1988 secundum
930 1934 1112 2006 praecepta
1127 1924 1197 1986 Do-

122 2015 186 2090 mini,
197 2018 389 2102 intelligitur
404 2040 465 2102 per
479 2025 498 2053 ‘⁴
508 2019 650 2084 Utinam
664 2020 808 2106 popuplus
824 2041 919 2083 meus
931 2019 1084 2083 obediret
1102 2005 1196 2094 Mihi,

122 2117 147 2168 et
159 2108 241 2175 Israel
258 2115 292 2176 in
307 2116 370 2177 viis
389 2115 473 2176 meis
492 2114 705 2178 ambularent
718 2115 745 2191 ;”
766 2116 868 2177 “viae
877 2114 891 2138 ’¹
910 2116 943 2176 in
961 2113 1077 2176 Verbo
1093 2116 1197 2194 signi-

123 2197 194 2266 ficant
209 2227 281 2270 vera
299 2218 335 2271 et
354 2229 489 2290 quoque
508 2219 702 2290 praecepta,
722 2229 761 2271 ac
783 2207 986 2271 “ambulare
995 2207 1010 2232 ”
1029 2207 1197 2288 significat

124 2295 209 2362 vivere.
250 2302 354 2385 Apud
373 2302 530 2378 eundem,

158 2441 259 2504 ‘'hnda
271 2446 476 2508 Hierosolyma,
485 2446 633 2510 Jehovam;
647 2446 780 2505 collauda,
789 2445 865 2505 Zion,
879 2446 966 2496 Deum
976 2455 1052 2496 tuum
1062 2460 1068 2502 ;
1084 2459 1147 2495 nam
1156 2445 1199 2495 fir-

215 2521 266 2561 mat
274 2510 367 2561 vectes
377 2522 516 2574 portarum
527 2522 647 2561 tuarum:
666 2512 801 2560 benedicit
813 2511 875 2560 filiis
887 2512 940 2561 tuis
954 2513 982 2560 in
994 2512 1084 2560 medio
1094 2511 1142 2568 tui,
1153 2513 1198 2574 qui

216 2577 287 2690 ppplit
294 2578 444 2700 ›terminnm
453 2587 527 2625 tuum
537 2591 640 2640 pacem,
651 2577 729 2639 adipe
737 2576 888 2626 triticorum
896 2577 976 2625 satiat
986 2587 1012 2625 te
1020 2576 1033 2595 '¹
1041 2576 1096 2638 (Ps.
1108 2577 1196 2626 cxlvii.

275 2656 293 2702 4
311 2659 317 2692 :

126 2781 163 2840 les
172 2768 462 2855 “Hierosolymam
471 2772 487 2796 ”
498 2784 533 2836 et
548 2781 567 2804 “
577 2769 718 2837 Zionem
729 2772 744 2796 ”
758 2773 959 2855 intelligitur
972 2773 1126 2845 ecclesia,
1141 2794 1200 2854 per

127 2855 418 2947 ‘'Hierosolymam”
445 2865 589 2930 ecclesia
615 2860 740 2949 quoad¹
757 2888 836 2930 vera
863 2864 1046 2941 doctrinae,
1076 2877 1111 2929 et
1142 2887 1200 2948 per

126 2947 276 3023 “Zionem'’
292 2960 439 3024 ecclesia
455 2961 565 3042 quoad
585 2961 674 3023 bona
693 2961 837 3037 amoris;
864 2963 947 3043 “qui
967 2962 1063 3042 ponit
1083 2960 1199 3023 termi-

126 3061 176 3111 num
190 3062 276 3119 tuum
295 3075 416 3137 pacem
425 3054 441 3078 '¹
456 3053 624 3136 significat
640 3056 754 3117 omnia
771 3055 854 3118 caeli
874 3065 909 3118 et
928 3055 1103 3129 ecclesiae,
1121 3074 1200 3116 nam

126 3140 299 3212 '‘terminus’‘
315 3147 486 3231 significat
506 3151 619 3212 omnia
638 3148 715 3226 illa;
741 3149 868 3232 “adipe
887 3150 1076 3212 triticorum
1096 3148 1199 3210 satiat

124 3235 319 3324 te''significat
337 3244 431 3307 omni
446 3245 538 3307 bono
553 3245 676 3307 amoris
692 3253 727 3307 et
744 3244 921 3325 sapientia,
938 3250 956 3275 “
968 3243 1073 3324 adeps
1081 3241 1095 3265 ”
1112 3243 1201 3304 enim

124 3327 251 3410 significat
268 3340 395 3402 bonum
412 3339 547 3413 amoris
565 3348 599 3400 et
619 3338 797 3400 “triticum
806 3336 821 3361 ”
837 3338 950 3400 omnia
966 3357 1052 3419 quae
1067 3357 1113 3398 ex
1130 3334 1199 3410 illo,

124 3440 179 3502 quae
191 3435 261 3514 quia
277 3455 322 3496 ex
343 3434 435 3497 bono
451 3443 529 3495 sunt
547 3433 650 3496 etiam
670 3433 760 3496 bona
776 3443 876 3508 sunt;
899 3433 977 3514 quia
995 3430 1080 3494 haec
1097 3431 1200 3511 signi·

123 3511 236 3601 ficantur,
256 3527 333 3590 ideo
353 3527 476 3590 dicitur
496 3526 628 3608 “adeps
649 3524 866 3589 triticorum.”

164 3623 216 3711 [d]
245 3629 351 3712 Apud
373 3627 571 3700 Hosclream,

156 3771 236 3825 '‘bixir
248 3773 395 3840 Jehovab”
409 3773 444 3822 ad
461 3772 629 3835 prophetam,
646 3772 768 3821 “Denuo
782 3772 836 3829 abi,
852 3786 915 3820 ama
929 3771 1070 3820 mulierem
1085 3779 1202 3819 amatam

216 3842 290 3890 cocio
300 3850 328 3890 et
340 3839 548 3895 adulterantem,
562 3837 638 3899 juxta
648 3850 770 3887 amorem
782 3837 902 3901 jehovae
916 3851 981 3898 erga
996 3836 1066 3885 filios
1082 3836 1199 3891 Israelis,

216 3907 284 3956 ethi
302 3905 479 3968 respicientes
497 3903 531 3952 ad
548 3903 614 3952 deos
625 3903 704 3959 alios,
720 3912 747 3951 et
761 3912 884 3951 amantes
902 3903 1014 3963 lagenas
1029 3915 1157 3949 uvarum:
1176 3909 1203 3949 et

217 3971 368 4034 comparavi
381 3984 442 4019 eam
455 3968 521 4017 mihi
534 3982 580 4030 per
593 3967 745 4031 quindecim
757 3968 871 4029 argenti,
883 3977 1014 4016 eteorum
1027 3967 1200 4024 bordeorum,

217 4047 241 4086 et
252 4038 416 4087 amicorum
428 4034 591 4082 hordeorurn
599 4032 613 4052 ''
625 4033 673 4095 (iil.
687 4046 709 4091 1,
721 4039 760 4094 a>=

128 4178 166 4243 ll?
183 4170 236 4238 hoc
259 4171 580 4258 repraesentabatur
607 4170 763 4234 Ecclesia
785 4171 925 4252 Judaica
951 4180 986 4233 et
1016 4169 1204 4233 Israelitica

128 4260 288 4338 uulnerat
310 4267 426 4352 quoad
450 4262 638 4329 doctrinam
661 4275 697 4329 et
721 4266 861 4341 cultum,
885 4265 975 4348 quod
1000 4285 1121 4346 nempe
1144 4285 1204 4345 per

130 4358 287 4427 traditiones
304 4383 411 4427 vanas
434 4359 661 4424 falsificaverit
681 4363 795 4423 omnia
814 4360 930 4434 Verbi,
951 4362 1089 4423 tametsi
1113 4360 1146 4421 id
1167 4367 1202 4421 ut

131 4448 243 4521 landum
263 4458 463 4536 coluerunt;
492 4454 642 4518 “mulier
665 4464 779 4518 amata
803 4457 896 4518 socio
922 4464 957 4517 et
981 4453 1178 4516 adulterans
1188 4450 1204 4474 ”
