2716 4986
378 534 458 584 cnr.
475 535 564 595 vni,
582 533 685 584 vens.
702 533 811 602 7.-Ν.
831 518 955 602 504[a].
1144 531 1222 599 1235

99 703 155 769 cui
171 703 335 785 splendor
351 706 574 778 circumcirca,
591 715 626 768 et
645 726 690 767 ex
708 725 774 787 quo
792 703 912 784 fulgur,
929 713 964 767 et
981 723 1114 785 quoque
1133 703 1223 766 circa

100 800 275 872 thronum,
296 809 330 862 et
354 820 373 861 a
397 799 518 861 lumbis
541 798 698 875 Sedentis
721 818 820 878 super
837 798 896 861 illo
915 816 1043 859 sursum
1063 807 1097 859 et
1122 797 1221 859 deor·

102 912 190 967 sum,
215 893 381 974 significet
407 893 564 956 Divinum
588 892 752 956 Amorem
775 891 970 964 caelestem,
995 901 1112 972 patet;
1144 909 1222 953 nam

102 987 183 1069 lpse
208 987 374 1050 Dominus
397 999 449 1051 est
473 988 614 1051 Divinus
634 987 753 1062 Amor,
773 998 808 1050 et
827 986 983 1069 quicquid
1003 985 1156 1067 procedit
1176 1006 1220 1047 ex

103 1081 257 1144 Domino
280 1083 432 1163 procedit
455 1103 499 1144 ex
521 1082 645 1144 Divino
664 1081 772 1164 Ipsius
791 1080 940 1157 Amore;
964 1079 1017 1142 hic
1036 1081 1150 1161 itaque
1169 1088 1222 1142 est

102 1175 246 1257 “ignis”
269 1176 320 1238 cui
345 1175 506 1256 splendor
528 1176 751 1238 circumcirca.
797 1173 957 1238 Similiter
979 1174 1067 1255 apud
1095 1172 1223 1235 Danie-

101 1269 178 1345 lem,

155 1403 265 1453 “Venit
277 1404 311 1452 ad
323 1404 471 1467 Antiquum
480 1405 596 1453 dierum.
607 1441 613 1454 .
623 1441 629 1454 .
639 1420 659 1455 .:
683 1405 828 1454 ....vestis
837 1403 903 1466 Ejus
915 1405 983 1452 sicut
996 1404 1041 1452 nix
1053 1403 1122 1460 alba,
1136 1411 1163 1452 et
1175 1403 1224 1451 cri·

237 1470 279 1518 uis
296 1469 391 1531 capitis
402 1469 467 1531 Ejus
479 1470 547 1518 sicut
559 1469 746 1527 lanamundau
764 1470 878 1518 thronus
892 1468 957 1531 Ejus
969 1468 1078 1517 llarnma
1090 1469 1169 1530 ignis,
1181 1482 1224 1516 ro·

235 1543 279 1583 tae
288 1534 354 1596 Ejus
364 1535 434 1596 ignis
444 1536 542 1584 ardens
552 1549 558 1593 ;
577 1535 675 1583 flumen
687 1535 758 1596 ignis
765 1549 896 1583 emanans
904 1545 930 1584 et
942 1536 1077 1583 exiensex
1089 1534 1135 1581 illo
1144 1532 1158 1551 ”
1166 1532 1221 1595 (vii.

238 1596 304 1664 [1³·l
315 1615 338 1661 9·
352 1602 406 1661 10)=

102 1763 165 1825 per
190 1746 209 1773 ‘⁴
222 1740 410 1823 Antiquum
435 1741 587 1804 dierum”
606 1743 708 1803 etiam
729 1740 930 1822 intelligitur
951 1740 1137 1816 Dominus;
1165 1759 1223 1820 per

103 1836 257 1899 “Filium
278 1835 445 1898 hominis”
464 1837 508 1897 ibi
532 1836 697 1897 Dominus
716 1835 827 1917 quoad
851 1835 1008 1897 Divinum
1028 1834 1167 1907 Verum,
1187 1843 1221 1896 et

102 1949 164 2012 per
185 1934 205 2013 ‘J
214 1928 403 2010 Antiquum
422 1929 551 1991 dierum
561 1929 575 1952 ’¹
596 1929 761 1991 Dominus
780 1928 891 2011 quoad
912 1928 1071 1990 Divinum
1092 1927 1222 1991 Bonum

102 2045 163 2087 seu
189 2023 345 2085 Divinum
370 2022 545 2095 Amorem,
565 2024 620 2105 qui
645 2022 846 2105 “Antiquus
865 2023 1015 2085 dierum”
1034 2023 1154 2085 dicitur
1178 2044 1222 2086 ex

103 2129 261 2198 tempore
279 2119 523 2198 antiquissimo,
544 2118 681 2199 quando
700 2117 842 2179 ecclesia
862 2107 1018 2178 caelestis
1037 2126 1120 2189 erat,
1137 2136 1222 2198 quae

101 2215 136 2276 in
165 2232 278 2273 amore
308 2213 340 2272 in
369 2212 550 2273 Dominum
578 2211 657 2274 luit:
694 2211 751 2273 illa
781 2210 933 2283 ecclesia,
958 2221 992 2273 et
1020 2209 1150 2272 caelum
1177 2231 1222 2273 ex

101 2305 242 2387 illisqui
265 2305 342 2366 inde
363 2304 504 2379 suerunt,
526 2305 725 2385 intelligitur
744 2325 803 2386 per
823 2304 1038 2378 “thronum’'
1058 2305 1113 2384 qui
1136 2305 1221 2366 sicut

103 2399 268 2462 “flamma
287 2400 374 2479 ignis
387 2399 412 2475 ;”
436 2420 494 2481 per
514 2407 635 2461 “rotas
646 2400 660 2422 ”
679 2409 805 2473 autem,
825 2420 909 2481 quae
929 2400 1014 2460 sicut
1036 2398 1150 2478 “ignis
1169 2418 1221 2460 ar·

101 2493 218 2566 dens‚”
237 2492 443 2574 significatur
466 2491 619 2556 dodlrina
642 2495 765 2556 amoris
784 2493 960 2568 caelestis;
988 2492 1057 2572 ipse
1082 2492 1223 2554 Divinus

104 2588 216 2651 Amor
234 2587 424 2668 procedens
442 2608 486 2649 ex
508 2587 657 2650 Domino
672 2586 879 2668 significatur
895 2606 953 2667 per
971 2588 1111 2667 “ignem
1129 2605 1221 2647 ema-

104 2692 245 2744 nantem
266 2690 300 2743 et
320 2690 504 2743 exeuntem
525 2702 544 2743 a
567 2700 680 2744 coram
702 2681 808 2762 lpso.’'
853 2680 1062 2743 Memoratur
1080 2680 1183 2742 etiam
1202 2701 1222 2742 a

103 2762 246 2839 Daniele
267 2775 356 2857 quod
376 2777 405 2837 ei
427 2777 516 2837 visus
535 2776 577 2838 sit

153 2918 228 2968 “Vir
237 2918 345 2967 indutus
358 2918 456 2976 linteis,
466 2917 542 2980 cujus
552 2919 635 2967 lumbi
648 2915 727 2967 cindli
736 2933 802 2967 auro
811 2917 924 2980 Upltasi,
934 2928 961 2966 et
970 2933 1066 2980 corpus
1077 2917 1143 2980 Ejus
1155 2918 1223 2967 sicut

234 2983 421 3040 Tharschisch,
436 2994 462 3032 et
479 2983 561 3032 iacies
578 2983 643 3045 Ejus
661 2984 729 3031 sicut
745 2981 870 3046 aspedlus
885 2983 1005 3045 fulguris.
1020 2994 1046 3032 et
1067 2983 1137 3032 oculi
1156 2982 1223 3046 Ejus

234 3049 301 3125 sicut
310 3048 386 3174 ‘faties
399 3049 485 3174 iggs,
506 3060 533 3097 et
546 3049 655 3096 brachia
666 3057 693 3097 et
705 3049 787 3110 pedes
801 3047 866 3110 Ejus
881 3050 948 3097 sicut
963 3049 1090 3110 splendor
1102 3049 1172 3098 aeris
1186 3049 1227 3098 le·-

233 3124 317 3175 vrgau
359 3129 384 3163 x.
396 3126 419 3172 5.
457 3151 463 3163 .

103 3254 204 3338 Quod
225 3256 390 3318 Dominus
409 3257 505 3320 suerit
525 3258 580 3339 qui
600 3259 647 3320 ita
663 3258 753 3319 visus
770 3256 913 3330 Danieli,
931 3267 1088 3319 constare
1105 3266 1225 3338 potest,

102 3371 146 3414 ex
164 3349 380 3431 Apocalypsi,
398 3351 453 3412 ubi
471 3350 635 3412 Dominus
652 3371 765 3414 coram
778 3349 931 3431 Johanne
948 3370 1055 3431 paene
1068 3350 1232 3414 similiter·

102 3454 377 3527 repraesentatus
393 3455 457 3518 est,
480 3445 521 3506 de
542 3443 619 3524 Quo
638 3446 695 3519 ita,

153 3590 170 3611 ‘⁸
179 3587 211 3636 ln
225 3587 314 3635 medio
324 3598 426 3648 septem
437 3588 658 3636 candelabrorum
671 3589 767 3637 similis
778 3588 845 3637 filio
858 3588 975 3636 hominls
978 3625 1047 3646 .....
1053 3589 1232 3640 circumduc·-

229 3663 276 3711 ,tus
286 3653 319 3700 ad
329 3655 410 3701 ubera
420 3668 488 3701 zona
498 3668 579 3701 aurea
590 3669 597 3711 ·,
614 3664 693 3714 caput
706 3654 793 3716 lpslus
802 3664 828 3702 et
838 3654 925 3715 capilli
935 3655 988 3702 albi
1001 3655 1069 3702 sicut
1079 3655 1141 3702 lana
1150 3656 1219 3714 alba,

232 3718 302 3766 sicut
310 3719 363 3774 nix,
374 3728 400 3766 et
413 3719 481 3766 oculi
497 3719 562 3780 Ejus
572 3719 639 3767 sicut
651 3719 760 3767 flamma
767 3719 837 3780 ignis
848 3733 854 3776 ;
873 3719 954 3780 pedes
965 3719 1029 3781 Ejus
1037 3720 1140 3768 similes
1149 3721 1221 3769 chal-

233 3783 359 3909 (colibano
372 3785 446 3846 quasi
463 3785 490 3831 in
503 3784 610 3832 camino
623 3785 700 3846 igniti
712 3782 775 3833 iadli
786 3799 804 3842 ς.
815 3821 820 3833 .
831 3821 837 3833 .
848 3782 984 3846 .aspedlus
998 3784 1064 3847 Ejus
1076 3786 1144 3834 sicut
1156 3785 1197 3834 sol
1206 3785 1221 3806 '¹

245 3849 262 3898 i.
276 3849 372 3907 1346,
390 3863 448 3910 cap.
461 3850 487 3898 ii.
502 3849 557 3910 rel:

101 4012 145 4054 ex
165 3991 392 4072 descriptione
416 4012 522 4073 paene
546 3992 643 4054 simili
676 3992 779 4054 “Filii
802 3992 969 4055 hominis”
989 3993 1050 4056 visi
1071 3992 1219 4074 Johanni

101 4085 134 4148 in
157 4086 270 4148 medio
292 4098 425 4166 septem
449 4086 738 4161 candelabrorum,
760 4107 798 4150 ac
820 4085 922 4149 “Viri
945 4087 1052 4149 induti
1076 4087 1218 4163 linteis,”

102 4190 174 4242 tum
195 4178 366 4262 “Antiqui
390 4181 516 4242 dierum
526 4180 540 4205 ”
559 4181 618 4243 visi
643 4180 785 4255 Danieli,
805 4191 900 4261 patet
920 4181 1009 4263 quod
1034 4182 1076 4244 sit
1101 4181 1219 4245 Domi·

102 4294 163 4336 nus
181 4275 235 4356 qui
252 4275 382 4356 utrique
399 4277 488 4337 visus
504 4284 576 4352 est;
600 4276 689 4357 quod
708 4275 837 4338 “facies
856 4275 963 4357 Ipsius
980 4277 1050 4337 visa
1068 4276 1112 4339 sit
1131 4277 1217 4340 sicut

101 4367 220 4449 fulgur,
237 4378 272 4431 et
292 4368 378 4432 oculi
395 4370 481 4432 sicut
500 4367 636 4431 flamma
652 4368 767 4450 ignis,”
783 4368 949 4449 significat
969 4369 1128 4432 Divinum
1146 4370 1217 4433 Do·
1268 4423 1269 4426 ,

102 4464 181 4527 mini
200 4463 386 4542 Amorem3
412 4463 513 4526 facies
535 4464 625 4528 enim
648 4464 737 4545 apud
760 4463 932 4527 hominem
955 4473 1007 4526 est
1031 4464 1145 4546 imago
1163 4485 1217 4529 re·
