2684 4988
378 508 456 557 CAP.
473 507 562 569 vlu„
579 506 680 556 VERS.
702 507 826 556 11.-N.
846 509 915 574 522.
1124 509 1199 575 1301

96 671 159 735 sari
188 688 230 745 (ue
247 701 298 745 qua
313 701 392 745 supra,
409 700 433 733 n.
451 672 501 751 78,
519 672 587 740 186,
603 672 673 751 383,
689 672 787 751 487);
814 683 851 736 et
879 694 925 735 ex
953 671 1203 754 significatione

99 763 306 848 ‘aquarum,’'
333 764 422 846 quod
449 765 516 826 sint
545 762 638 838 salsa,
662 763 715 826 hic
746 764 829 827 salsa
859 764 937 827 mali
964 766 1040 846 quia
1069 761 1204 827 “ladlae

96 857 329 921 ibsinthium:''
358 859 466 919 omnis
497 858 586 920 enim
611 859 681 920 vita
708 858 899 938 spiritualis,
924 879 1010 940 quae
1040 860 1142 921 etiam
1171 860 1204 921 in

96 951 203 1015 llerbo
226 961 367 1015 vocatur
391 951 518 1025 “vita’'
540 971 580 1014 ac
605 953 704 1014 “vita
727 952 894 1026 aeterna,”
917 962 969 1015 est
996 951 1122 1015 homini
1146 972 1205 1033 per

96 1065 184 1122 rera3
215 1055 251 1108 et
279 1047 389 1107 omnis
416 1064 506 1107 mors
534 1045 725 1126 spiritualis,
748 1066 834 1128 quae
861 1055 914 1110 est
941 1047 1126 1120 damnatio,
1150 1055 1204 1109 est

96 1140 213 1202 romini
244 1159 304 1221 per
330 1139 413 1201 salsa
440 1139 529 1211 mali,
558 1140 718 1219 imprimis
746 1161 804 1221 per
832 1139 916 1203 salsa
947 1140 1025 1202 mali
1057 1141 1090 1201 in
1118 1161 1204 1222 quae

96 1252 190 1295 tomo
214 1235 382 1296 convertit
405 1254 484 1295 vera
507 1233 631 1296 Verbi:
660 1255 704 1296 ex
728 1234 846 1315 quibus
873 1244 970 1315 patet
996 1233 1074 1316 quid
1103 1233 1204 1297 intel·

96 1327 201 1406 igitur
228 1347 287 1408 per
313 1327 402 1410 quod
428 1326 553 1389 “multi
583 1327 736 1390 homines
767 1329 889 1391 mortui
915 1328 983 1390 sint
1016 1347 1060 1389 ex
1088 1325 1206 1408 aquis”

96 1417 183 1482 'abiis
202 1421 416 1483 absinthium.

144 1530 238 1597 522.
267 1515 364 1584 “Ouia
385 1535 513 1577 emeras
536 1516 643 1578 iectus
662 1515 909 1597 sunl.''-Quod
932 1515 1101 1596 significet
1124 1515 1207 1596 quia

96 1628 165 1668 iera
187 1606 288 1669 Verbi
292 1607 483 1689 falsificata
499 1618 586 1681 sunt,
601 1618 737 1671 constat
754 1629 798 1670 ex
813 1607 1058 1689 significatione
1073 1614 1205 1689 “aqua-

96 1700 182 1763 ·um”
204 1701 237 1763 in
263 1701 419 1763 “fluviis’'
442 1714 477 1764 et
505 1703 538 1765 in
564 1702 768 1776 “lontibus‘'
790 1703 880 1783 quod
907 1703 974 1765 sint
1002 1723 1081 1764 vcra
1105 1700 1204 1763 intel·

98 1790 195 1855 edtus
217 1802 253 1855 et
274 1813 354 1855 vera
376 1790 551 1856 dodlrinae
574 1809 799 1867 (dequasuprm.
814 1794 947 1875 518[a]);
977 1802 1012 1857 et
1034 1814 1079 1856 ex
1098 1793 1205 1875 signi·

96 1881 244 1948 icatione
269 1886 399 1948 “amari
410 1885 426 1910 ”
444 1895 479 1949 et
503 1884 793 1960 “amaritudinis'’
815 1885 905 1968 quod
926 1887 972 1949 sit
995 1884 1205 1947 falsificatum

96 1997 145 2040 >er
168 1979 447 2042 commixtionem
475 1980 543 2041 veri
570 1999 645 2041 curn
673 1978 763 2041 salsis
789 1979 890 2056 mali;
921 1999 980 2060 per
1003 1977 1206 2042 “amarum”

96 2072 174 2134 enim
192 2072 245 2134 bic
265 2073 463 2153 intelligitur
480 2093 629 2135 amarum
649 2074 818 2148 absinthii,
836 2083 871 2137 et
888 2073 1120 2137 “absinthium
1130 2073 1144 2097 ”
1160 2094 1206 2135 ex

96 2183 144 2227 rua
170 2166 393 2229 amaritudine
420 2165 587 2247 significat
614 2186 729 2229 verum
757 2168 901 2230 mixtum
931 2166 1015 2229 salso
1042 2166 1131 2240 mali,
1158 2168 1207 2231 ita

96 2275 204 2319 rerum
220 2256 435 2320 falsificatum
453 2275 494 2331 (ue
503 2287 552 2330 quo
560 2285 640 2331 supra,
649 2287 673 2319 n.
686 2273 767 2339 519).
802 2257 1024 2321 “Amanum''
1040 2258 1072 2323 in
1087 2258 1206 2322 Verbo

96 2348 254 2430 significat
290 2349 528 2429 injucundum3
568 2351 628 2411 sed
664 2350 753 2413 aliud
790 2350 1002 2431 injucundum
1038 2349 1206 2431 siguificat

96 2459 236 2506 imarum
260 2464 304 2505 ex
328 2444 507 2515 absinthio,
527 2442 617 2506 aliud
641 2444 855 2525 injucundum
879 2464 1028 2510 amarum
1048 2465 1092 2507 ex
1116 2444 1204 2516 selle,

96 2546 118 2600 et
146 2537 237 2599 aliud
266 2537 480 2616 injucundum
510 2557 660 2600 amarum
687 2539 837 2614 cicutae;
872 2538 961 2602 aliud
991 2538 1205 2618 injucundum

96 2631 253 2713 rignificat
264 2652 414 2693 amarum
425 2628 547 2694 lrudlus
559 2634 727 2695 immaturi
740 2653 747 2709 ;
767 2643 801 2695 et
812 2632 901 2695 aliud
912 2632 1125 2713 injucundum
1136 2634 1205 2714 sig-

96 2723 201 2787 riticat
221 2744 371 2786 amarum
390 2725 480 2808 quod
500 2745 567 2787 non
591 2746 635 2787 ex
655 2725 767 2788 herbis
790 2745 851 2788 nec
871 2747 915 2787 ex
936 2722 1113 2804 srudlibus3
1139 2726 1205 2790 hoc

96 2837 236 2881 ‚marum
261 2817 427 2898 significat
451 2817 604 2881 dolorem
628 2820 751 2881 mentis
774 2829 809 2881 et
831 2820 1043 2883 anxietatem
1066 2841 1111 2882 ex
1131 2821 1205 2901 plu·

96 2912 176 2975 ibus
192 2913 309 2975 causis
355 2911 410 2975 Ex
430 2912 481 2974 his
497 2923 654 2975 constare
671 2922 787 2994 potest
803 2913 881 2995 quid
899 2914 932 2975 in
950 2913 1066 2977 Verbo
1083 2919 1205 2976 “ama-

96 3004 273 3070 itudines”
299 3004 491 3086 significant
520 3007 554 3068 in
584 3007 801 3090 sequentibus
831 3005 1085 3089 locis:-Apud
1113 3004 1205 3071 Esa-

96 3120 165 3174 am,

136 3230 221 3280 “Vae
230 3231 378 3281 dicentibus
387 3233 421 3281 de
433 3233 505 3281 malo
515 3234 615 3282 bonum
627 3242 655 3283 et
666 3234 781 3282 debono
790 3233 900 3291 malurn,
911 3232 1072 3294 ponentibus
1081 3235 1206 3283 tenebras

221 3299 248 3345 in
259 3297 343 3345 lucem
353 3307 380 3348 et
392 3298 476 3347 lucem
486 3299 513 3346 in
524 3301 656 3357 tenebras,
668 3299 829 3361 ponentibus
838 3312 958 3346 amarum
972 3299 999 3346 in
1007 3298 1082 3347 dulce
1091 3307 1118 3347 et
1129 3298 1206 3348 dulce

221 3362 248 3410 in
261 3377 380 3410 amarum
391 3379 409 3412 :.
420 3400 425 3412 .
436 3400 442 3412 .
452 3378 513 3412 ,vae
528 3363 652 3412 heroibus
664 3364 698 3411 ad
712 3363 858 3425 potandum
870 3364 971 3421 vinum,
985 3371 1013 3412 et
1024 3363 1087 3412 viris
1101 3363 1206 3413 roboris

218 3427 252 3475 ad
264 3428 429 3476 miscendum
441 3429 553 3477 siceram
561 3427 576 3447 ”
588 3427 623 3488 (v.
636 3440 675 3486 20,
688 3428 744 3489 22);

96 3539 177 3623 ipud
197 3540 352 3614 eundem,

138 3655 155 3677 ‘¹
163 3652 277 3716 Lugebit
289 3662 415 3711 mustum,
429 3655 584 3717 languescet
596 3654 667 3713 vitis,
682 3664 791 3717 gement
802 3669 897 3705 omnes
909 3655 972 3704 laeti
984 3655 1206 3714 corde;....cu1u

217 3728 297 3767 cantu
311 3734 366 3768 non
379 3719 471 3768 bibent
485 3720 587 3778 vinum,
601 3733 694 3769 amara
705 3720 755 3769 erit
766 3720 852 3769 sicera
865 3719 1017 3770 bibentibus
1029 3735 1088 3769 eam
1096 3719 1110 3740 ”
1121 3718 1205 3781 (xxiv.

219 3795 242 3843 7,
253 3785 295 3845 9);

96 3906 176 3989 ιρυά
195 3905 322 3981 Mosen,

141 4018 219 4083 Quod
234 4034 318 4082 aquae
334 4020 360 4068 in
376 4019 480 4079 Marah,
495 4036 562 4085 quae
576 4037 630 4071 non
645 4022 700 4072 bibl
750 4032 839 4072 terant
853 4037 915 4085 prae
927 4024 1113 4085 amaritudine,
1128 4039 1207 4076 sana-

217 4094 260 4133 tae
272 4085 327 4133 sint
340 4099 387 4147 per
400 4086 502 4148 lignum
516 4088 555 4135 eis
570 4085 698 4149 injectum
710 4037 804 4149 ΕΜ.
816 4102 859 4137 xv.
872 4088 978 4148 23-25);

141 4148 351 4274 Ouedstffigre.
362 4150 499 4278 ἱαεῶξῗζιῗ
508 4153 679 4202 comederent
688 4167 783 4216 azyma
792 4167 873 4216 super
880 4153 1047 4205 amatoribus
1055 4154 1148 4218 (Eud
1156 4155 1202 4204 xil.

96 4330 175 4409 apud
194 4329 351 4405 eundem,

141 4443 220 4508 Quod
229 4457 314 4506 aquae
324 4440 482 4492 maledidlae
491 4445 619 4493 dareutsu
628 4446 704 4495 uxori
713 4455 852 4495 accusatae
861 4445 984 4496 adulterii
996 4445 1124 4505 emerito,
1135 4460 1204 4511 quae
