2716 4986
178 476 258 554 1284
483 488 732 539 Arocsuursis
756 486 983 538 unaucurt.

225 657 343 720 “Aquae
361 666 489 705 exeuntes
506 657 539 706 de
557 657 607 706 sub
625 656 717 706 limine
736 655 840 706 Domus
847 655 862 676 ”
878 655 927 705 Dei
945 658 1065 705 “versus
1083 657 1281 706 orientem:....

303 722 344 770 vir
361 723 435 771 duxit
453 737 496 770 me
514 733 540 771 et
559 722 662 771 reduxit
680 737 723 770 me
741 737 821 784 super
838 723 895 784 ripa
912 722 1001 777 fluvii;
1020 737 1081 770 curn
1098 723 1220 778 redirem,
1235 735 1284 769 ecce

304 803 383 849 super
396 789 452 849 ripa
467 788 539 836 fluvii
552 790 632 836 arbor
644 789 727 836 multa
740 788 817 835 valde
831 788 893 836 hinc
907 799 934 835 et
948 789 1036 835 illinc:
1055 788 1124 835 dixit
1127 825 1197 842 .....
1202 786 1285 835 Omnis

302 854 392 900 anima
407 855 501 902 vivens
515 868 582 916 quae
598 862 691 914 reptat,
708 867 865 915 quocunque
881 854 1003 901 venerint
1018 853 1102 909 fluvii,
1120 853 1209 909 vivet;
1226 852 1286 900 unde

303 918 331 967 fit
346 919 426 980 piscis
442 918 540 966 multus
552 918 639 974 valde,
654 918 716 981 qula
728 918 839 966 veniunt
853 933 886 966 eo
900 933 985 980 aquae
999 919 1059 970 hae.
1074 928 1101 966 et
1116 928 1252 974 sanantur,
1264 927 1287 964 ut

302 985 375 1031 vivat
393 999 474 1031 omne
488 998 541 1046 quo
556 984 659 1032 venerit
677 983 772 1031 tluvlus
783 999 801 1032 :.
812 1020 818 1031 .
828 1021 834 1032 .
845 998 936 1044 ‚porro
954 983 1029 1044 juxta
1048 983 1160 1031 fluvium
1179 983 1287 1032 ascendit

304 1063 385 1110 super
400 1050 456 1110 ripa
470 1049 529 1110 ejus
547 1049 609 1097 hinc
626 1058 653 1096 et
672 1049 743 1096 illinc
761 1049 850 1097 omnis
864 1051 944 1096 arbor
958 1049 1018 1103 cibi,
1036 1049 1114 1110 cujus
1130 1062 1185 1096 non
1200 1048 1287 1096 decidit

304 1114 406 1170 lolium,
419 1129 504 1177 neque
517 1115 684 1162 consumitur
696 1111 797 1162 trudlus
807 1114 882 1174 ejus:
901 1115 927 1161 in
941 1129 1049 1160 menses
1062 1128 1128 1162 suos
1142 1115 1286 1168 renascitur,

303 1179 365 1242 quia
375 1194 460 1242 aquae
472 1179 531 1241 ejus
543 1195 558 1227 e
570 1176 724 1227 sanCluario
736 1188 799 1227 eunt
811 1189 940 1228 exeuntes
948 1179 961 1196 ''
974 1180 1057 1239 (xlvii.
1073 1180 1164 1240 1-12):

171 1319 257 1382 haec
270 1339 404 1401 quoque
417 1317 594 1400 explicata
610 1328 690 1382 sunt
706 1339 807 1400 supra
819 1332 962 1395 (n.422[c]
973 1341 997 1378 et
1008 1332 1125 1398 513[a])
1138 1339 1145 1396 ;
1165 1338 1210 1381 ex
1222 1319 1286 1400 qui·

172 1412 233 1473 bus
249 1421 345 1492 patet
359 1411 448 1492 quod
466 1431 523 1491 per
537 1417 669 1492 “aquas
682 1420 879 1473 exeuntcse
894 1410 1006 1472 Domo
1024 1409 1088 1473 Dei
1102 1432 1219 1474 versus
1231 1411 1287 1472 ori·

171 1503 308 1567 entem’'
327 1503 532 1585 significetur
552 1504 710 1567 Divinum
731 1503 859 1567 Verum
883 1505 1072 1585 procedens
1091 1526 1110 1566 a
1136 1505 1287 1577 Domino,

171 1598 311 1661 influens
333 1599 421 1679 apud
445 1599 520 1661 illos
544 1599 598 1680 qui
622 1600 654 1660 in
679 1599 770 1661 bono
792 1601 915 1662 amoris
939 1610 1036 1674 sunt;
1063 1609 1098 1661 et
1123 1598 1214 1681 quod
1237 1618 1288 1680 per

172 1699 190 1723 ‘¹
201 1691 346 1764 fluvium,
364 1713 462 1772 super
479 1692 570 1773 cujus
586 1693 656 1774 ripa
673 1693 781 1755 omnis
798 1693 896 1755 arbor
913 1693 987 1764 cibi,
1004 1704 1039 1754 et
1057 1715 1077 1754 a
1093 1693 1186 1773 cujus
1202 1693 1288 1775 aquis

172 1787 281 1848 omnis
298 1787 408 1848 anima
426 1797 563 1867 reptans
579 1788 672 1858 vivit,
690 1787 778 1848 unde
798 1787 897 1867 piscis
914 1786 1069 1857 multus‚”
1086 1784 1287 1867 significetur

171 1879 397 1962 intelligentia
416 1902 459 1943 ex
483 1882 677 1961 receptione
702 1881 812 1942 Divini
833 1880 934 1956 Veri;
959 1881 1047 1942 unde
1067 1882 1182 1942 omnia
1205 1879 1288 1961 apud

170 1975 351 2048 hominem,
370 1986 440 2036 tam
456 1974 525 2054 ejus
541 1973 735 2038 affectiones
751 1985 786 2037 et
804 1975 1038 2055 perceptiones
1056 1995 1157 2056 quam
1175 1975 1286 2055 cogni·

170 2069 280 2131 tiones
297 2080 331 2131 et
348 2068 542 2142 scientifica,
560 2079 594 2131 et
612 2069 689 2131 inde
706 2069 944 2151 cogitationes,
961 2070 1067 2131 vitam
1085 2069 1286 2150 spiritualem

171 2163 408 2243 adipiscuntur.
454 2164 557 2243 Apud
577 2162 773 2238 Jeremiam,

223 2305 411 2356 “Benedictus
429 2309 471 2356 vir
487 2309 531 2371 qui
550 2308 658 2357 confidit
676 2309 702 2356 in
721 2307 842 2372 Jehovalr
853 2308 975 2362 :....erit
993 2309 1062 2356 sicut
1079 2310 1160 2357 arbor
1176 2308 1288 2370 planura

301 2373 377 2435 juxta
394 2387 486 2436 aquas,
503 2383 529 2421 et
547 2373 622 2434 juxta
640 2373 749 2421 fluvium
767 2374 864 2422 emittit
880 2374 981 2422 radices
996 2388 1075 2429 suas:
1094 2388 1181 2437 neque
1195 2373 1288 2422 videbit

301 2453 360 2486 curn
374 2439 476 2487 venerit
488 2449 586 2496 aestus,
601 2439 648 2487 sed
660 2439 710 2487 erit
722 2438 815 2487 lolium
828 2439 887 2500 ejus
899 2439 984 2487 viride
992 2437 1007 2456 ”
1019 2439 1093 2499 (xvii.
1107 2450 1130 2498 7,
1143 2440 1184 2501 Sl:

172 2589 230 2650 per
259 2571 441 2632 “arborem
470 2570 660 2650 plantatam
685 2569 784 2650 juxta
811 2570 937 2652 aquas’'
961 2571 1164 2650 intelligitur
1191 2571 1287 2634 homo

171 2664 259 2743 apud
276 2684 376 2745 quem
389 2685 468 2726 vera
484 2684 503 2725 a
520 2664 668 2727 Domino
684 2675 761 2726 sunt
775 2686 781 2739 ;
806 2685 865 2745 per
879 2665 1003 2744 “juxta
1018 2664 1153 2727 fluvium
1167 2666 1288 2727 emittit

170 2756 299 2819 radices
319 2757 417 2820 suas''
434 2757 633 2837 intelligitur
649 2761 807 2821 extensio
826 2759 1073 2839 intelligentiae
1092 2779 1112 2820 a
1131 2757 1287 2839 spirituali

171 2847 308 2910 homine
322 2850 354 2909 ln
369 2849 572 2912 naturalem.
616 2866 732 2923 (Reliqua
743 2867 868 2911 videantur
878 2868 997 2924 explicata
1007 2880 1088 2924 supra,
1100 2881 1123 2912 n.
1134 2853 1218 2927 481.)

233 2945 296 3028 [ln]
329 2946 396 3010 Ubi
424 2949 456 3009 in
480 2947 599 3010 Verbo
625 2949 668 3011 de
695 2950 872 3011 arboribus
900 2961 935 3011 et
962 2950 1073 3012 hortis
1100 2952 1224 3031 agitur,
1246 2949 1285 3011 ibi

170 3039 272 3101 etiam
292 3040 412 3102 dicitur
431 3042 473 3102 de
493 3042 587 3121 aquis
607 3052 641 3103 et
661 3041 766 3103 fluviis
785 3043 1011 3122 irrigantibus,
1032 3064 1076 3105 ex
1097 3062 1198 3104 causa
1216 3042 1287 3124 quia

171 3152 229 3213 per
257 3134 447 3196 “arbores''
476 3135 708 3215 significantur
738 3138 972 3216 perceptiones
1001 3148 1036 3198 et
1067 3137 1286 3216 cognitiones,

171 3247 208 3290 ac
229 3249 288 3309 per
308 3229 462 3310 “aquas'’
481 3240 516 3292 et
537 3229 706 3291 ‘'fluvios''
725 3251 803 3292 vera
822 3241 857 3292 et
880 3231 957 3292 inde
976 3229 1191 3308 intelleelus;
1214 3249 1286 3292 nam

168 3322 295 3404 absque
315 3321 489 3387 intelleftu
507 3325 699 3398 veritatum,
716 3335 768 3386 est
788 3325 891 3387 homo
910 3326 995 3386 sicut
1015 3325 1134 3389 hortus
1154 3326 1207 3389 ubi
1224 3344 1285 3387 non

170 3436 267 3498 aqua,
287 3417 379 3498 cujus
397 3419 533 3480 arbores
552 3428 709 3480 arescunt
722 3418 825 3482 :-Ut
843 3419 932 3499 apud
951 3418 1079 3494 Mosen,

221 3560 318 3609 “Sicut
330 3562 414 3609 valles
428 3561 589 3623 plantantur,
601 3562 669 3609 sicut
681 3561 775 3610 hortus
787 3562 862 3623 juxta
874 3561 991 3617 fluvium,
1004 3562 1072 3610 sicut
1085 3562 1206 3612 santalos
1218 3562 1285 3625 plan·

300 3627 365 3674 tavit
376 3626 506 3690 jehovah,
521 3628 589 3675 sicut
602 3628 695 3675 cedros
707 3626 783 3689 juxta
794 3642 877 3690 aquas
886 3627 899 3644 '⁸
912 3627 1007 3687 (Num.
1018 3628 1092 3676 xxiv.
1104 3629 1128 3685 6,
1142 3631 1182 3689 7):

169 3764 252 3826 haec
276 3765 318 3827 de
343 3764 417 3827 filiis
441 3766 584 3839 Israelis,
609 3787 668 3847 per
691 3787 775 3848 quos
799 3764 1005 3846 significatur
1029 3767 1184 3840 ecclesia,
1206 3785 1284 3848 quae

170 3870 248 3922 tunc
261 3859 460 3941 plantanda;
478 3882 563 3942 quae
573 3860 716 3924 ecclesia
727 3873 941 3940 comparatur
950 3860 1093 3922 vallibus
1101 3882 1186 3943 quae
1198 3861 1284 3942 plan·

169 3964 294 4025 tantur,
309 3965 344 4016 et
358 3954 458 4016 horto
470 3954 569 4035 juxta
586 3954 732 4027 fluvium,
746 3956 823 4036 quia
840 3974 898 4035 per
912 3954 1070 4016 “valles'’
1083 3955 1284 4036 significatur

168 4046 394 4128 intelligentia
407 4049 566 4111 naturalis
579 4050 734 4122 hominis,
746 4060 780 4111 et
795 4069 853 4129 per
865 4049 1027 4110 “hortum
1038 4048 1282 4130 ”intelligentia

171 4141 351 4221 spiritualis
375 4142 537 4218 hominis;
561 4155 596 4206 et
620 4154 834 4224 comparatur
853 4142 993 4204 santalis
1016 4152 1051 4205 et
1075 4144 1194 4218 cedris,
1213 4142 1282 4224 quia

170 4254 229 4315 per
248 4236 452 4297 “santalos''
470 4236 701 4317 significantur
719 4238 776 4300 illa
795 4258 881 4319 quae
900 4247 977 4299 sunt
998 4238 1160 4300 naturalis
1181 4235 1280 4300 homi·

170 4331 230 4403 nis,
248 4340 283 4391 et
303 4350 361 4409 per
379 4331 526 4393 “cedros
534 4332 548 4354 ’¹
564 4332 621 4393 illa
638 4353 723 4413 quae
740 4344 818 4394 sunt
835 4331 1008 4397 rationalis
1024 4332 1189 4409 hominis;
1212 4330 1280 4413 quia

168 4425 280 4486 omnia
304 4425 360 4487 illa
382 4426 500 4488 vivunt
523 4447 567 4488 ex
591 4425 719 4489 influxu
737 4427 855 4489 «Divini
878 4425 961 4489 Veri
984 4447 1003 4489 a
1028 4426 1187 4502 Domino,
1209 4426 1279 4489 ideo

522 4662 619 4679 *nh
