<?xml version="1.0" encoding="UTF-8"?>
<!DOCTYPE html PUBLIC "-//W3C//DTD XHTML 1.0 Transitional//EN"
    "http://www.w3.org/TR/xhtml1/DTD/xhtml1-transitional.dtd">
<html xmlns="http://www.w3.org/1999/xhtml" xml:lang="en" lang="en">
 <head>
  <title>
</title>
<meta http-equiv="Content-Type" content="text/html;charset=utf-8" />
  <meta name='ocr-system' content='tesseract 3.04.00' />
  <meta name='ocr-capabilities' content='ocr_page ocr_carea ocr_par ocr_line ocrx_word'/>
</head>
<body>
  <div class='ocr_page' id='page_1' title='image "./apocalypsisexpl00swedgoog_0154.png"; bbox 0 0 2684 4988; ppageno 0'>
   <div class='ocr_carea' id='block_1_1' title="bbox 145 485 954 562">
    <p class='ocr_par' dir='ltr' id='par_1_1' title="bbox 145 485 954 562">
     <span class='ocr_line' id='line_1_1' title="bbox 145 485 954 562; baseline 0 -11"><span class='ocrx_word' id='word_1_1' title='bbox 145 485 211 551; x_wconf 78' lang='lat' dir='ltr'><strong>aee</strong></span> <span class='ocrx_word' id='word_1_2' title='bbox 455 499 705 553; x_wconf 75' lang='lat' dir='ltr'><strong>aeocnnvrsrs</strong></span> <span class='ocrx_word' id='word_1_3' title='bbox 729 501 954 562; x_wconf 67' lang='lat' dir='ltr'><strong>eramenta</strong></span> 
     </span>
    </p>
   </div>
   <div class='ocr_carea' id='block_1_2' title="bbox 117 669 1252 1864">
    <p class='ocr_par' dir='ltr' id='par_1_2' title="bbox 117 669 1252 1864">
     <span class='ocr_line' id='line_1_2' title="bbox 143 669 1252 754; baseline 0.003 -22"><span class='ocrx_word' id='word_1_4' title='bbox 143 670 220 751; x_wconf 85' lang='lat' dir='ltr'><strong>quia</strong></span> <span class='ocrx_word' id='word_1_5' title='bbox 236 669 317 733; x_wconf 87' lang='lat' dir='ltr'><strong>nihil</strong></span> <span class='ocrx_word' id='word_1_6' title='bbox 333 670 516 753; x_wconf 87' lang='lat' dir='ltr'><strong>spirituale,</strong></span> <span class='ocrx_word' id='word_1_7' title='bbox 533 672 593 735; x_wconf 87' lang='lat' dir='ltr'><strong>sed</strong></span> <span class='ocrx_word' id='word_1_8' title='bbox 609 672 713 735; x_wconf 86' lang='lat' dir='ltr'><strong>rnodo</strong></span> <span class='ocrx_word' id='word_1_9' title='bbox 728 671 839 754; x_wconf 90' lang='lat' dir='ltr'><strong>aliqua</strong></span> <span class='ocrx_word' id='word_1_10' title='bbox 855 693 935 736; x_wconf 88' lang='lat' dir='ltr'><strong>vera</strong></span> <span class='ocrx_word' id='word_1_11' title='bbox 950 694 995 735; x_wconf 89' lang='lat' dir='ltr'><strong>ex</strong></span> <span class='ocrx_word' id='word_1_12' title='bbox 1012 693 1113 735; x_wconf 82' lang='lat' dir='ltr'><strong>sensu</strong></span> <span class='ocrx_word' id='word_1_13' title='bbox 1129 672 1252 751; x_wconf 63' lang='lat' dir='ltr'><strong>litterae,</strong></span> 
     </span>
     <span class='ocr_line' id='line_1_3' title="bbox 143 762 1247 848; baseline 0.002 -20"><span class='ocrx_word' id='word_1_14' title='bbox 143 762 259 838; x_wconf 86' lang='lat' dir='ltr'><strong>Verbi,</strong></span> <span class='ocrx_word' id='word_1_15' title='bbox 284 765 491 846; x_wconf 82' lang='lat' dir='ltr'><strong>significatur</strong></span> <span class='ocrx_word' id='word_1_16' title='bbox 516 786 576 848; x_wconf 92' lang='lat' dir='ltr'><strong>per</strong></span> <span class='ocrx_word' id='word_1_17' title='bbox 603 767 692 848; x_wconf 92' lang='lat' dir='ltr'><strong>quod</strong></span> <span class='ocrx_word' id='word_1_18' title='bbox 722 766 847 847; x_wconf 84' lang='lat' dir='ltr'><strong>“Jesus</strong></span> <span class='ocrx_word' id='word_1_19' title='bbox 872 767 993 830; x_wconf 89' lang='lat' dir='ltr'><strong>videns</strong></span> <span class='ocrx_word' id='word_1_20' title='bbox 1018 766 1118 830; x_wconf 85' lang='lat' dir='ltr'><strong>ficum</strong></span> <span class='ocrx_word' id='word_1_21' title='bbox 1147 763 1247 848; x_wconf 64' lang='lat' dir='ltr'><strong>procu</strong></span> 
     </span>
     <span class='ocr_line' id='line_1_4' title="bbox 117 855 1245 943; baseline -0.002 -20"><span class='ocrx_word' id='word_1_22' title='bbox 117 915 122 923; x_wconf 90' lang='lat'>.</span> <span class='ocrx_word' id='word_1_23' title='bbox 142 855 326 927; x_wconf 81' lang='lat' dir='ltr'><strong>habentem</strong></span> <span class='ocrx_word' id='word_1_24' title='bbox 348 859 437 932; x_wconf 88' lang='lat' dir='ltr'><strong>solia,</strong></span> <span class='ocrx_word' id='word_1_25' title='bbox 458 861 587 923; x_wconf 89' lang='lat' dir='ltr'><strong>venerit</strong></span> <span class='ocrx_word' id='word_1_26' title='bbox 609 861 636 922; x_wconf 91' lang='lat' dir='ltr'><strong>si</strong></span> <span class='ocrx_word' id='word_1_27' title='bbox 659 859 745 923; x_wconf 82' lang='lat' dir='ltr'><strong>forte</strong></span> <span class='ocrx_word' id='word_1_28' title='bbox 768 861 933 925; x_wconf 90' lang='lat' dir='ltr'><strong>invenerit</strong></span> <span class='ocrx_word' id='word_1_29' title='bbox 957 861 990 923; x_wconf 89' lang='lat' dir='ltr'><strong>in</strong></span> <span class='ocrx_word' id='word_1_30' title='bbox 1013 881 1054 927; x_wconf 87' lang='lat' dir='ltr'><strong>ea</strong></span> <span class='ocrx_word' id='word_1_31' title='bbox 1071 860 1172 943; x_wconf 90' lang='lat' dir='ltr'><strong>quid;</strong></span> <span class='ocrx_word' id='word_1_32' title='bbox 1195 857 1245 933; x_wconf 71' lang='lat' dir='ltr'><strong>aed</strong></span> 
     </span>
     <span class='ocr_line' id='line_1_5' title="bbox 143 950 1243 1036; baseline 0 -21"><span class='ocrx_word' id='word_1_33' title='bbox 143 971 219 1024; x_wconf 82' lang='lat' dir='ltr'><strong>oum</strong></span> <span class='ocrx_word' id='word_1_34' title='bbox 236 955 386 1016; x_wconf 90' lang='lat' dir='ltr'><strong>venisset</strong></span> <span class='ocrx_word' id='word_1_35' title='bbox 404 954 447 1017; x_wconf 91' lang='lat' dir='ltr'><strong>ad</strong></span> <span class='ocrx_word' id='word_1_36' title='bbox 467 974 553 1028; x_wconf 89' lang='lat' dir='ltr'><strong>eam,</strong></span> <span class='ocrx_word' id='word_1_37' title='bbox 572 953 652 1016; x_wconf 87' lang='lat' dir='ltr'>nihil</span> <span class='ocrx_word' id='word_1_38' title='bbox 671 955 836 1016; x_wconf 81' lang='lat' dir='ltr'><strong>invenerit</strong></span> <span class='ocrx_word' id='word_1_39' title='bbox 857 955 918 1016; x_wconf 88' lang='lat' dir='ltr'><strong>nisi</strong></span> <span class='ocrx_word' id='word_1_40' title='bbox 937 953 1044 1035; x_wconf 83' lang='lat' dir='ltr'><strong>iolia;”</strong></span> <span class='ocrx_word' id='word_1_41' title='bbox 1060 974 1121 1036; x_wconf 87' lang='lat' dir='ltr'><strong>per</strong></span> <span class='ocrx_word' id='word_1_42' title='bbox 1134 950 1243 1023; x_wconf 68' lang='lat' dir='ltr'><strong>“solial</strong></span> 
     </span>
     <span class='ocr_line' id='line_1_6' title="bbox 142 1045 1239 1130; baseline 0 -21"><span class='ocrx_word' id='word_1_43' title='bbox 142 1045 376 1128; x_wconf 80' lang='lat' dir='ltr'><strong>significantur</strong></span> <span class='ocrx_word' id='word_1_44' title='bbox 391 1069 470 1110; x_wconf 92' lang='lat' dir='ltr'><strong>vera</strong></span> <span class='ocrx_word' id='word_1_45' title='bbox 485 1068 530 1109; x_wconf 89' lang='lat' dir='ltr'><strong>ex</strong></span> <span class='ocrx_word' id='word_1_46' title='bbox 547 1068 648 1110; x_wconf 90' lang='lat' dir='ltr'><strong>sensu</strong></span> <span class='ocrx_word' id='word_1_47' title='bbox 663 1047 798 1110; x_wconf 81' lang='lat' dir='ltr'><strong>litterae</strong></span> <span class='ocrx_word' id='word_1_48' title='bbox 814 1047 938 1110; x_wconf 83' lang='lat' dir='ltr'>Verbi:</span> <span class='ocrx_word' id='word_1_49' title='bbox 958 1049 1049 1130; x_wconf 88' lang='lat' dir='ltr'><strong>quod</strong></span> <span class='ocrx_word' id='word_1_50' title='bbox 1065 1047 1153 1130; x_wconf 89' lang='lat' dir='ltr'><strong>apud</strong></span> <span class='ocrx_word' id='word_1_51' title='bbox 1168 1045 1239 1125; x_wconf 66' lang='lat' dir='ltr'><strong>illan</strong></span> 
     </span>
     <span class='ocr_line' id='line_1_7' title="bbox 142 1137 1238 1223; baseline -0.001 -21"><span class='ocrx_word' id='word_1_52' title='bbox 142 1151 283 1221; x_wconf 79' lang='lat' dir='ltr'><strong>gentem</strong></span> <span class='ocrx_word' id='word_1_53' title='bbox 307 1161 469 1223; x_wconf 84' lang='lat' dir='ltr'><strong>nusquam</strong></span> <span class='ocrx_word' id='word_1_54' title='bbox 492 1140 629 1222; x_wconf 88' lang='lat' dir='ltr'>aliquod</span> <span class='ocrx_word' id='word_1_55' title='bbox 655 1141 781 1203; x_wconf 92' lang='lat' dir='ltr'><strong>bonum</strong></span> <span class='ocrx_word' id='word_1_56' title='bbox 805 1141 959 1205; x_wconf 84' lang='lat' dir='ltr'><strong>naturale</strong></span> <span class='ocrx_word' id='word_1_57' title='bbox 980 1140 1072 1223; x_wconf 92' lang='lat' dir='ltr'><strong>quod</strong></span> <span class='ocrx_word' id='word_1_58' title='bbox 1099 1137 1238 1211; x_wconf 75' lang='lat' dir='ltr'><strong>ecclesiae</strong></span> 
     </span>
     <span class='ocr_line' id='line_1_8' title="bbox 143 1231 1237 1316; baseline -0.003 -19"><span class='ocrx_word' id='word_1_59' title='bbox 143 1236 358 1309; x_wconf 81' lang='lat' dir='ltr'><strong>exstiturum,</strong></span> <span class='ocrx_word' id='word_1_60' title='bbox 375 1237 452 1316; x_wconf 88' lang='lat' dir='ltr'><strong>quia</strong></span> <span class='ocrx_word' id='word_1_61' title='bbox 470 1236 503 1297; x_wconf 95' lang='lat' dir='ltr'><strong>in</strong></span> <span class='ocrx_word' id='word_1_62' title='bbox 520 1235 633 1298; x_wconf 87' lang='lat' dir='ltr'><strong>densis</strong></span> <span class='ocrx_word' id='word_1_63' title='bbox 651 1234 743 1298; x_wconf 87' lang='lat' dir='ltr'><strong>salsis</strong></span> <span class='ocrx_word' id='word_1_64' title='bbox 762 1245 797 1298; x_wconf 87' lang='lat' dir='ltr'><strong>et</strong></span> <span class='ocrx_word' id='word_1_65' title='bbox 816 1236 848 1296; x_wconf 96' lang='lat' dir='ltr'><strong>in</strong></span> <span class='ocrx_word' id='word_1_66' title='bbox 866 1235 1038 1300; x_wconf 89' lang='lat' dir='ltr'><strong>amoribus</strong></span> <span class='ocrx_word' id='word_1_67' title='bbox 1056 1231 1151 1297; x_wconf 82' lang='lat' dir='ltr'><strong>malis</strong></span> <span class='ocrx_word' id='word_1_68' title='bbox 1166 1239 1237 1304; x_wconf 83' lang='lat' dir='ltr'><strong>sunt,</strong></span> 
     </span>
     <span class='ocr_line' id='line_1_9' title="bbox 142 1327 1236 1411; baseline -0.004 -21"><span class='ocrx_word' id='word_1_69' title='bbox 142 1327 350 1409; x_wconf 84' lang='lat' dir='ltr'><strong>significatur</strong></span> <span class='ocrx_word' id='word_1_70' title='bbox 366 1350 425 1411; x_wconf 92' lang='lat' dir='ltr'><strong>per</strong></span> <span class='ocrx_word' id='word_1_71' title='bbox 441 1329 531 1410; x_wconf 92' lang='lat' dir='ltr'><strong>quod</strong></span> <span class='ocrx_word' id='word_1_72' title='bbox 547 1328 643 1409; x_wconf 87' lang='lat' dir='ltr'><strong>Jesus</strong></span> <span class='ocrx_word' id='word_1_73' title='bbox 659 1329 793 1401; x_wconf 86' lang='lat' dir='ltr'><strong>dixerit,</strong></span> <span class='ocrx_word' id='word_1_74' title='bbox 812 1327 962 1411; x_wconf 88' lang='lat' dir='ltr'><strong>“Neque</strong></span> <span class='ocrx_word' id='word_1_75' title='bbox 977 1348 1023 1390; x_wconf 90' lang='lat' dir='ltr'><strong>ex</strong></span> <span class='ocrx_word' id='word_1_76' title='bbox 1042 1338 1077 1389; x_wconf 92' lang='lat' dir='ltr'><strong>te</strong></span> <span class='ocrx_word' id='word_1_77' title='bbox 1095 1327 1129 1389; x_wconf 88' lang='lat' dir='ltr'><strong>in</strong></span> <span class='ocrx_word' id='word_1_78' title='bbox 1142 1342 1236 1393; x_wconf 81' lang='lat' dir='ltr'><strong>saecu·</strong></span> 
     </span>
     <span class='ocr_line' id='line_1_10' title="bbox 143 1412 1236 1504; baseline -0.005 -19"><span class='ocrx_word' id='word_1_79' title='bbox 143 1422 211 1491; x_wconf 86' lang='lat' dir='ltr'><strong>lum</strong></span> <span class='ocrx_word' id='word_1_80' title='bbox 224 1424 400 1504; x_wconf 91' lang='lat' dir='ltr'><strong>quisquam</strong></span> <span class='ocrx_word' id='word_1_81' title='bbox 412 1419 554 1484; x_wconf 72' lang='lat' dir='ltr'><strong>studium</strong></span> <span class='ocrx_word' id='word_1_82' title='bbox 568 1422 755 1495; x_wconf 83' lang='lat' dir='ltr'><strong>comedet,&#39;&#39;</strong></span> <span class='ocrx_word' id='word_1_83' title='bbox 768 1432 802 1485; x_wconf 93' lang='lat' dir='ltr'><strong>et</strong></span> <span class='ocrx_word' id='word_1_84' title='bbox 819 1442 878 1504; x_wconf 92' lang='lat' dir='ltr'><strong>per</strong></span> <span class='ocrx_word' id='word_1_85' title='bbox 890 1422 981 1504; x_wconf 90' lang='lat' dir='ltr'><strong>quod</strong></span> <span class='ocrx_word' id='word_1_86' title='bbox 996 1428 1015 1453; x_wconf 80' lang='lat'><strong>‘⁴</strong></span> <span class='ocrx_word' id='word_1_87' title='bbox 1024 1419 1105 1484; x_wconf 88' lang='lat' dir='ltr'><strong>ficus</strong></span> <span class='ocrx_word' id='word_1_88' title='bbox 1116 1412 1236 1487; x_wconf 69' lang='lat' dir='ltr'><strong>arefecta</strong></span> 
     </span>
     <span class='ocr_line' id='line_1_11' title="bbox 143 1507 1236 1596; baseline -0.005 -16"><span class='ocrx_word' id='word_1_89' title='bbox 143 1519 186 1580; x_wconf 93' lang='lat' dir='ltr'><strong>sit</strong></span> <span class='ocrx_word' id='word_1_90' title='bbox 206 1538 250 1579; x_wconf 89' lang='lat' dir='ltr'><strong>ex</strong></span> <span class='ocrx_word' id='word_1_91' title='bbox 270 1518 435 1580; x_wconf 88' lang='lat' dir='ltr'><strong>radicibus</strong></span> <span class='ocrx_word' id='word_1_92' title='bbox 447 1516 473 1578; x_wconf 88' lang='lat'><strong>:”</strong></span> <span class='ocrx_word' id='word_1_93' title='bbox 496 1518 600 1579; x_wconf 91' lang='lat' dir='ltr'><strong>etiam</strong></span> <span class='ocrx_word' id='word_1_94' title='bbox 617 1517 737 1579; x_wconf 89' lang='lat' dir='ltr'><strong>dicitur</strong></span> <span class='ocrx_word' id='word_1_95' title='bbox 754 1523 774 1547; x_wconf 88' lang='grc'><em>“</em></span> <span class='ocrx_word' id='word_1_96' title='bbox 784 1536 851 1581; x_wconf 89' lang='lat' dir='ltr'><strong>non</strong></span> <span class='ocrx_word' id='word_1_97' title='bbox 870 1525 942 1580; x_wconf 85' lang='lat' dir='ltr'><strong>erat</strong></span> <span class='ocrx_word' id='word_1_98' title='bbox 962 1526 1098 1596; x_wconf 88' lang='lat' dir='ltr'><strong>tempus</strong></span> <span class='ocrx_word' id='word_1_99' title='bbox 1112 1507 1236 1587; x_wconf 54' lang='lat' dir='ltr'><strong>ficuum?</strong></span> 
     </span>
     <span class='ocr_line' id='line_1_12' title="bbox 143 1600 1235 1695; baseline -0.006 -21"><span class='ocrx_word' id='word_1_100' title='bbox 143 1620 177 1674; x_wconf 88' lang='lat' dir='ltr'><strong>et</strong></span> <span class='ocrx_word' id='word_1_101' title='bbox 194 1631 254 1695; x_wconf 89' lang='lat' dir='ltr'><strong>per</strong></span> <span class='ocrx_word' id='word_1_102' title='bbox 269 1611 302 1672; x_wconf 93' lang='lat' dir='ltr'><strong>id</strong></span> <span class='ocrx_word' id='word_1_103' title='bbox 318 1610 519 1692; x_wconf 85' lang='lat' dir='ltr'><strong>intelligitur</strong></span> <span class='ocrx_word' id='word_1_104' title='bbox 535 1611 624 1691; x_wconf 91' lang='lat' dir='ltr'><strong>quod</strong></span> <span class='ocrx_word' id='word_1_105' title='bbox 643 1610 792 1672; x_wconf 92' lang='lat' dir='ltr'><strong>nondum</strong></span> <span class='ocrx_word' id='word_1_106' title='bbox 809 1609 953 1673; x_wconf 90' lang='lat' dir='ltr'><strong>ecclesia</strong></span> <span class='ocrx_word' id='word_1_107' title='bbox 970 1609 1146 1684; x_wconf 88' lang='lat' dir='ltr'><strong>incohata;</strong></span> <span class='ocrx_word' id='word_1_108' title='bbox 1167 1600 1235 1687; x_wconf 88' lang='lat' dir='ltr'><strong>quod</strong></span> 
     </span>
     <span class='ocr_line' id='line_1_13' title="bbox 142 1702 1236 1792; baseline -0.005 -25"><span class='ocrx_word' id='word_1_109' title='bbox 142 1705 314 1768; x_wconf 90' lang='lat' dir='ltr'><strong>incohatio</strong></span> <span class='ocrx_word' id='word_1_110' title='bbox 333 1724 440 1767; x_wconf 91' lang='lat' dir='ltr'><strong>novae</strong></span> <span class='ocrx_word' id='word_1_111' title='bbox 459 1703 623 1767; x_wconf 90' lang='lat' dir='ltr'><strong>ecclesiae</strong></span> <span class='ocrx_word' id='word_1_112' title='bbox 642 1725 701 1787; x_wconf 92' lang='lat' dir='ltr'><strong>per</strong></span> <span class='ocrx_word' id='word_1_113' title='bbox 721 1703 872 1767; x_wconf 83' lang='lat' dir='ltr'><strong>“licum&#39;&#39;</strong></span> <span class='ocrx_word' id='word_1_114' title='bbox 889 1702 1112 1792; x_wconf 85' lang='lat' dir='ltr'><strong>intelligatur,</strong></span> <span class='ocrx_word' id='word_1_115' title='bbox 1127 1709 1236 1784; x_wconf 81' lang='lat' dir='ltr'><strong>patett</strong></span> 
     </span>
     <span class='ocr_line' id='line_1_14' title="bbox 144 1798 410 1864; baseline -0.015 0"><span class='ocrx_word' id='word_1_116' title='bbox 144 1798 281 1864; x_wconf 90' lang='lat' dir='ltr'><strong>Domini</strong></span> <span class='ocrx_word' id='word_1_117' title='bbox 300 1799 410 1861; x_wconf 92' lang='lat' dir='ltr'><strong>verbis</strong></span> 
     </span>
    </p>
   </div>
   <div class='ocr_carea' id='block_1_3' title="bbox 197 1943 1236 2072">
    <p class='ocr_par' dir='ltr' id='par_1_3' title="bbox 197 1943 1236 2072">
     <span class='ocr_line' id='line_1_15' title="bbox 197 1943 1236 2008; baseline 0.001 -12"><span class='ocrx_word' id='word_1_118' title='bbox 197 1945 278 2008; x_wconf 78' lang='lat' dir='ltr'><strong>apuu</strong></span> <span class='ocrx_word' id='word_1_119' title='bbox 295 1945 468 2002; x_wconf 62' lang='lat' dir='ltr'><strong>Marthama,</strong></span> <span class='ocrx_word' id='word_1_120' title='bbox 479 1959 537 2007; x_wconf 85' lang='lat' dir='ltr'><strong>cap.</strong></span> <span class='ocrx_word' id='word_1_121' title='bbox 548 1946 619 1995; x_wconf 78' lang='lat' dir='ltr'><strong>xxiv.</strong></span> <span class='ocrx_word' id='word_1_122' title='bbox 631 1957 670 2005; x_wconf 80' lang='lat'><strong>³²·</strong></span> <span class='ocrx_word' id='word_1_123' title='bbox 681 1957 728 2005; x_wconf 78' lang='lat'><strong>33;</strong></span> <span class='ocrx_word' id='word_1_124' title='bbox 750 1945 821 2007; x_wconf 84' lang='lat' dir='ltr'><strong>apud</strong></span> <span class='ocrx_word' id='word_1_125' title='bbox 837 1945 970 2005; x_wconf 70' lang='lat' dir='ltr'><strong>Meum.</strong></span> <span class='ocrx_word' id='word_1_126' title='bbox 981 1958 1040 2008; x_wconf 62' lang='lat' dir='ltr'><strong>esp.</strong></span> <span class='ocrx_word' id='word_1_127' title='bbox 1050 1944 1105 2001; x_wconf 79' lang='lat' dir='ltr'><strong>xiii</strong></span> <span class='ocrx_word' id='word_1_128' title='bbox 1115 1943 1152 2003; x_wconf 72' lang='lat'><strong>28.</strong></span> <span class='ocrx_word' id='word_1_129' title='bbox 1160 1953 1201 2005; x_wconf 65' lang='lat' dir='ltr'><strong>lut</strong></span> <span class='ocrx_word' id='word_1_130' title='bbox 1216 1946 1236 1997; x_wconf 59' lang='lat' dir='ltr'>fi</span> 
     </span>
     <span class='ocr_line' id='line_1_16' title="bbox 274 2011 702 2072; baseline 0.002 -13"><span class='ocrx_word' id='word_1_131' title='bbox 274 2012 345 2072; x_wconf 89' lang='lat' dir='ltr'><strong>apud</strong></span> <span class='ocrx_word' id='word_1_132' title='bbox 357 2011 464 2068; x_wconf 75' lang='lat' dir='ltr'><strong>lucam,</strong></span> <span class='ocrx_word' id='word_1_133' title='bbox 474 2025 531 2072; x_wconf 85' lang='lat' dir='ltr'><strong>cap.</strong></span> <span class='ocrx_word' id='word_1_134' title='bbox 543 2011 596 2060; x_wconf 81' lang='lat' dir='ltr'><strong>xxi.</strong></span> <span class='ocrx_word' id='word_1_135' title='bbox 607 2011 702 2071; x_wconf 79' lang='lat'>28—31:</span> 
     </span>
    </p>
   </div>
   <div class='ocr_carea' id='block_1_4' title="bbox 144 2148 1237 2728">
    <p class='ocr_par' dir='ltr' id='par_1_4' title="bbox 144 2148 1237 2728">
     <span class='ocr_line' id='line_1_17' title="bbox 144 2148 1237 2232; baseline -0.003 -18"><span class='ocrx_word' id='word_1_136' title='bbox 144 2171 189 2214; x_wconf 83' lang='lat' dir='ltr'><strong>ox</strong></span> <span class='ocrx_word' id='word_1_137' title='bbox 207 2150 260 2212; x_wconf 91' lang='lat' dir='ltr'><strong>his</strong></span> <span class='ocrx_word' id='word_1_138' title='bbox 279 2160 440 2214; x_wconf 83' lang='lat' dir='ltr'><strong>constare</strong></span> <span class='ocrx_word' id='word_1_139' title='bbox 459 2160 577 2232; x_wconf 92' lang='lat' dir='ltr'><strong>potest</strong></span> <span class='ocrx_word' id='word_1_140' title='bbox 595 2150 675 2232; x_wconf 93' lang='lat' dir='ltr'><strong>quid</strong></span> <span class='ocrx_word' id='word_1_141' title='bbox 694 2150 740 2212; x_wconf 91' lang='lat' dir='ltr'><strong>ibi</strong></span> <span class='ocrx_word' id='word_1_142' title='bbox 760 2148 940 2212; x_wconf 83' lang='lat' dir='ltr'><strong>“esurire&#39;&#39;</strong></span> <span class='ocrx_word' id='word_1_143' title='bbox 956 2148 1137 2230; x_wconf 83' lang='lat' dir='ltr'><strong>significat.</strong></span> <span class='ocrx_word' id='word_1_144' title='bbox 1172 2157 1237 2220; x_wconf 74' lang='lat' dir='ltr'><strong>(Quot</strong></span> 
     </span>
     <span class='ocr_line' id='line_1_18' title="bbox 144 2230 1237 2297; baseline -0.005 -12"><span class='ocrx_word' id='word_1_145' title='bbox 144 2244 158 2263; x_wconf 77' lang='lat'><strong>‘¹</strong></span> <span class='ocrx_word' id='word_1_146' title='bbox 165 2237 224 2285; x_wconf 75' lang='lat' dir='ltr'><strong>fieus</strong></span> <span class='ocrx_word' id='word_1_147' title='bbox 231 2239 243 2254; x_wconf 80' lang='lat'><strong>&#39;⁸</strong></span> <span class='ocrx_word' id='word_1_148' title='bbox 253 2238 368 2296; x_wconf 74' lang='lat' dir='ltr'><strong>significet</strong></span> <span class='ocrx_word' id='word_1_149' title='bbox 376 2239 467 2284; x_wconf 88' lang='lat' dir='ltr'><strong>bonurn</strong></span> <span class='ocrx_word' id='word_1_150' title='bbox 475 2239 583 2284; x_wconf 82' lang='lat' dir='ltr'><strong>naturale</strong></span> <span class='ocrx_word' id='word_1_151' title='bbox 591 2239 657 2296; x_wconf 91' lang='lat' dir='ltr'><strong>quod</strong></span> <span class='ocrx_word' id='word_1_152' title='bbox 666 2238 786 2290; x_wconf 75' lang='lat' dir='ltr'><strong>eeclesiae,</strong></span> <span class='ocrx_word' id='word_1_153' title='bbox 793 2238 901 2283; x_wconf 83' lang='lat' dir='ltr'><strong>videaurr</strong></span> <span class='ocrx_word' id='word_1_154' title='bbox 908 2250 932 2283; x_wconf 76' lang='lat' dir='ltr'><strong>ru</strong></span> <span class='ocrx_word' id='word_1_155' title='bbox 940 2249 1068 2295; x_wconf 62' lang='grc' dir='ltr'><strong>πιΜηι,</strong></span> <span class='ocrx_word' id='word_1_156' title='bbox 1077 2248 1146 2297; x_wconf 75' lang='lat'>⁵¹¹³:</span> <span class='ocrx_word' id='word_1_157' title='bbox 1160 2230 1237 2291; x_wconf 75' lang='lat' dir='ltr'><strong>etqttod</strong></span> 
     </span>
     <span class='ocr_line' id='line_1_19' title="bbox 144 2293 1236 2376; baseline -0.005 -18"><span class='ocrx_word' id='word_1_158' title='bbox 144 2309 157 2328; x_wconf 79' lang='lat'><strong>‘⁴</strong></span> <span class='ocrx_word' id='word_1_159' title='bbox 167 2313 243 2369; x_wconf 74' lang='lat' dir='ltr'><strong>lolia⁰</strong></span> <span class='ocrx_word' id='word_1_160' title='bbox 255 2313 388 2371; x_wconf 77' lang='lat' dir='ltr'><strong>significent</strong></span> <span class='ocrx_word' id='word_1_161' title='bbox 399 2327 455 2358; x_wconf 82' lang='lat' dir='ltr'><strong>veta</strong></span> <span class='ocrx_word' id='word_1_162' title='bbox 468 2314 582 2358; x_wconf 84' lang='lat' dir='ltr'><strong>naturalis</strong></span> <span class='ocrx_word' id='word_1_163' title='bbox 595 2313 706 2366; x_wconf 85' lang='lat' dir='ltr'><strong>hominis,</strong></span> <span class='ocrx_word' id='word_1_164' title='bbox 716 2325 795 2370; x_wconf 83' lang='lat' dir='ltr'><strong>supra,</strong></span> <span class='ocrx_word' id='word_1_165' title='bbox 806 2325 830 2358; x_wconf 82' lang='lat' dir='ltr'><strong>n.</strong></span> <span class='ocrx_word' id='word_1_166' title='bbox 846 2311 926 2376; x_wconf 53' lang='lat' dir='ltr'><strong>lm.)</strong></span> <span class='ocrx_word' id='word_1_167' title='bbox 968 2295 1072 2376; x_wconf 72' lang='lat' dir='ltr'><strong>Quod</strong></span> <span class='ocrx_word' id='word_1_168' title='bbox 1094 2293 1236 2357; x_wconf 66' lang='lat' dir='ltr'><strong>Dominus</strong></span> 
     </span>
     <span class='ocr_line' id='line_1_20' title="bbox 145 2388 770 2470; baseline -0.006 -16"><span class='ocrx_word' id='word_1_169' title='bbox 145 2391 298 2462; x_wconf 83' lang='lat' dir='ltr'><strong>sitiverit,</strong></span> <span class='ocrx_word' id='word_1_170' title='bbox 319 2388 443 2469; x_wconf 86' lang='lat' dir='ltr'><strong>legitur</strong></span> <span class='ocrx_word' id='word_1_171' title='bbox 461 2389 549 2470; x_wconf 90' lang='lat' dir='ltr'><strong>apud</strong></span> <span class='ocrx_word' id='word_1_172' title='bbox 569 2388 770 2463; x_wconf 76' lang='lat' dir='ltr'><strong>Johannem,</strong></span> 
     </span>
     <span class='ocr_line' id='line_1_21' title="bbox 196 2529 1235 2600; baseline -0.001 -16"><span class='ocrx_word' id='word_1_173' title='bbox 196 2537 213 2559; x_wconf 79' lang='lat'><strong>⁸⁸</strong></span> <span class='ocrx_word' id='word_1_174' title='bbox 221 2535 300 2600; x_wconf 86' lang='lat' dir='ltr'><strong>Jesus</strong></span> <span class='ocrx_word' id='word_1_175' title='bbox 311 2535 400 2584; x_wconf 89' lang='lat' dir='ltr'><strong>sciens</strong></span> <span class='ocrx_word' id='word_1_176' title='bbox 410 2535 482 2599; x_wconf 92' lang='lat' dir='ltr'><strong>quod</strong></span> <span class='ocrx_word' id='word_1_177' title='bbox 493 2535 586 2585; x_wconf 86' lang='lat' dir='ltr'><strong>omnia</strong></span> <span class='ocrx_word' id='word_1_178' title='bbox 597 2535 653 2597; x_wconf 86' lang='lat' dir='ltr'><strong>jam</strong></span> <span class='ocrx_word' id='word_1_179' title='bbox 663 2545 852 2584; x_wconf 86' lang='lat' dir='ltr'><strong>consummata</strong></span> <span class='ocrx_word' id='word_1_180' title='bbox 860 2544 960 2591; x_wconf 80' lang='lat' dir='ltr'><strong>essent,</strong></span> <span class='ocrx_word' id='word_1_181' title='bbox 971 2543 1001 2584; x_wconf 93' lang='lat' dir='ltr'><strong>ut</strong></span> <span class='ocrx_word' id='word_1_182' title='bbox 1010 2535 1162 2597; x_wconf 87' lang='lat' dir='ltr'><strong>impleretur</strong></span> <span class='ocrx_word' id='word_1_183' title='bbox 1170 2529 1235 2593; x_wconf 54' lang='lat' dir='ltr'><strong>Serio</strong></span> 
     </span>
     <span class='ocr_line' id='line_1_22' title="bbox 276 2594 1236 2663; baseline -0.006 -14"><span class='ocrx_word' id='word_1_184' title='bbox 276 2610 343 2658; x_wconf 88' lang='lat' dir='ltr'><strong>tura,</strong></span> <span class='ocrx_word' id='word_1_185' title='bbox 357 2601 432 2657; x_wconf 86' lang='lat' dir='ltr'><strong>dixit,</strong></span> <span class='ocrx_word' id='word_1_186' title='bbox 443 2601 528 2656; x_wconf 86' lang='lat' dir='ltr'><strong>Sitio;</strong></span> <span class='ocrx_word' id='word_1_187' title='bbox 546 2611 573 2649; x_wconf 88' lang='lat' dir='ltr'><strong>et</strong></span> <span class='ocrx_word' id='word_1_188' title='bbox 586 2616 634 2649; x_wconf 89' lang='lat' dir='ltr'><strong>vas</strong></span> <span class='ocrx_word' id='word_1_189' title='bbox 646 2601 763 2663; x_wconf 90' lang='lat' dir='ltr'><strong>positum</strong></span> <span class='ocrx_word' id='word_1_190' title='bbox 777 2611 835 2649; x_wconf 85' lang='lat' dir='ltr'><strong>erat</strong></span> <span class='ocrx_word' id='word_1_191' title='bbox 847 2610 924 2649; x_wconf 87' lang='lat' dir='ltr'><strong>aceto</strong></span> <span class='ocrx_word' id='word_1_192' title='bbox 935 2598 1062 2663; x_wconf 88' lang='lat' dir='ltr'><strong>plenum:</strong></span> <span class='ocrx_word' id='word_1_193' title='bbox 1081 2599 1126 2663; x_wconf 85' lang='lat' dir='ltr'><strong>qui</strong></span> <span class='ocrx_word' id='word_1_194' title='bbox 1135 2594 1236 2647; x_wconf 80' lang='lat' dir='ltr'><strong>veroin·</strong></span> 
     </span>
     <span class='ocr_line' id='line_1_23' title="bbox 276 2664 1236 2728; baseline 0 -14"><span class='ocrx_word' id='word_1_195' title='bbox 276 2666 417 2728; x_wconf 89' lang='lat' dir='ltr'><strong>pleverunt</strong></span> <span class='ocrx_word' id='word_1_196' title='bbox 429 2666 581 2727; x_wconf 80' lang='lat' dir='ltr'><strong>spongiam,</strong></span> <span class='ocrx_word' id='word_1_197' title='bbox 593 2675 620 2714; x_wconf 90' lang='lat' dir='ltr'><strong>et</strong></span> <span class='ocrx_word' id='word_1_198' title='bbox 632 2667 753 2728; x_wconf 83' lang='lat' dir='ltr'><strong>hyssopo</strong></span> <span class='ocrx_word' id='word_1_199' title='bbox 765 2666 1026 2728; x_wconf 79' lang='lat' dir='ltr'><strong>circumposuerunt,</strong></span> <span class='ocrx_word' id='word_1_200' title='bbox 1038 2674 1066 2717; x_wconf 80' lang='lat' dir='ltr'><strong>et</strong></span> <span class='ocrx_word' id='word_1_201' title='bbox 1077 2664 1236 2727; x_wconf 72' lang='lat' dir='ltr'><strong>applicueruut</strong></span> 
     </span>
    </p>
   </div>
   <div class='ocr_carea' id='block_1_5' title="bbox 276 2730 1234 2860">
    <p class='ocr_par' dir='ltr' id='par_1_5' title="bbox 276 2730 1234 2860">
     <span class='ocr_line' id='line_1_24' title="bbox 277 2730 1234 2796; baseline 0.001 -17"><span class='ocrx_word' id='word_1_202' title='bbox 277 2730 366 2792; x_wconf 83' lang='lat' dir='ltr'><strong>ipsius</strong></span> <span class='ocrx_word' id='word_1_203' title='bbox 378 2731 418 2779; x_wconf 90' lang='lat' dir='ltr'><strong>ori</strong></span> <span class='ocrx_word' id='word_1_204' title='bbox 430 2746 435 2788; x_wconf 88' lang='lat'>;</span> <span class='ocrx_word' id='word_1_205' title='bbox 453 2742 480 2779; x_wconf 92' lang='lat' dir='ltr'><strong>et</strong></span> <span class='ocrx_word' id='word_1_206' title='bbox 492 2746 573 2794; x_wconf 89' lang='lat' dir='ltr'><strong>quum</strong></span> <span class='ocrx_word' id='word_1_207' title='bbox 583 2732 732 2793; x_wconf 84' lang='lat' dir='ltr'><strong>accepisset</strong></span> <span class='ocrx_word' id='word_1_208' title='bbox 740 2730 941 2796; x_wconf 78' lang='lat' dir='ltr'><strong>acetumJeeua,</strong></span> <span class='ocrx_word' id='word_1_209' title='bbox 950 2731 1027 2788; x_wconf 83' lang='lat' dir='ltr'><strong>dixit,</strong></span> <span class='ocrx_word' id='word_1_210' title='bbox 1037 2730 1234 2796; x_wconf 62' lang='lat' dir='ltr'><strong>consummem</strong></span> 
     </span>
     <span class='ocr_line' id='line_1_25' title="bbox 276 2792 609 2860; baseline 0.006 -16"><span class='ocrx_word' id='word_1_211' title='bbox 276 2795 339 2845; x_wconf 86' lang='lat' dir='ltr'><strong>est&#39;’</strong></span> <span class='ocrx_word' id='word_1_212' title='bbox 351 2794 414 2858; x_wconf 85' lang='lat' dir='ltr'><strong>(xix.</strong></span> <span class='ocrx_word' id='word_1_213' title='bbox 426 2797 465 2854; x_wconf 77' lang='lat'><strong>28,</strong></span> <span class='ocrx_word' id='word_1_214' title='bbox 477 2792 530 2860; x_wconf 83' lang='lat'><strong>29[,</strong></span> <span class='ocrx_word' id='word_1_215' title='bbox 541 2792 609 2860; x_wconf 85' lang='lat' dir='ltr'><strong>3o]):</strong></span> 
     </span>
    </p>
   </div>
   <div class='ocr_carea' id='block_1_6' title="bbox 144 2943 1258 4526">
    <p class='ocr_par' dir='ltr' id='par_1_6' title="bbox 144 2943 1258 4526">
     <span class='ocr_line' id='line_1_26' title="bbox 145 2943 1233 3029; baseline -0.005 -22"><span class='ocrx_word' id='word_1_216' title='bbox 145 2946 199 3028; x_wconf 90' lang='lat' dir='ltr'><strong>qui</strong></span> <span class='ocrx_word' id='word_1_217' title='bbox 223 2946 265 3008; x_wconf 88' lang='lat' dir='ltr'><strong>de</strong></span> <span class='ocrx_word' id='word_1_218' title='bbox 288 2946 338 3007; x_wconf 91' lang='lat' dir='ltr'><strong>his</strong></span> <span class='ocrx_word' id='word_1_219' title='bbox 362 2945 464 3008; x_wconf 92' lang='lat' dir='ltr'><strong>modo</strong></span> <span class='ocrx_word' id='word_1_220' title='bbox 488 2943 688 3029; x_wconf 87' lang='lat' dir='ltr'><strong>naturaliter</strong></span> <span class='ocrx_word' id='word_1_221' title='bbox 710 2955 744 3007; x_wconf 90' lang='lat' dir='ltr'><strong>et</strong></span> <span class='ocrx_word' id='word_1_222' title='bbox 768 2964 835 3007; x_wconf 90' lang='lat' dir='ltr'><strong>non</strong></span> <span class='ocrx_word' id='word_1_223' title='bbox 859 2944 1077 3026; x_wconf 86' lang='lat' dir='ltr'><strong>spiritualiter</strong></span> <span class='ocrx_word' id='word_1_224' title='bbox 1096 2944 1233 3025; x_wconf 77' lang='lat' dir='ltr'><strong>cogitant,</strong></span> 
     </span>
     <span class='ocr_line' id='line_1_27' title="bbox 146 3027 1233 3122; baseline 0.001 -19"><span class='ocrx_word' id='word_1_225' title='bbox 146 3041 281 3103; x_wconf 88' lang='lat' dir='ltr'><strong>credere</strong></span> <span class='ocrx_word' id='word_1_226' title='bbox 298 3052 439 3121; x_wconf 89' lang='lat' dir='ltr'><strong>possunt</strong></span> <span class='ocrx_word' id='word_1_227' title='bbox 456 3040 546 3122; x_wconf 90' lang='lat' dir='ltr'><strong>quod</strong></span> <span class='ocrx_word' id='word_1_228' title='bbox 563 3040 646 3102; x_wconf 91' lang='lat' dir='ltr'><strong>haec</strong></span> <span class='ocrx_word' id='word_1_229' title='bbox 663 3040 743 3102; x_wconf 92' lang='lat' dir='ltr'><strong>nihil</strong></span> <span class='ocrx_word' id='word_1_230' title='bbox 760 3040 849 3103; x_wconf 89' lang='lat' dir='ltr'><strong>aliud</strong></span> <span class='ocrx_word' id='word_1_231' title='bbox 865 3039 1042 3103; x_wconf 87' lang='lat' dir='ltr'><strong>involvant</strong></span> <span class='ocrx_word' id='word_1_232' title='bbox 1056 3059 1153 3122; x_wconf 88' lang='lat' dir='ltr'><strong>quam</strong></span> <span class='ocrx_word' id='word_1_233' title='bbox 1166 3027 1233 3119; x_wconf 60' lang='lat' dir='ltr'><strong>qvod</strong></span> 
     </span>
     <span class='ocr_line' id='line_1_28' title="bbox 146 3126 1234 3215; baseline -0.001 -17"><span class='ocrx_word' id='word_1_234' title='bbox 146 3135 312 3198; x_wconf 90' lang='lat' dir='ltr'><strong>Dominus</strong></span> <span class='ocrx_word' id='word_1_235' title='bbox 325 3136 477 3207; x_wconf 89' lang='lat' dir='ltr'><strong>sitiverit,</strong></span> <span class='ocrx_word' id='word_1_236' title='bbox 489 3145 523 3197; x_wconf 93' lang='lat' dir='ltr'><strong>et</strong></span> <span class='ocrx_word' id='word_1_237' title='bbox 536 3135 627 3215; x_wconf 92' lang='lat' dir='ltr'><strong>quod</strong></span> <span class='ocrx_word' id='word_1_238' title='bbox 643 3134 710 3215; x_wconf 82' lang='lat' dir='ltr'><strong>Ipsi</strong></span> <span class='ocrx_word' id='word_1_239' title='bbox 723 3145 802 3197; x_wconf 91' lang='lat' dir='ltr'><strong>tunc</strong></span> <span class='ocrx_word' id='word_1_240' title='bbox 817 3134 933 3196; x_wconf 87' lang='lat' dir='ltr'><strong>datum</strong></span> <span class='ocrx_word' id='word_1_241' title='bbox 946 3143 1096 3211; x_wconf 88' lang='lat' dir='ltr'><strong>acetum;</strong></span> <span class='ocrx_word' id='word_1_242' title='bbox 1115 3133 1169 3197; x_wconf 84' lang='lat' dir='ltr'><strong>sed</strong></span> <span class='ocrx_word' id='word_1_243' title='bbox 1178 3126 1234 3212; x_wconf 61' lang='grc' dir='ltr'><strong>φή*</strong></span> 
     </span>
     <span class='ocr_line' id='line_1_29' title="bbox 145 3221 1232 3316; baseline -0.005 -22"><span class='ocrx_word' id='word_1_244' title='bbox 145 3240 225 3294; x_wconf 92' lang='lat' dir='ltr'><strong>tunc</strong></span> <span class='ocrx_word' id='word_1_245' title='bbox 242 3231 355 3293; x_wconf 91' lang='lat' dir='ltr'><strong>omnia</strong></span> <span class='ocrx_word' id='word_1_246' title='bbox 368 3240 464 3292; x_wconf 92' lang='lat' dir='ltr'><strong>erant</strong></span> <span class='ocrx_word' id='word_1_247' title='bbox 478 3239 713 3291; x_wconf 91' lang='lat' dir='ltr'><strong>consummata</strong></span> <span class='ocrx_word' id='word_1_248' title='bbox 726 3249 810 3310; x_wconf 91' lang='lat' dir='ltr'><strong>quae</strong></span> <span class='ocrx_word' id='word_1_249' title='bbox 827 3227 998 3316; x_wconf 85' lang='lat' dir='ltr'><strong>Scriptura</strong></span> <span class='ocrx_word' id='word_1_250' title='bbox 1010 3229 1054 3291; x_wconf 88' lang='lat' dir='ltr'><strong>de</strong></span> <span class='ocrx_word' id='word_1_251' title='bbox 1072 3226 1147 3311; x_wconf 89' lang='lat' dir='ltr'><strong>Ipso</strong></span> <span class='ocrx_word' id='word_1_252' title='bbox 1157 3221 1232 3289; x_wconf 79' lang='lat' dir='ltr'><strong>dixit</strong></span> 
     </span>
     <span class='ocr_line' id='line_1_30' title="bbox 145 3322 1233 3402; baseline -0.003 -15"><span class='ocrx_word' id='word_1_253' title='bbox 145 3345 183 3387; x_wconf 90' lang='lat' dir='ltr'><strong>ac</strong></span> <span class='ocrx_word' id='word_1_254' title='bbox 205 3325 370 3387; x_wconf 90' lang='lat' dir='ltr'><strong>Dominus</strong></span> <span class='ocrx_word' id='word_1_255' title='bbox 389 3325 421 3385; x_wconf 95' lang='lat' dir='ltr'><strong>in</strong></span> <span class='ocrx_word' id='word_1_256' title='bbox 439 3324 601 3385; x_wconf 93' lang='lat' dir='ltr'><strong>mundum</strong></span> <span class='ocrx_word' id='word_1_257' title='bbox 619 3324 711 3385; x_wconf 87' lang='lat' dir='ltr'><strong>venit</strong></span> <span class='ocrx_word' id='word_1_258' title='bbox 729 3335 764 3385; x_wconf 93' lang='lat' dir='ltr'><strong>ut</strong></span> <span class='ocrx_word' id='word_1_259' title='bbox 781 3322 927 3385; x_wconf 91' lang='lat' dir='ltr'><strong>salvaret</strong></span> <span class='ocrx_word' id='word_1_260' title='bbox 946 3340 1055 3402; x_wconf 84' lang='lat' dir='ltr'><strong>genus</strong></span> <span class='ocrx_word' id='word_1_261' title='bbox 1070 3323 1233 3386; x_wconf 67' lang='lat' dir='ltr'><strong>humanm</strong></span> 
     </span>
     <span class='ocr_line' id='line_1_31' title="bbox 144 3411 1234 3499; baseline -0.006 -18"><span class='ocrx_word' id='word_1_262' title='bbox 144 3418 222 3481; x_wconf 90' lang='lat' dir='ltr'><strong>ideo</strong></span> <span class='ocrx_word' id='word_1_263' title='bbox 245 3419 343 3491; x_wconf 89' lang='lat' dir='ltr'><strong>dixit,</strong></span> <span class='ocrx_word' id='word_1_264' title='bbox 369 3417 512 3493; x_wconf 59' lang='lat' dir='ltr'><strong>“Sitia”</strong></span> <span class='ocrx_word' id='word_1_265' title='bbox 536 3438 595 3499; x_wconf 88' lang='lat' dir='ltr'><strong>per</strong></span> <span class='ocrx_word' id='word_1_266' title='bbox 617 3417 707 3499; x_wconf 90' lang='lat' dir='ltr'><strong>quod</strong></span> <span class='ocrx_word' id='word_1_267' title='bbox 736 3417 934 3498; x_wconf 86' lang='lat' dir='ltr'><strong>intelligitur</strong></span> <span class='ocrx_word' id='word_1_268' title='bbox 957 3419 1048 3499; x_wconf 90' lang='lat' dir='ltr'><strong>quod</strong></span> <span class='ocrx_word' id='word_1_269' title='bbox 1072 3439 1116 3482; x_wconf 89' lang='lat' dir='ltr'><strong>ex</strong></span> <span class='ocrx_word' id='word_1_270' title='bbox 1139 3411 1234 3479; x_wconf 69' lang='lat' dir='ltr'><strong>mvn</strong></span> 
     </span>
     <span class='ocr_line' id='line_1_32' title="bbox 145 3494 1233 3592; baseline -0.001 -17"><span class='ocrx_word' id='word_1_271' title='bbox 145 3532 259 3575; x_wconf 88' lang='lat' dir='ltr'><strong>amore</strong></span> <span class='ocrx_word' id='word_1_272' title='bbox 270 3514 373 3575; x_wconf 88' lang='lat' dir='ltr'><strong>vellet</strong></span> <span class='ocrx_word' id='word_1_273' title='bbox 386 3524 421 3575; x_wconf 93' lang='lat' dir='ltr'><strong>et</strong></span> <span class='ocrx_word' id='word_1_274' title='bbox 433 3513 638 3574; x_wconf 87' lang='lat' dir='ltr'><strong>desideraret</strong></span> <span class='ocrx_word' id='word_1_275' title='bbox 650 3512 793 3574; x_wconf 89' lang='lat' dir='ltr'><strong>salutem</strong></span> <span class='ocrx_word' id='word_1_276' title='bbox 806 3512 940 3592; x_wconf 87' lang='lat' dir='ltr'><strong>generis</strong></span> <span class='ocrx_word' id='word_1_277' title='bbox 953 3512 1091 3575; x_wconf 89' lang='lat' dir='ltr'><strong>humani</strong></span> <span class='ocrx_word' id='word_1_278' title='bbox 1104 3533 1112 3590; x_wconf 87' lang='lat'>;</span> <span class='ocrx_word' id='word_1_279' title='bbox 1126 3520 1159 3574; x_wconf 87' lang='lat' dir='ltr'><strong>at</strong></span> <span class='ocrx_word' id='word_1_280' title='bbox 1167 3494 1233 3590; x_wconf 70' lang='lat' dir='ltr'><strong>quod</strong></span> 
     </span>
     <span class='ocr_line' id='line_1_33' title="bbox 147 3595 1258 3688; baseline -0.009 -18"><span class='ocrx_word' id='word_1_281' title='bbox 147 3614 309 3670; x_wconf 88' lang='lat' dir='ltr'><strong>“acetum</strong></span> <span class='ocrx_word' id='word_1_282' title='bbox 327 3607 394 3688; x_wconf 90' lang='lat' dir='ltr'><strong>Ipsi</strong></span> <span class='ocrx_word' id='word_1_283' title='bbox 410 3607 527 3669; x_wconf 90' lang='lat' dir='ltr'><strong>datum</strong></span> <span class='ocrx_word' id='word_1_284' title='bbox 543 3606 610 3668; x_wconf 84' lang='lat' dir='ltr'><strong>sit‘’</strong></span> <span class='ocrx_word' id='word_1_285' title='bbox 623 3605 788 3686; x_wconf 84' lang='lat' dir='ltr'><strong>significat</strong></span> <span class='ocrx_word' id='word_1_286' title='bbox 805 3605 895 3687; x_wconf 90' lang='lat' dir='ltr'><strong>quod</strong></span> <span class='ocrx_word' id='word_1_287' title='bbox 911 3607 944 3669; x_wconf 91' lang='lat' dir='ltr'><strong>in</strong></span> <span class='ocrx_word' id='word_1_288' title='bbox 961 3618 1105 3676; x_wconf 86' lang='lat' dir='ltr'><strong>ventura</strong></span> <span class='ocrx_word' id='word_1_289' title='bbox 1119 3595 1233 3679; x_wconf 73' lang='lat' dir='ltr'><strong>eeclesia</strong></span> <span class='ocrx_word' id='word_1_290' title='bbox 1255 3654 1258 3661; x_wconf 92' lang='lat'><em>.</em></span> 
     </span>
     <span class='ocr_line' id='line_1_34' title="bbox 147 3687 1233 3781; baseline -0.001 -17"><span class='ocrx_word' id='word_1_291' title='bbox 147 3721 213 3764; x_wconf 92' lang='lat' dir='ltr'><strong>non</strong></span> <span class='ocrx_word' id='word_1_292' title='bbox 231 3701 316 3764; x_wconf 82' lang='lat' dir='ltr'><strong>soret</strong></span> <span class='ocrx_word' id='word_1_293' title='bbox 333 3703 514 3781; x_wconf 87' lang='lat' dir='ltr'><strong>genuinum</strong></span> <span class='ocrx_word' id='word_1_294' title='bbox 532 3719 659 3772; x_wconf 87' lang='lat' dir='ltr'><strong>verum,</strong></span> <span class='ocrx_word' id='word_1_295' title='bbox 676 3700 736 3762; x_wconf 94' lang='lat' dir='ltr'><strong>sed</strong></span> <span class='ocrx_word' id='word_1_296' title='bbox 752 3718 867 3762; x_wconf 89' lang='lat' dir='ltr'><strong>verum</strong></span> <span class='ocrx_word' id='word_1_297' title='bbox 884 3701 1029 3763; x_wconf 91' lang='lat' dir='ltr'><strong>mixtum</strong></span> <span class='ocrx_word' id='word_1_298' title='bbox 1046 3701 1145 3773; x_wconf 82' lang='lat' dir='ltr'><strong>salsis,</strong></span> <span class='ocrx_word' id='word_1_299' title='bbox 1160 3687 1233 3777; x_wconf 77' lang='lat' dir='ltr'><strong>quale</strong></span> 
     </span>
     <span class='ocr_line' id='line_1_35' title="bbox 145 3792 1234 3876; baseline -0.007 -18"><span class='ocrx_word' id='word_1_300' title='bbox 145 3807 198 3858; x_wconf 87' lang='lat' dir='ltr'><strong>est</strong></span> <span class='ocrx_word' id='word_1_301' title='bbox 217 3796 304 3876; x_wconf 89' lang='lat' dir='ltr'><strong>apud</strong></span> <span class='ocrx_word' id='word_1_302' title='bbox 329 3795 404 3857; x_wconf 93' lang='lat' dir='ltr'><strong>illos</strong></span> <span class='ocrx_word' id='word_1_303' title='bbox 424 3796 478 3876; x_wconf 91' lang='lat' dir='ltr'><strong>qui</strong></span> <span class='ocrx_word' id='word_1_304' title='bbox 502 3792 602 3857; x_wconf 88' lang='lat' dir='ltr'><strong>fidem</strong></span> <span class='ocrx_word' id='word_1_305' title='bbox 625 3805 782 3875; x_wconf 85' lang='lat' dir='ltr'><strong>separant</strong></span> <span class='ocrx_word' id='word_1_306' title='bbox 805 3815 825 3856; x_wconf 89' lang='lat' dir='ltr'><strong>a</strong></span> <span class='ocrx_word' id='word_1_307' title='bbox 846 3794 1012 3857; x_wconf 88' lang='lat' dir='ltr'><strong>charitate</strong></span> <span class='ocrx_word' id='word_1_308' title='bbox 1032 3815 1091 3859; x_wconf 88' lang='lat' dir='ltr'><strong>seu</strong></span> <span class='ocrx_word' id='word_1_309' title='bbox 1109 3799 1234 3857; x_wconf 78' lang='lat' dir='ltr'><strong>verun²</strong></span> 
     </span>
     <span class='ocr_line' id='line_1_36' title="bbox 145 3878 1233 3971; baseline -0.013 -20"><span class='ocrx_word' id='word_1_310' title='bbox 145 3889 255 3965; x_wconf 93' lang='lat' dir='ltr'><strong>bono;</strong></span> <span class='ocrx_word' id='word_1_311' title='bbox 279 3889 312 3951; x_wconf 92' lang='lat' dir='ltr'><strong>id</strong></span> <span class='ocrx_word' id='word_1_312' title='bbox 332 3909 391 3970; x_wconf 91' lang='lat' dir='ltr'><strong>per</strong></span> <span class='ocrx_word' id='word_1_313' title='bbox 408 3896 569 3951; x_wconf 87' lang='lat' dir='ltr'><strong>“acetum</strong></span> <span class='ocrx_word' id='word_1_314' title='bbox 578 3888 593 3911; x_wconf 91' lang='lat'><strong>”</strong></span> <span class='ocrx_word' id='word_1_315' title='bbox 609 3888 834 3968; x_wconf 81' lang='lat' dir='ltr'><strong>significatur3</strong></span> <span class='ocrx_word' id='word_1_316' title='bbox 858 3889 948 3970; x_wconf 93' lang='lat' dir='ltr'><strong>quod</strong></span> <span class='ocrx_word' id='word_1_317' title='bbox 966 3890 1173 3971; x_wconf 87' lang='lat' dir='ltr'><strong>“hyssopum</strong></span> <span class='ocrx_word' id='word_1_318' title='bbox 1187 3878 1233 3942; x_wconf 91' lang='lat' dir='ltr'><strong>cir·</strong></span> 
     </span>
     <span class='ocr_line' id='line_1_37' title="bbox 145 3981 1233 4064; baseline -0.006 -18"><span class='ocrx_word' id='word_1_319' title='bbox 145 3983 430 4064; x_wconf 85' lang='lat' dir='ltr'><strong>composuerunt”</strong></span> <span class='ocrx_word' id='word_1_320' title='bbox 440 3981 606 4063; x_wconf 85' lang='lat' dir='ltr'><strong>significat</strong></span> <span class='ocrx_word' id='word_1_321' title='bbox 617 3981 796 4064; x_wconf 90' lang='lat' dir='ltr'><strong>aliqualem</strong></span> <span class='ocrx_word' id='word_1_322' title='bbox 810 3981 1076 4064; x_wconf 87' lang='lat' dir='ltr'><strong>purificationem</strong></span> <span class='ocrx_word' id='word_1_323' title='bbox 1090 3982 1164 4063; x_wconf 87' lang='lat' dir='ltr'><strong>ejus,</strong></span> <span class='ocrx_word' id='word_1_324' title='bbox 1176 3984 1233 4040; x_wconf 74' lang='lat' dir='ltr'><strong>nam</strong></span> 
     </span>
     <span class='ocr_line' id='line_1_38' title="bbox 146 4075 1233 4163; baseline -0.005 -23"><span class='ocrx_word' id='word_1_325' title='bbox 146 4078 424 4159; x_wconf 84' lang='lat' dir='ltr'><strong>per“hyssopum</strong></span> <span class='ocrx_word' id='word_1_326' title='bbox 435 4075 449 4100; x_wconf 89' lang='lat'><strong>&#39;&#39;</strong></span> <span class='ocrx_word' id='word_1_327' title='bbox 460 4075 666 4156; x_wconf 84' lang='lat' dir='ltr'><strong>significatur</strong></span> <span class='ocrx_word' id='word_1_328' title='bbox 677 4077 823 4163; x_wconf 92' lang='lat' dir='ltr'><strong>medium</strong></span> <span class='ocrx_word' id='word_1_329' title='bbox 834 4075 1073 4157; x_wconf 83' lang='lat' dir='ltr'><strong>purificationis</strong></span> <span class='ocrx_word' id='word_1_330' title='bbox 1082 4077 1233 4140; x_wconf 67' lang='lat' dir='ltr'><strong>externum</strong></span> 
     </span>
     <span class='ocr_line' id='line_1_39' title="bbox 146 4166 1234 4249; baseline -0.004 -20"><span class='ocrx_word' id='word_1_331' title='bbox 146 4187 265 4242; x_wconf 75' lang='lat' dir='ltr'><strong>(videatur</strong></span> <span class='ocrx_word' id='word_1_332' title='bbox 279 4197 301 4229; x_wconf 84' lang='lat' dir='ltr'><strong>n.</strong></span> <span class='ocrx_word' id='word_1_333' title='bbox 315 4185 395 4242; x_wconf 82' lang='lat' dir='ltr'><strong>791⁸l·</strong></span> <span class='ocrx_word' id='word_1_334' title='bbox 440 4167 542 4248; x_wconf 86' lang='lat' dir='ltr'><strong>Quod</strong></span> <span class='ocrx_word' id='word_1_335' title='bbox 565 4168 701 4248; x_wconf 87' lang='lat' dir='ltr'><strong>singula</strong></span> <span class='ocrx_word' id='word_1_336' title='bbox 723 4189 810 4249; x_wconf 91' lang='lat' dir='ltr'><strong>quae</strong></span> <span class='ocrx_word' id='word_1_337' title='bbox 832 4169 865 4229; x_wconf 91' lang='lat' dir='ltr'><strong>in</strong></span> <span class='ocrx_word' id='word_1_338' title='bbox 888 4167 1008 4231; x_wconf 90' lang='lat' dir='ltr'><strong>Verbo</strong></span> <span class='ocrx_word' id='word_1_339' title='bbox 1030 4166 1234 4231; x_wconf 72' lang='lat' dir='ltr'><strong>memorantur</strong></span> 
     </span>
     <span class='ocr_line' id='line_1_40' title="bbox 145 4251 1232 4340; baseline -0.008 -15"><span class='ocrx_word' id='word_1_340' title='bbox 145 4262 188 4325; x_wconf 89' lang='lat' dir='ltr'><strong>de</strong></span> <span class='ocrx_word' id='word_1_341' title='bbox 205 4262 362 4323; x_wconf 88' lang='lat' dir='ltr'><strong>Passione</strong></span> <span class='ocrx_word' id='word_1_342' title='bbox 380 4260 527 4333; x_wconf 91' lang='lat' dir='ltr'><strong>Domini,</strong></span> <span class='ocrx_word' id='word_1_343' title='bbox 544 4261 720 4322; x_wconf 91' lang='lat' dir='ltr'><strong>involvant</strong></span> <span class='ocrx_word' id='word_1_344' title='bbox 737 4273 771 4322; x_wconf 92' lang='lat' dir='ltr'><strong>et</strong></span> <span class='ocrx_word' id='word_1_345' title='bbox 788 4259 978 4340; x_wconf 85' lang='lat' dir='ltr'><strong>significent</strong></span> <span class='ocrx_word' id='word_1_346' title='bbox 996 4260 1118 4322; x_wconf 91' lang='lat' dir='ltr'><strong>Divina</strong></span> <span class='ocrx_word' id='word_1_347' title='bbox 1132 4251 1232 4322; x_wconf 68' lang='lat' dir='ltr'><strong>caelet·</strong></span> 
     </span>
     <span class='ocr_line' id='line_1_41' title="bbox 146 4336 1231 4434; baseline -0.014 -19"><span class='ocrx_word' id='word_1_348' title='bbox 146 4355 194 4415; x_wconf 88' lang='lat' dir='ltr'><strong>tia</strong></span> <span class='ocrx_word' id='word_1_349' title='bbox 215 4363 249 4414; x_wconf 90' lang='lat' dir='ltr'><strong>et</strong></span> <span class='ocrx_word' id='word_1_350' title='bbox 273 4351 472 4434; x_wconf 88' lang='lat' dir='ltr'><strong>spiritualia,</strong></span> <span class='ocrx_word' id='word_1_351' title='bbox 492 4351 649 4414; x_wconf 88' lang='lat' dir='ltr'><strong>videatur</strong></span> <span class='ocrx_word' id='word_1_352' title='bbox 667 4371 768 4432; x_wconf 90' lang='lat' dir='ltr'><strong>supra</strong></span> <span class='ocrx_word' id='word_1_353' title='bbox 787 4353 896 4430; x_wconf 72' lang='lat' dir='ltr'><strong>(n.83).</strong></span> <span class='ocrx_word' id='word_1_354' title='bbox 940 4350 998 4413; x_wconf 90' lang='lat' dir='ltr'><strong>Ex</strong></span> <span class='ocrx_word' id='word_1_355' title='bbox 1021 4371 1122 4434; x_wconf 91' lang='lat' dir='ltr'><strong>supra</strong></span> <span class='ocrx_word' id='word_1_356' title='bbox 1140 4336 1231 4412; x_wconf 74' lang='lat' dir='ltr'><strong>allatis</strong></span> 
     </span>
     <span class='ocr_line' id='line_1_42' title="bbox 146 4442 1232 4526; baseline -0.003 -17"><span class='ocrx_word' id='word_1_357' title='bbox 146 4445 229 4509; x_wconf 89' lang='lat' dir='ltr'><strong>locis</strong></span> <span class='ocrx_word' id='word_1_358' title='bbox 242 4455 397 4508; x_wconf 88' lang='lat' dir='ltr'><strong>constare</strong></span> <span class='ocrx_word' id='word_1_359' title='bbox 410 4454 524 4525; x_wconf 88' lang='lat' dir='ltr'><strong>potest</strong></span> <span class='ocrx_word' id='word_1_360' title='bbox 538 4444 616 4525; x_wconf 89' lang='lat' dir='ltr'><strong>quid</strong></span> <span class='ocrx_word' id='word_1_361' title='bbox 629 4449 648 4474; x_wconf 84' lang='lat'><strong>‘¹</strong></span> <span class='ocrx_word' id='word_1_362' title='bbox 659 4442 786 4506; x_wconf 85' lang='lat' dir='ltr'><strong>sames”</strong></span> <span class='ocrx_word' id='word_1_363' title='bbox 799 4445 832 4505; x_wconf 94' lang='lat' dir='ltr'><strong>in</strong></span> <span class='ocrx_word' id='word_1_364' title='bbox 846 4443 962 4507; x_wconf 89' lang='lat' dir='ltr'><strong>Verbo</strong></span> <span class='ocrx_word' id='word_1_365' title='bbox 974 4443 1155 4526; x_wconf 58' lang='lat' dir='ltr'><strong>significan</strong></span> <span class='ocrx_word' id='word_1_366' title='bbox 1169 4448 1232 4500; x_wconf 66' lang='lat' dir='ltr'><strong>exi·</strong></span> 
     </span>
    </p>
   </div>
   <div class='ocr_carea' id='block_1_7' title="bbox 0 0 1346 4988">
    <p class='ocr_par' dir='ltr' id='par_1_7' title="bbox 0 0 1346 4988">
     <span class='ocr_line' id='line_1_43' title="bbox 0 0 1346 4988; baseline 0 0"><span class='ocrx_word' id='word_1_367' title='bbox 0 0 1346 4988; x_wconf 95' lang='lat' dir='ltr'><strong> </strong></span> 
     </span>
    </p>
   </div>
  </div>
 </body>
</html>
