2716 4986
128 493 208 559 13oe
434 491 683 542 APOCALYPSIS
706 491 933 542 EXPLICATA.

123 659 260 721 catione
279 656 503 732 “absinthii''
519 658 609 740 quod
628 658 672 720 sit
691 676 809 720 verum
828 657 975 719 mixtum
995 655 1085 719 salso
1103 655 1179 719 mali
1194 672 1228 729 (a

121 775 170 820 qua
183 763 208 808 tn
222 776 279 808 mox
294 764 416 821 superiore
429 764 560 820 micum:
591 767 636 809 ex
663 745 715 808 his
741 756 904 809 constare
926 757 1046 827 potest
1070 747 1159 828 quod
1178 765 1229 827 pet

124 837 239 902 “lacta
258 849 311 902 est
332 841 433 902 tertia
456 860 532 920 pars
552 838 787 913 absinthium‚’¹
805 838 1013 919 significetur
1031 839 1124 920 quod
1142 857 1231 902 omne

121 953 236 996 verum
260 935 292 996 in
317 932 492 997 intellectu
515 944 551 997 et
573 935 607 996 in
627 930 781 996 doetrina
803 935 949 995 mixtum
973 934 1018 995 sit
1044 932 1131 996 salso
1153 933 1232 996 mali.

121 1027 217 1091 Tunc
236 1047 351 1090 verum
371 1029 530 1090 miscetur
548 1027 633 1089 salso
656 1027 746 1100 mali,
765 1027 901 1109 quando
924 1027 1016 1088 mala
1035 1029 1139 1102 vitae,
1158 1048 1233 1109 quae

121 1133 199 1185 sunt
222 1123 398 1192 adulteria.
419 1123 657 1198 scortationes,
677 1142 789 1197 neces,
809 1122 887 1184 odia
909 1123 991 1184 varii
1015 1125 1162 1203 generis,
1180 1125 1234 1186 ini·

122 1218 277 1290 micitiae,
295 1217 475 1297 injustitiae
495 1227 634 1296 propter
650 1216 753 1289 lucra,
771 1216 857 1278 surta
876 1226 910 1278 et
931 1215 1113 1280 latrocinia
1131 1227 1237 1281 astuta

120 1319 155 1373 et
180 1310 400 1381 clandestina,
421 1322 525 1383 astus,
546 1310 626 1383 doli,
650 1321 685 1373 et
709 1310 839 1383 similia,
863 1330 922 1391 per
945 1331 1084 1374 sensum
1109 1310 1236 1375 litterae

122 1403 226 1466 Verbi
244 1403 504 1480 confirmantur3
529 1405 683 1468 similiter
699 1404 783 1467 salsa
798 1405 969 1484 religionis
989 1405 1034 1467 ab
1053 1404 1189 1488 illisqui
1206 1406 1235 1468 in

121 1517 234 1562 amore
261 1500 320 1571 sui,
347 1508 381 1561 et
411 1498 488 1561 inde
519 1499 551 1560 in
583 1499 670 1561 lastu
698 1500 850 1579 propriae
875 1498 1128 1579 intelligentiae
1155 1511 1237 1563 sunt.

121 1591 221 1672 Quod
236 1603 314 1654 tunc
328 1613 407 1654 vera
418 1594 624 1655 misceantur
634 1593 724 1655 falsis
737 1592 844 1664 malis,
855 1603 907 1655 est
920 1595 998 1674 quia
1010 1594 1127 1657 omnia
1140 1594 1238 1657 Verbi

121 1697 199 1749 sunt
222 1707 312 1760 vera,
337 1687 396 1749 sed
421 1707 497 1750 cum
520 1687 733 1768 applicantur
756 1696 791 1749 et
816 1687 1030 1750 deducuntur
1052 1687 1097 1750 ad
1122 1687 1238 1752 contir-

122 1780 244 1843 manda
267 1781 356 1843 mala
374 1782 464 1843 vitae
488 1791 523 1844 et
547 1781 710 1862 principia
732 1779 903 1861 religionis
926 1780 1020 1854 salsa,
1044 1791 1127 1845 tunc
1150 1802 1237 1846 eom-

122 1874 305 1938 miscentur
323 1896 403 1938 vera
422 1875 526 1938 Verbi
550 1873 640 1937 salsis
664 1874 762 1951 mali;
791 1894 850 1954 per
868 1875 957 1957 quod
982 1876 1057 1955 ipsa
1076 1897 1157 1940 vera
1174 1896 1237 1940 non

121 1969 264 2050 amplius
291 1968 373 2033 fiunt
402 1991 491 2043 vera,
517 1971 578 2033 sed
605 1990 685 2032 vera
711 1967 897 2044 falsificata,
923 1991 1008 2052 quae
1040 1972 1073 2033 in
1101 1993 1139 2035 se
1165 1980 1238 2034 sunt

122 2063 214 2126 laisa.
265 2064 357 2127 Vera
387 2085 503 2128 sensus
534 2065 667 2127 litterae
695 2063 810 2138 Verbi,
837 2075 873 2126 ut
902 2076 1126 2146 permaneant
1152 2086 1238 2139 vera,

122 2158 324 2239 applicanda
346 2171 425 2222 sunt
448 2160 491 2222 ad
515 2157 782 2222 confirmandum
803 2159 893 2222 bona
912 2161 1015 2234 vitae,
1035 2171 1071 2223 et
1095 2162 1140 2224 ad
1162 2180 1237 2225 con-

122 2250 320 2315 firmandum
340 2254 501 2334 principia
518 2273 596 2315 vera
615 2252 806 2333 religionis;
829 2254 856 2315 si
875 2274 919 2315 ex
936 2254 995 2317 illa
1013 2254 1238 2336 applicatione

122 2357 158 2409 ut
177 2345 242 2409 fine
264 2348 487 2411 detrahuntur
505 2359 540 2410 et
559 2346 782 2421 abducuntur,
802 2367 870 2410 non
890 2359 968 2411 sunt
988 2370 1070 2412 vera
1087 2350 1237 2432 amplius,

122 2442 281 2521 quoniam
306 2462 373 2504 non
398 2452 450 2504 est
473 2440 584 2524 aliqua
607 2443 780 2522 perceptio
803 2443 872 2505 veri
895 2443 928 2504 in
951 2443 1026 2506 illis.
1073 2444 1130 2507 Ex
1154 2447 1239 2508 bono

121 2535 214 2598 venit
233 2537 406 2616 perceptio
425 2537 504 2610 verI,
522 2555 589 2599 non
608 2547 722 2599 autem
741 2557 786 2598 ex
805 2535 914 2599 malo:
939 2549 992 2601 est
1012 2540 1103 2601 enim
1123 2541 1156 2602 in
1175 2540 1237 2602 sin·

121 2631 208 2710 gulis
233 2629 337 2692 Verbi
361 2630 552 2711 conjugium
576 2631 645 2692 veri
669 2641 704 2693 et
728 2632 826 2707 boni;
856 2653 957 2713 quare
981 2634 1008 2694 si
1032 2636 1120 2697 veris
1140 2633 1237 2697 Verbi

122 2746 189 2788 non
208 2726 296 2788 inest
317 2726 441 2788 bonum
461 2746 480 2787 a
500 2726 717 2807 percipiente,
738 2737 816 2789 sunt
835 2748 913 2789 vera
932 2729 1062 2809 absque
1081 2750 1142 2791 sua
1160 2749 1236 2793 con·

122 2830 224 2894 sorte,
248 2831 283 2883 et
308 2830 448 2901 possunt
472 2821 514 2883 ad
543 2841 757 2902 quascunque
780 2822 983 2900 cupiditates
1011 2823 1119 2886 malas
1142 2836 1177 2887 et
1198 2824 1236 2886 ad

121 2935 339 2996 quaeeunque
359 2915 520 2996 principia
539 2914 622 2977 salsa
640 2916 811 2995 applicari,
831 2926 865 2977 et
890 2917 936 2978 sic
957 2915 1025 2978 lieri
1048 2917 1133 2981 salsa
1151 2918 1234 2980 mali.

122 3010 175 3073 lta
198 3007 415 3072 falsificantur
438 3029 517 3071 vera
540 3008 645 3071 Verbi
672 3010 716 3071 ab
738 3010 892 3072 omnibus
919 3010 984 3072 illis
1009 3012 1066 3092 qui
1092 3013 1125 3074 in
1154 3012 1235 3075 fastu

121 3103 274 3184 propriae
294 3101 541 3183 intelligentiae
560 3112 638 3165 sunt
658 3124 702 3165 ex
719 3122 834 3165 amore
853 3105 924 3179 sui;
949 3105 1039 3166 intus
1056 3107 1147 3169 enim
1163 3126 1235 3187 reg·

122 3209 204 3260 nant
228 3198 337 3259 omnis
360 3198 493 3276 generis
516 3196 606 3259 mala
628 3217 807 3259 examore
830 3199 889 3269 sui.
914 3210 949 3260 et
973 3200 1084 3261 omnis
1108 3195 1235 3281 'generis

120 3291 204 3354 salsa
231 3312 275 3354 ex
301 3291 389 3353 lastu
417 3293 569 3372 propriae
596 3291 842 3372 intelligentiae
869 3294 966 3368 inde;
997 3295 1058 3357 sed
1087 3306 1186 3358 extra
1207 3297 1235 3357 in

121 3385 255 3468 loquela
274 3397 308 3449 et
327 3386 579 3466 praedicatione
599 3397 676 3449 sunt
696 3406 775 3448 vera
798 3408 842 3449 ex
863 3386 990 3459 Verbo,
1011 3410 1098 3470 quae
1118 3400 1236 3452 sonant

119 3499 233 3543 eoram
249 3479 314 3542 illis
330 3482 384 3561 qui
401 3482 433 3542 in
450 3480 592 3560 sImplici
609 3481 699 3542 bono
715 3492 794 3544 sunt
811 3491 847 3543 ut
863 3502 953 3553 vera,
968 3483 1029 3545 sed
1046 3484 1138 3546 intus
1153 3482 1235 3565 apud

120 3574 316 3657 loquentem
341 3596 399 3636 seu
423 3576 675 3655 praedicantem
695 3581 830 3638 scatent
853 3578 963 3638 omnis
986 3579 1122 3657 generis
1141 3578 1235 3641 salsis.

120 3667 247 3731 Verum
265 3667 369 3730 Verbi
388 3668 476 3748 apud
496 3668 571 3730 illos
590 3679 643 3731 est
662 3670 747 3731 sicut
765 3690 825 3731 vas
844 3690 961 3750 purum
980 3682 1016 3733 et
1037 3673 1190 3747 nitidum,
1206 3673 1235 3734 in

119 3782 186 3844 quo
198 3772 275 3824 sunt
289 3782 395 3846 aquae
408 3782 558 3843 spurcae,
570 3783 655 3844 quae
670 3782 736 3824 non
750 3774 966 3844 transparent
981 3785 1041 3845 per
1054 3787 1115 3828 vas
1128 3784 1235 3829 coram

119 3857 184 3919 illis
202 3857 257 3938 qui
275 3857 309 3918 in
328 3856 472 3938 simplici
492 3857 581 3920 bono
597 3866 685 3932 sunt,
702 3857 763 3920 sed
784 3858 960 3922 manifeste
976 3880 1093 3923 coram
1110 3859 1236 3942 angelis

120 3950 213 4013 caeli.

177 4061 270 4128 521.
299 4047 357 4107 “fr
368 4045 458 4109 multi
468 4045 603 4110 bominac
616 4047 732 4109 monui
741 4054 815 4111 aunt
830 4068 872 4110 οι
883 4048 1151 4132 aqum-Quod
1169 4051 1234 4132 sig·

120 4137 232 4202 nificet
248 4139 338 4220 quod
349 4160 458 4202 omnes
474 4139 535 4220 qui
546 4138 630 4202 tales
642 4149 707 4221 per
712 4138 824 4220 salsa,
841 4140 876 4202 in
891 4161 975 4222 quae
988 4162 1148 4206 conversa
1163 4151 1236 4206 sunt

14 4238 16 4243 ’
118 4255 198 4296 vera
218 4232 326 4307 Verbi,
335 4233 508 4315 perierint,
526 4245 663 4297 constat
679 4255 724 4297 ex
741 4233 989 4315 significatione
1004 4237 1213 4301 “multorum
1221 4234 1235 4260 '¹

118 4329 150 4391 in
171 4327 298 4402 Verbo,
319 4328 409 4409 quod
432 4330 499 4392 sint
523 4330 716 4410 omnesqui
736 4330 843 4407 tales;
871 4340 907 4392 et
926 4351 971 4392 ex
991 4331 1234 4412 significatione

119 4421 259 4494 “mori''
278 4421 368 4503 quod
392 4424 434 4485 sit
458 4424 565 4503 perire
588 4423 701 4506 quoad
720 4425 825 4488 vitam
849 4424 1059 4506 spiritualem
1082 4446 1122 4491 ac
1141 4427 1233 4490 dam·
