2684 4988
108 470 172 535 816
417 486 667 539 nvoeaavams
689 484 915 544 exsucata

158 654 225 704 “Sic
236 655 308 704 dices
321 656 354 704 ad
366 670 413 704 eos
416 693 485 713 .....
490 657 535 720 qui
548 657 574 706 in
588 656 758 706 vastitatibus
772 656 863 718 gladio
874 656 1034 711 morientur,
1048 665 1077 703 et
1093 654 1137 717 qui
1148 664 1215 715 supet

237 721 353 769 iaciebus
365 723 423 783 agri
436 722 508 771 ferae
521 723 591 772 dabo
603 738 664 771 eum
678 722 713 771 ad
722 723 923 776 devorandum:
937 721 1023 783 etqui
1037 722 1064 768 in
1075 717 1213 768 munitioni·

237 787 286 834 bus
299 798 325 835 et
337 787 458 835 cavernis
471 799 546 849 peste
559 789 722 847 morientur;
740 789 809 836 dabo
826 788 900 836 enim
918 797 1018 835 terram
1030 784 1208 835 desolationem

236 861 263 900 et
275 853 427 901 vastitatem
436 851 450 871 '⁹
467 853 570 914 (xxxiii.
584 865 624 913 27.
637 853 693 914 abl:

107 983 219 1063 agitur
236 982 291 1045 hic
308 983 350 1046 de
370 984 586 1048 desolatione
605 985 715 1047 omnis
734 985 803 1047 veri
822 993 857 1047 et
877 983 919 1046 de
936 983 1129 1045 vastatione
1144 998 1198 1043 ont·

110 1079 161 1141 nis
184 1078 262 1140 boni
286 1079 319 1140 in
343 1079 498 1151 ecclesia,
519 1091 556 1141 ut
579 1099 713 1160 quoque
736 1079 867 1150 dicitur,
890 1077 1021 1139 “Dabo
1041 1086 1154 1139 terram
1170 1074 1193 1136 in

109 1172 357 1235 desolationem
374 1184 409 1236 et
426 1175 625 1236 vastitatem
639 1172 664 1248 ;”
682 1180 701 1205 “
711 1182 801 1235 terra
809 1172 824 1196 ''
837 1170 1009 1253 significat
1024 1170 1190 1233 ecclesian:

111 1269 194 1349 “qui
216 1268 250 1329 in
269 1268 487 1330 vastitatibus
506 1267 623 1348 gladio
642 1267 827 1330 morientur
836 1267 851 1291 ”
869 1265 1040 1346 significat
1059 1263 1137 1346 quod
1150 1263 1188 1344 qui

107 1362 141 1423 in
161 1359 354 1424 scientificis
373 1363 511 1443 perituri
530 1363 598 1424 sint
618 1382 677 1443 per
695 1361 790 1433 salsa,
810 1359 997 1424 scientifica
1014 1361 1098 1422 enim
1114 1365 1186 1420 natu·

107 1455 186 1518 ralis
210 1455 356 1517 hominis
383 1456 510 1537 absque
541 1456 615 1518 luce
644 1477 689 1517 ex
713 1454 877 1536 spirituali
904 1453 1130 1534 intelliguntur
1146 1451 1183 1512 hit

108 1570 167 1632 per
184 1551 394 1612 “vastitates
406 1549 432 1611 :''
452 1552 536 1633 “qui
556 1570 656 1631 super
671 1549 819 1612 faciebus
837 1551 909 1630 agri
930 1548 1020 1611 ferae
1039 1547 1118 1609 dabo
1131 1563 1182 1607 eun

107 1643 150 1704 ad
177 1643 426 1705 devorandum”
449 1643 618 1724 significat
645 1643 735 1726 quod
759 1645 814 1724 qui
842 1644 874 1705 in
902 1641 1137 1723 cognitionibus
1152 1656 1181 1699 ex

108 1736 225 1799 Verbo
244 1738 380 1819 perituri
400 1739 468 1801 sint
489 1759 548 1819 per
564 1738 654 1800 mala
671 1737 769 1814 falsi3
795 1736 926 1800 “facies
949 1738 1021 1817 agri
1030 1736 1044 1759 ”
1061 1744 1127 1797 sunt
1142 1730 1182 1793 illa

108 1852 193 1913 quae
213 1831 388 1906 ecclesiae,
409 1833 462 1894 hic
483 1835 699 1914 cognitiones
722 1853 766 1895 ex
788 1831 915 1905 Verbo,
938 1831 1055 1894 “sera”
1072 1838 1115 1892 est
1132 1845 1182 1889 rna·

109 1926 177 1987 lum
196 1925 287 1987 salsi:
315 1928 398 2008 “qui
418 1928 450 1988 in
471 1927 713 1989 munitionibus
732 1937 767 1989 et
787 1927 941 1989 cavernis
961 1936 1057 2007 peste
1074 1922 1182 1986 morien·

109 2029 163 2082 tur
172 2019 187 2043 ”
206 2019 374 2100 significat
394 2023 448 2102 qui
468 2042 504 2083 se
524 2020 809 2084 confirmaverunt
833 2022 866 2083 in
890 2019 982 2082 falsis
1001 2030 1035 2082 et
1057 2017 1137 2081 malis
1152 2031 1182 2074 ex

108 2113 236 2186 Verbo,
265 2126 299 2176 et
330 2116 384 2196 qui
413 2136 457 2176 ex
486 2115 691 2189 scientificis,
721 2115 812 2195 quod
840 2134 975 2195 prorsus
998 2134 1042 2176 ex
1064 2110 1183 2175 maliset

108 2206 199 2269 salsis
224 2209 359 2288 perituri
389 2210 456 2272 sint
476 2230 483 2284 ;
509 2210 742 2270 “munitiones
752 2208 766 2232 ”
785 2218 864 2270 sunt
887 2207 1144 2282 confirmationes
1153 2216 1184 2260 ex

109 2300 236 2375 Verbo,
269 2301 487 2363 “cavernae”
517 2313 597 2364 sunt
629 2301 906 2365 confirmationes
936 2323 982 2364 ex
1013 2292 1184 2369 scientificist

109 2395 199 2476 quod
227 2395 310 2457 haec
336 2393 570 2475 significentur
593 2417 652 2477 per
675 2395 734 2457 illa
752 2395 867 2469 verba,
887 2415 955 2457 non
981 2395 1080 2456 videri
1100 2393 1185 2473 potest

110 2489 171 2550 nisi
191 2509 235 2550 ex
254 2490 338 2550 serie
362 2490 394 2550 in
414 2509 515 2551 sensu
534 2491 681 2562 interno,
702 2491 814 2570 agitur
832 2491 933 2572 ¹enim,
955 2499 991 2551 ut
1014 2484 1126 2550 didtum
1141 2487 1186 2545 est.

71 2571 75 2577 ’
109 2583 152 2646 de
172 2583 272 2646 totali
291 2584 486 2645 vastatione
507 2583 682 2645 ecclesiae.
728 2582 832 2665 Apud
852 2584 1009 2658 eundem,

163 2726 296 2776 “Mittam
307 2742 444 2787 supervos
455 2727 553 2774 famem
564 2737 590 2775 et
602 2728 685 2775 ieram
696 2728 803 2784 malam.
815 2736 841 2776 et
850 2729 943 2775 orbam
955 2724 1073 2776 [¹¹iaciarn
1081 2735 1112 2781 te,
1121 2730 1143 2771 et
1149 2725 1194 2789 βξ,

239 2793 273 2840 tis
283 2803 309 2840 et
322 2793 432 2853 sanguis
442 2793 569 2840 transibit
581 2807 628 2854 per
638 2804 672 2851 te,
684 2793 814 2854 imprimis
823 2794 941 2854 gladium
951 2794 1079 2841 adducam
1087 2789 1180 2852 superte

239 2857 275 2918 (v.
289 2857 343 2917 Ι7)τ

112 2971 201 3054 apud
220 2970 375 3044 eundem,

162 3083 302 3147 “Quando
312 3084 414 3131 misero
423 3084 450 3131 in
459 3083 473 3102 ’'
484 3094 581 3133 terram
596 3084 728 3141 “iamem,
739 3094 766 3133 et
778 3085 932 3134 exscindam
944 3082 989 3149 [ex
1001 3081 1044 3148 ea]
1054 3068 1212 3133 hominemet

241 3149 353 3196 bestiam
365 3163 382 3204 ;.
394 3186 399 3197 .
410 3186 415 3197 .
426 3150 544 3211 .quando
563 3148 646 3197 ieram
665 3150 762 3198 malam
782 3151 895 3199 transire
912 3151 1002 3199 iecero
1019 3165 1066 3212 per
1079 3131 1215 3204 terrama,

240 3214 374 3261 orbaverit
383 3214 464 3270 iilam,
476 3224 504 3262 ut
515 3214 559 3261 fiat
567 3215 706 3271 desolatio,
718 3216 755 3263 ita
764 3226 792 3264 ut
801 3230 855 3263 non
866 3216 999 3263 transiens
1009 3225 1115 3277 propter
1122 3203 1209 3261 lef⁸m

245 3289 332 3329 ....et
353 3280 459 3341 quando
477 3280 613 3327 adduxero
636 3280 754 3340 gladium
758 3317 828 3336 .....
833 3291 860 3329 et
883 3281 982 3328 misero
1005 3291 1151 3342 pestemt..
1169 3261 1215 3315 ”¹³

240 3345 347 3406 quando
362 3354 475 3406 quatuor
486 3344 585 3405 judicia
597 3360 656 3392 mea
674 3346 753 3400 mala,
765 3346 891 3406 gladium,
907 3345 1015 3400 famem.
1032 3346 1113 3393 ieram
1125 3323 1215 3391 ruff*

241 3420 268 3457 et
287 3420 397 3470 pestem.
413 3410 512 3457 misero
531 3424 612 3471 super
631 3408 859 3473 Hierosolymam,
873 3411 906 3458 ad
924 3410 1131 3460 exscindendam
1142 3396 1215 3453 εἷ’

240 3475 377 3522 hominem
390 3484 417 3522 et
430 3474 565 3523 bestiam”
577 3475 640 3534 (xiv.
657 3487 695 3535 13,
709 3487 747 3535 15,
762 3488 799 3534 17,
817 3489 854 3537 19·
868 3478 923 3536 ati:

110 3604 143 3665 in
167 3622 268 3664 sensu
291 3603 426 3664 interno
456 3622 515 3683 per
540 3604 771 3666 “exscindere
798 3603 971 3666 hominem
998 3612 1033 3666 et
1060 3595 1215 3684 bestia?

111 3693 319 3776 significatur
338 3695 518 3777 deprivare
538 3696 629 3757 omni
649 3695 826 3760 afleiiione
845 3698 925 3760 boni
944 3708 979 3760 et
998 3699 1068 3760 veri
1087 3708 1180 3760 tani
1212 3693 1215 3733 ³

111 3795 209 3848 terna
227 3806 286 3847 seu
302 3786 469 3867 spirituali
486 3806 588 3867 quam
605 3796 753 3849 externa
770 3809 829 3850 seu
846 3789 1016 3865 naturali3
1041 3805 1117 3862 (quon
1129 3795 1214 3849 not

111 3877 255 3925 “hominem
271 3888 294 3925 et
304 3881 404 3925 bestiam
413 3881 426 3896 ''
442 3881 465 3925 in
480 3882 562 3926 Verbo
576 3882 729 3939 significetur,
741 3884 849 3928 videatur
864 3897 886 3929 n.
901 3897 969 3940 742⁴·
984 3896 1052 3941 7523,
1063 3884 1145 3942 7872;)
1207 3864 1215 3926 Ῑ

112 3956 288 4018 “samem''
315 3955 524 4036 significatur
554 3957 745 4038 deprivatio
772 3960 851 4021 boni
879 3962 1014 4032 amoris,
1040 3981 1099 4041 per
1125 3964 1145 3991 ⁴‘
1163 3957 1215 4028 ἓ

110 4050 227 4112 dium”
256 4051 447 4131 deprivatio
482 4052 552 4113 veri
580 4051 668 4126 fidei,
700 4065 878 4134 utrumque
908 4074 968 4134 per
996 4053 1135 4129 salsum3
1200 4049 1215 4115 i

112 4143 245 4206 “seram
269 4142 393 4205 malam
403 4143 417 4166 ”
436 4145 627 4224 deprivatio
648 4149 820 4228 utriusque
844 4168 902 4228 per
922 4148 1011 4210 mala
1034 4149 1171 4211 amoris
1203 4145 1215 4186 ⁵

110 4248 146 4300 et
176 4237 311 4313 mundi;
343 4248 378 4299 et
407 4258 466 4318 per
495 4239 681 4319 “pestem'’
709 4241 901 4322 deprivatio
928 4243 1020 4304 vitae
1047 4217 1215 4323 spiritual

111 4332 206 4394 inde:
242 4331 326 4394 hacc
357 4342 523 4394 vocantur
556 4334 599 4395 ibi
633 4340 807 4415 “quatuor
832 4336 988 4415 judicia,”
1015 4339 1093 4418 quia
1125 4331 1215 4396 hom

107 4426 275 4508 judicatur
288 4446 332 4487 ex
345 4425 420 4488 illis.
453 4425 509 4487 Ex
524 4427 643 4490 horum
656 4440 691 4490 et
705 4431 983 4492 antecedentium
996 4423 1215 4513 explicatior
