2684 4988
117 472 197 540 ¹072
421 471 670 523 Arocnuvrsrs
693 471 921 522 errorem.

113 641 216 704 homo
234 649 287 703 est
306 641 338 703 in
361 639 420 704 illo
438 641 549 723 quoad
565 641 681 714 vitam,
700 649 781 703 tunc
801 640 969 702 Dominus
988 650 1043 704 est
1066 641 1099 702 in
1120 638 1170 703 illo
1183 648 1209 703 et

112 733 168 797 ille
184 736 216 797 in
234 734 401 810 Domin0;
426 735 514 797 unde
530 734 660 808 dicitur,
675 733 777 796 “Vos
792 735 825 796 in
843 734 950 797 Meet
967 733 1047 814 Ego
1062 735 1093 796 in
1105 732 1205 805 vobis*

112 839 147 890 et
174 828 264 910 quod
292 834 480 890 “venturus
507 837 542 892 et
572 828 781 890 mansionem
808 827 899 908 apud
928 827 1024 890 illurn
1051 825 1201 902 facturus?

112 923 176 985 hoc
200 924 313 1004 itaque
336 932 390 984 est
412 941 524 984 amare
549 922 672 1003 lpsum.
717 921 844 985 Amare
862 922 967 984 etiam
986 933 1039 984 est
1063 920 1195 1001 conjungi,

113 1035 191 1077 nam
214 1036 309 1078 amor
331 1027 383 1078 est
410 1013 601 1095 conjunctio
623 1015 813 1096 spiritualiS,
837 1024 872 1078 et
896 1013 1088 1096 conjunctio
1108 1014 1137 1076 fit
1155 1032 1195 1094 per

112 1111 341 1190 receptionem
367 1110 477 1173 Divini
501 1108 581 1172 Veri
604 1107 758 1172 doctrina
779 1121 814 1172 et
829 1111 918 1172 uita.
965 1109 1146 1190 Antequam
1163 1125 1192 1168 ex

113 1204 229 1267 Verbo
239 1204 526 1285 ostenditurquod
537 1203 887 1285 per“Jehudam,''seu
898 1224 958 1284 per
968 1201 1191 1281 tribumaJchu·

112 1298 179 1361 dah
193 1299 412 1369 nominatam,
427 1295 633 1378 significetur
645 1317 739 1360 amor
752 1298 784 1360 in
802 1298 998 1369 Dominum,
1011 1298 1129 1359 dicetur
1138 1291 1191 1375 quid

114 1391 306 1472 “Jehudah”
318 1391 350 1452 in
363 1391 454 1452 omni
468 1411 567 1452 sensu
580 1392 613 1453 in
626 1390 742 1454 Verbo
754 1390 933 1472 significat.
963 1388 1191 1471 “Jehudah”sig·

113 1483 226 1547 nificat
238 1486 270 1546 in
280 1504 381 1547 sensu
391 1503 547 1564 supremo
557 1485 738 1548 Dominum
745 1485 855 1567 quoad
867 1504 1019 1547 amorem
1027 1482 1191 1554 caelestem

112 1579 145 1640 in
162 1599 261 1640 sensu
277 1579 411 1641 interno
427 1598 567 1660 regnum
580 1579 728 1642 caeleste
745 1577 893 1651 Domini,
906 1588 942 1640 et
956 1577 1115 1650 Verbum;
1133 1571 1192 1636 etit

112 1692 211 1733 sensu
221 1682 367 1734 externo
377 1669 592 1734 doctriname
603 1671 719 1735 Verbo
728 1692 812 1753 quae
823 1682 876 1734 est
886 1673 982 1752 regni
997 1670 1156 1733 caelestis:
1168 1672 1192 1727 et

111 1767 188 1846 quia
207 1764 373 1846 significat
397 1767 430 1827 in
449 1785 606 1846 supremo
624 1786 722 1828 sensu
747 1766 931 1828 Dominum
950 1765 1061 1848 quoad
1079 1776 1192 1825 amorem

111 1858 306 1934 caelestem,
323 1870 358 1922 et
377 1860 410 1922 in
430 1879 529 1922 sensu
547 1861 682 1922 interno
700 1879 839 1940 regnum
859 1859 1022 1933 caeleste,
1040 1860 1132 1921 etiam
1147 1855 1195 1935 sig·

113 1952 225 2015 nificat
245 1973 394 2016 amorem
414 1954 447 2016 in
468 1953 661 2028 Dominum,
681 1973 759 2016 nam
778 1954 831 2016 hic
854 1973 950 2016 amor
971 1962 1023 2016 est
1043 1953 1195 2032 reciprocus

112 2048 201 2127 apud
220 2047 401 2118 hominem,
421 2058 456 2110 et
475 2058 597 2128 regnat
620 2049 652 2110 in
671 2067 777 2128 regno
795 2046 935 2110 caelesti
956 2047 1097 2110 Domini.
1135 2042 1195 2106 Sunt

112 2141 179 2202 duo
197 2161 303 2222 regna
327 2142 359 2202 in
382 2162 467 2222 quae
491 2142 682 2204 universum
704 2141 834 2204 caelum
856 2138 1053 2204 distinctum
1070 2148 1126 2212 est,
1141 2153 1196 2216 reg·

114 2253 191 2295 num
212 2234 359 2297 caeleste
378 2244 412 2296 et
437 2254 578 2316 regnum
598 2233 787 2316 spirituale;
816 2254 959 2316 regnum
979 2233 1118 2296 caeleste
1136 2246 1196 2291 cou-

113 2328 200 2390 sistit
224 2349 268 2390 ex
292 2327 356 2390 illis
379 2329 434 2409 qui
457 2329 489 2390 in
513 2349 627 2391 amore
654 2329 686 2391 in
711 2327 893 2391 Dominum
917 2340 1008 2402 sunt,
1032 2338 1066 2390 et
1086 2337 1197 2406 regnum

112 2420 283 2502 spirituale
303 2443 346 2483 ex
370 2421 435 2485 illis
454 2423 509 2504 qui
532 2423 565 2485 in
584 2442 697 2486 amore
717 2442 797 2503 erga
816 2423 1010 2505 proximum
1028 2430 1118 2483 sunt:
1141 2413 1197 2480 inde

112 2526 208 2596 patet
224 2516 303 2597 quid
320 2504 520 2598 intelligitur
533 2536 592 2597 per
603 2537 753 2579 amorem
768 2516 951 2579 caelestem
965 2526 1000 2581 et
1014 2536 1071 2597 per
1081 2525 1199 2576 amorem

112 2607 334 2687 spiritualem.
365 2623 424 2680 (Sed
432 2625 462 2668 de
471 2624 507 2668 his
516 2624 594 2683 regnis
603 2625 712 2668 videatur
721 2624 744 2669 in
754 2637 827 2681 opere
837 2625 875 2668 De
887 2624 956 2669 Caelo
965 2629 988 2668 et
996 2624 1120 2683 Inferum.
1128 2614 1200 2675 Η.)

114 2698 207 2761 Haec
232 2700 298 2760 duo
322 2720 427 2780 regna
451 2701 752 2780 repraesentabant
770 2700 888 2781 Judaei
912 2710 947 2762 et
972 2698 1143 2769 israelitae,
1158 2693 1199 2775 Ju-

111 2792 185 2853 daei
200 2813 339 2872 regnum
354 2793 503 2855 caeleste
517 2806 551 2857 et
566 2795 739 2857 israelitae
757 2814 897 2874 regnum
911 2794 1091 2874 spirituale.
1123 2784 1200 2871 Quod

112 2885 315 2965 “Jehudah'‘
334 2888 435 2948 etiam
455 2887 622 2967 significet
643 2888 805 2961 Verbum,
826 2898 878 2950 est
898 2888 977 2968 quia
997 2887 1148 2949 Dominus
1161 2886 1200 2943 est

111 2977 283 3056 Verbum;
311 2990 346 3041 et
372 2979 566 3043 Humanum
592 2984 773 3062 assumpsit
802 2983 835 3043 in
862 2981 920 3043 illa
948 2982 1036 3044 tribu
1062 2991 1096 3042 ut
1115 2970 1200 3060 quoad

112 3071 305 3134 Humanum
333 3094 465 3155 quoque
493 3085 582 3138 esset
612 3075 783 3152 Verbum;
818 3076 1003 3138 secundum
1034 3077 1111 3139 haec
1134 3064 1200 3151 apud

112 3164 311 3240 Johannem,

161 3311 177 3330 ‘¹
188 3307 217 3356 ln
234 3309 362 3370 principio
377 3319 435 3358 erat
449 3310 575 3369 Verbum,
592 3321 619 3360 et
633 3311 751 3361 Verbum
766 3321 824 3361 erat
840 3314 911 3375 apud
931 3313 1029 3369 Deum,
1045 3323 1071 3362 et
1088 3312 1150 3362 Deus
1160 3310 1201 3356 effi

240 3373 356 3422 Verbum
367 3391 385 3423 :.
396 3411 402 3422 .
412 3411 418 3423 .
429 3386 467 3424 ‚et
481 3374 600 3424 Verbum
615 3376 686 3425 Caro
701 3374 801 3426 laetum
816 3387 866 3434 est,
884 3387 910 3426 et
929 3378 1060 3427 habitavit
1076 3378 1137 3426 inter
1149 3365 1201 3422 nos”

222 3438 264 3496 ’(ὶ.
280 3451 300 3495 1,
316 3439 370 3502 14)ss

111 3575 315 3640 “Verbum''
345 3580 512 3659 significat
546 3582 730 3645 Dominum
764 3584 877 3666 quoad
911 3585 1072 3647 Divinum
1102 3581 1201 3644 verum

109 3673 296 3747 procedens
324 3695 368 3735 ex
398 3673 521 3737 Divino
549 3675 679 3739 Amore
710 3677 839 3758 Ipsius;
874 3679 954 3740 inde
982 3690 1036 3741 est
1062 3675 1143 3759 quod
1163 3664 1201 3752 qul

108 3774 225 3825 amant
250 3764 407 3827 Divinum
431 3765 559 3830 Verum
584 3770 674 3849 quod
697 3771 731 3832 in
756 3771 884 3845 Verbo,
904 3772 1062 3835 faciendo
1084 3762 1202 3839 illuuin

109 3852 244 3919 Domini
268 3853 482 3922 amore'sint.
529 3860 630 3942 Quod
655 3863 822 3926 Dominus
844 3867 960 3946 quoad
984 3884 1130 3929 amorem
1149 3875 1204 3924 cae·

109 3946 239 4021 lestem,
257 3960 291 4012 et
311 3952 387 4012 inde
407 3973 502 4015 amor
521 3955 553 4016 in
571 3955 766 4031 Dominum,
783 3970 818 4021 et
838 3980 974 4040 quoque
996 3960 1152 4027 Verbum,
1164 3966 1206 4034 pei

109 4037 326 4118 “Jehudam”
354 4045 571 4123 significetur,
603 4062 762 4114 constare
793 4063 909 4133 potest
941 4075 987 4117 ex
1018 4049 1209 4138 sequentibus

107 4129 190 4192 locis
203 4134 359 4214 :-Apud
381 4137 507 4215 Mosen,

158 4272 303 4336 “Jebudah
318 4285 354 4332 tu,
370 4279 541 4352 celebrabunt
556 4292 581 4331 te
596 4283 692 4334 fratres
708 4287 762 4344 tul:
781 4302 878 4337 manus
893 4299 941 4338 tua
956 4291 984 4339 in
999 4292 1103 4340 cervice
1116 4287 1216 4339 hortium

236 4349 358 4388 tuorum:
378 4348 553 4395 incurvabunt
568 4363 596 4396 se
611 4349 658 4397 tibi
676 4350 721 4398 filii
740 4353 823 4414 patris
838 4355 885 4402 tui.
924 4353 1040 4405 Catulus
1055 4357 1140 4405 leonis
1154 4352 1218 4418 jebu·

234 4402 303 4460 dah;
321 4420 337 4452 a
351 4409 456 4466 praeda,
472 4410 507 4458 fili
523 4414 567 4469 mi,
582 4416 742 4465 ascendisti:
762 4420 883 4467 curvavit
898 4434 938 4479 se,
954 4423 1048 4472 cubuit
1060 4423 1129 4472 sicut
1141 4421 1218 4477 lem!
