2684 4988
124 471 204 553 1156
429 481 682 532 Anocnurrsss
704 481 932 532 exemeras.

121 654 284 720 “terror''
309 663 363 718 est
388 663 500 718 status
527 652 596 728 ille,
618 651 780 717 “scriba”
802 662 856 717 est
883 651 1129 734 intelligentia,
1156 655 1233 714 “ex-

119 750 296 832 pendens''
310 761 362 813 est
379 750 558 832 sapientia,
575 755 595 781 “
605 758 714 812 turres
722 748 737 772 ''
750 758 829 811 sunt
842 769 923 811 vera
940 748 1128 823 interiora;
1147 743 1229 828 quale

119 865 237 909 eorum
271 845 445 908 destruere
479 865 539 926 per
569 842 827 907 falsificationes
858 841 1071 924 significatur
1101 841 1153 903 hic
1179 859 1225 922 per

121 946 327 1003 “numerare
336 939 411 1002 illas
423 939 450 1002 :”
470 945 490 972 ‘⁸
501 937 665 1022 populum
673 937 890 1002 obfirmatum
899 957 968 999 non
977 937 1107 999 videbis
1115 935 1129 960 ”
1137 935 1219 1015 signi·

118 1033 198 1098 licat
211 1034 288 1098 illos
301 1036 356 1118 qui
370 1036 402 1097 in
416 1034 507 1097 salsis
522 1034 613 1107 mali,
625 1043 661 1097 et
672 1028 846 1097 abstratle
859 1031 917 1094 illa
930 1031 1035 1094 falsa:
1055 1036 1074 1062 “
1083 1029 1213 1114 populun

119 1130 388 1212 profunditatum
413 1128 515 1192 labii’·
540 1126 711 1209 significat
734 1126 819 1190 salsa
842 1123 1020 1189 doctrinae
1044 1124 1210 1188 confirmata

118 1244 224 1306 usque
243 1224 286 1286 ad
306 1224 541 1305 apparentiam
561 1223 652 1300 veri;
679 1220 857 1285 “labium”
876 1220 1048 1301 significat
1067 1217 1209 1302 doitrinae

118 1338 245 1392 verum,
276 1318 328 1381 hic
357 1317 479 1381 falsum
507 1317 598 1399 quod
628 1336 696 1379 non
724 1317 835 1381 visuri.
882 1314 984 1397 Quod
1016 1310 1208 1377 “numerare''

118 1414 222 1476 etiam
242 1412 411 1494 significet
432 1412 521 1475 male
539 1413 731 1493 disponere,
748 1411 891 1493 proinde
907 1412 1083 1473 destruere
1100 1429 1152 1491 per
1163 1405 1205 1469 fal-

119 1506 336 1581 sificationes,
357 1517 497 1570 constat
516 1507 605 1588 apud
625 1505 782 1581 eundem,

169 1639 331 1702 “Ruptnras
344 1641 442 1689 domus
458 1639 569 1689 Davidis
584 1638 687 1688 vidistis
702 1638 773 1703 quod
788 1638 917 1701 plurimae
932 1639 995 1695 sint,
1012 1647 1040 1687 et
1056 1631 1203 1699 congregrati!

247 1720 331 1768 aquas
346 1707 465 1768 piscinae
483 1705 627 1762 inferioris,
643 1714 671 1753 et
687 1705 784 1753 domos
803 1703 1013 1768 Hierosolymae
1028 1701 1173 1756 numerastis.
1184 1705 1203 1745 tl

247 1772 421 1821 destrueretis
433 1771 531 1821 domos
545 1771 579 1819 ad
592 1770 767 1820 muniendum
780 1784 887 1818 murum
896 1769 911 1788 '¹
923 1768 997 1830 (xxii.
1010 1784 1034 1833 9,
1049 1773 1100 1831 rol:

118 1924 178 1985 per
209 1905 378 1967 “domum
410 1903 574 1967 Davidis''
605 1902 808 1985 intelligitur
841 1904 987 1966 ecclesia
1021 1902 1125 1985 quoad
1149 1917 1202 1964 verr

118 1994 311 2075 doetrinae;
331 2008 367 2061 et
384 2019 444 2080 per
459 2003 644 2080 “rupturas
660 1996 731 2079 ejus
738 1997 754 2021 '’
770 1996 1004 2079 significantur
1020 1997 1102 2060 salsa
1115 1998 1200 2058 irrun·

117 2094 253 2175 pentia;
278 2112 336 2174 per
354 2100 598 2174 “congregare
615 2112 721 2176 aquas
740 2092 889 2174 piscinae
909 2092 1095 2156 inferioris”
1107 2085 1201 2174 signifi·

117 2197 215 2250 catur
230 2188 393 2268 colligere
410 2187 505 2269 plura
521 2209 565 2250 ex
584 2207 684 2250 sensu
701 2186 838 2250 litterae
855 2184 962 2249 Verbi
978 2197 1013 2250 et
1030 2209 1075 2250 ex
1091 2181 1200 2250 naturali

116 2281 273 2359 homine;
311 2283 515 2364 “piscinae''
545 2283 578 2345 in
614 2282 856 2362 Hierosolyma
889 2281 1123 2363 significabant
1146 2296 1201 2344 verr

115 2376 228 2460 qualia
251 2387 329 2440 sunt
356 2379 389 2440 in
412 2376 518 2440 Verbi
542 2396 643 2439 sensu
665 2377 828 2440 exteriori
851 2387 887 2439 et
911 2377 1074 2453 interiori,
1098 2382 1199 2458 “aquae

115 2472 264 2554 piscinae
294 2470 496 2553 superioris'’
525 2492 604 2534 vera
638 2470 750 2554 qualia
780 2481 859 2534 sunt
891 2472 923 2534 in
955 2491 1058 2534 sensu
1088 2463 1201 2534 interiori

115 2565 232 2640 Verbi,
257 2576 292 2629 et
318 2573 455 2648 “aquae
480 2566 629 2648 piscinae
653 2566 815 2629 inferioris
824 2566 840 2589 ''
863 2587 944 2628 vera
967 2567 1080 2648 qualia
1100 2574 1163 2629 sunt
1178 2560 1200 2622 in

114 2681 215 2723 sensu
242 2662 415 2735 exteriori,
440 2662 496 2742 qui
523 2672 576 2724 est
604 2680 724 2723 sensus
752 2659 887 2724 litterae
916 2659 1045 2739 Verbi;
1077 2651 1200 2743 “aquae”

114 2756 203 2818 enim
224 2765 302 2818 sunt
322 2777 413 2829 vera,
434 2777 472 2819 ac
495 2757 675 2839 “piscinae
684 2755 699 2779 ’⁹
716 2757 750 2818 in
776 2755 1019 2837 Hierosolyma
1039 2757 1137 2820 simile
1152 2753 1199 2831 sig·

114 2848 253 2912 nificant
290 2869 329 2912 ac
366 2849 513 2912 “lacus'’
546 2860 582 2913 et
618 2850 774 2912 “maria'’
808 2854 909 2913 extra
946 2850 1197 2932 Hierosolymam,

114 2964 236 3026 nempe
268 2941 508 3007 collectionem
535 2965 671 3008 eorum:
707 2966 766 3026 per
794 2946 945 3007 “domos
975 2945 1199 3025 Hierosolyme

113 3058 289 3101 numerare
298 3039 313 3060 ”
329 3037 540 3119 significatur
556 3037 733 3102 falsificare
751 3040 840 3101 bona
857 3041 937 3113 veri,
956 3042 1102 3104 “domus
1110 3039 1123 3063 ”
1135 3034 1197 3100 enim

114 3132 430 3212 “Hierosolymae’'
453 3133 647 3215 significant
672 3134 762 3196 bona
786 3135 855 3196 veri
879 3134 1060 3210 ecclesiae,
1084 3145 1114 3198 et
1132 3138 1195 3192 “nu-

114 3247 243 3290 merare
253 3228 267 3250 '¹
291 3227 462 3309 significat
489 3229 625 3291 sinistre
652 3249 785 3310 capere,
811 3228 900 3291 male
927 3230 1112 3311 disponere,
1132 3216 1193 3307 quod

111 3333 164 3386 est
181 3321 264 3385 salse
282 3322 497 3403 interpretari
511 3343 569 3385 seu
583 3321 777 3385 falsificare:
798 3329 817 3353 ‘⁸
828 3334 865 3385 ut
878 3324 1097 3387 destrueretis
1108 3322 1194 3383 domos

111 3416 155 3479 ad
179 3417 399 3479 muniendum
419 3416 582 3490 murum,”
602 3415 772 3498 significat
797 3417 975 3480 destruere
998 3419 1056 3481 illa
1077 3418 1150 3480 bona
1164 3404 1192 3470 ad

112 3512 329 3574 condendum
360 3509 549 3574 dotlrinam
578 3512 611 3573 in
639 3533 705 3595 qua
734 3531 825 3574 mere
853 3512 958 3590 salsa3
993 3506 1191 3576 “murus''esl

112 3626 228 3669 verum
246 3604 421 3669 doetrinae
438 3616 567 3681 tutans,
585 3605 639 3669 hic
656 3605 871 3670 falsificatum
892 3609 970 3689 quia
986 3609 1105 3690 absque
1119 3605 1189 3665 boro-
1239 3625 1241 3629 ·

111 3701 167 3762 Ex
186 3701 237 3763 his
257 3711 416 3763 constare
435 3710 553 3783 potest
572 3702 651 3782 quid
672 3700 883 3783 significatur
902 3724 961 3784 per
977 3703 1064 3785 quod
1082 3708 1188 3760 “nune·
1239 3735 1241 3741 ·

110 3797 175 3858 rati
192 3797 260 3858 sint
277 3794 378 3870 dies,”
394 3801 412 3826 ‘⁶
422 3795 588 3877 gressus,'’
603 3795 719 3878 “pili,'’
736 3806 772 3858 ut
789 3798 823 3858 in
840 3798 1059 3879 sequentibus
1070 3781 1186 3870 :-Apud

114 3888 289 3963 Davidem,
1238 3886 1241 3921 ³

331 3991 348 4011 ‘⁸
356 3988 399 4036 Ad
410 3989 605 4038 numerandum
617 3990 676 4038 dies
689 3998 797 4039 nostros
805 3988 820 4008 ”
832 3989 888 4052 (Ps.
903 4005 944 4041 xe.
958 3991 1012 4056 12):

109 4103 200 4186 apud
218 4103 372 4179 Hrbbum,

349 4221 475 4269 “Annon
488 4235 598 4283 gressus
611 4237 687 4271 meos
700 4221 858 4275 numerasi'
870 4223 935 4285 (xiv.
948 4223 1004 4288 ruz)

107 4335 197 4416 apud
217 4336 375 4410 eundem,

159 4447 283 4498 “Nonne
292 4429 1182 4516 Illevidetviasmeas,etomnesgressusmeos1¹¹numeratr¹(mll²l
1239 4438 1241 4442 ¹
