<?xml version="1.0" encoding="UTF-8"?>
<!DOCTYPE html PUBLIC "-//W3C//DTD XHTML 1.0 Transitional//EN"
    "http://www.w3.org/TR/xhtml1/DTD/xhtml1-transitional.dtd">
<html xmlns="http://www.w3.org/1999/xhtml" xml:lang="en" lang="en">
 <head>
  <title>
</title>
<meta http-equiv="Content-Type" content="text/html;charset=utf-8" />
  <meta name='ocr-system' content='tesseract 3.04.00' />
  <meta name='ocr-capabilities' content='ocr_page ocr_carea ocr_par ocr_line ocrx_word'/>
</head>
<body>
  <div class='ocr_page' id='page_1' title='image "./apocalypsisexpl00swedgoog_0432.png"; bbox 0 0 2684 4988; ppageno 0'>
   <div class='ocr_carea' id='block_1_1' title="bbox 116 478 920 557">
    <p class='ocr_par' dir='ltr' id='par_1_1' title="bbox 116 478 920 557">
     <span class='ocr_line' id='line_1_1' title="bbox 116 478 920 557; baseline 0.004 -18"><span class='ocrx_word' id='word_1_1' title='bbox 116 478 195 557; x_wconf 85' lang='lat'>1096</span> <span class='ocrx_word' id='word_1_2' title='bbox 421 491 671 544; x_wconf 73' lang='lat' dir='ltr'>snocnurnsrs</span> <span class='ocrx_word' id='word_1_3' title='bbox 694 494 920 544; x_wconf 72' lang='lat' dir='ltr'>nxrnrcsrn.</span> 
     </span>
    </p>
   </div>
   <div class='ocr_carea' id='block_1_2' title="bbox 110 660 1228 2537">
    <p class='ocr_par' dir='ltr' id='par_1_2' title="bbox 111 660 1188 1028">
     <span class='ocr_line' id='line_1_2' title="bbox 111 660 1184 743; baseline 0.004 -21"><span class='ocrx_word' id='word_1_4' title='bbox 111 681 170 742; x_wconf 91' lang='lat' dir='ltr'>per</span> <span class='ocrx_word' id='word_1_5' title='bbox 188 667 207 692; x_wconf 79' lang='lat'>‘¹</span> <span class='ocrx_word' id='word_1_6' title='bbox 218 660 441 724; x_wconf 89' lang='lat' dir='ltr'>Reubenem”</span> <span class='ocrx_word' id='word_1_7' title='bbox 460 661 505 724; x_wconf 93' lang='lat' dir='ltr'>ibi</span> <span class='ocrx_word' id='word_1_8' title='bbox 523 660 725 743; x_wconf 85' lang='lat' dir='ltr'>intelligitur</span> <span class='ocrx_word' id='word_1_9' title='bbox 743 660 939 726; x_wconf 69' lang='lat' dir='ltr'>intelled&#39;tus</span> <span class='ocrx_word' id='word_1_10' title='bbox 957 662 1061 728; x_wconf 85' lang='lat' dir='ltr'>Verbi</span> <span class='ocrx_word' id='word_1_11' title='bbox 1077 662 1184 727; x_wconf 79' lang='lat' dir='ltr'>illustra·</span> 
     </span>
     <span class='ocr_line' id='line_1_3' title="bbox 111 755 1186 840; baseline 0.002 -24"><span class='ocrx_word' id='word_1_12' title='bbox 111 764 165 817; x_wconf 91' lang='lat' dir='ltr'>tus</span> <span class='ocrx_word' id='word_1_13' title='bbox 190 776 248 836; x_wconf 90' lang='lat' dir='ltr'>per</span> <span class='ocrx_word' id='word_1_14' title='bbox 276 755 385 818; x_wconf 91' lang='lat' dir='ltr'>lucem</span> <span class='ocrx_word' id='word_1_15' title='bbox 409 776 427 818; x_wconf 91' lang='lat' dir='ltr'>e</span> <span class='ocrx_word' id='word_1_16' title='bbox 451 755 568 832; x_wconf 90' lang='lat' dir='ltr'>caelo;</span> <span class='ocrx_word' id='word_1_17' title='bbox 600 767 635 819; x_wconf 94' lang='lat' dir='ltr'>et</span> <span class='ocrx_word' id='word_1_18' title='bbox 658 758 736 839; x_wconf 83' lang='lat' dir='ltr'>quia</span> <span class='ocrx_word' id='word_1_19' title='bbox 758 759 856 839; x_wconf 89' lang='lat' dir='ltr'>pauci</span> <span class='ocrx_word' id='word_1_20' title='bbox 882 766 962 821; x_wconf 91' lang='lat' dir='ltr'>sunt</span> <span class='ocrx_word' id='word_1_21' title='bbox 986 759 1041 840; x_wconf 94' lang='lat' dir='ltr'>qui</span> <span class='ocrx_word' id='word_1_22' title='bbox 1063 758 1186 839; x_wconf 87' lang='lat' dir='ltr'>recipiunt</span> 
     </span>
     <span class='ocr_line' id='line_1_4' title="bbox 111 850 1188 931; baseline 0.002 -19"><span class='ocrx_word' id='word_1_23' title='bbox 111 850 385 923; x_wconf 85' lang='lat' dir='ltr'>illustrationem,</span> <span class='ocrx_word' id='word_1_24' title='bbox 418 851 495 913; x_wconf 90' lang='lat' dir='ltr'>ideo</span> <span class='ocrx_word' id='word_1_25' title='bbox 524 850 657 924; x_wconf 87' lang='lat' dir='ltr'>dicitur,</span> <span class='ocrx_word' id='word_1_26' title='bbox 688 851 795 914; x_wconf 88' lang='lat' dir='ltr'>“Erit</span> <span class='ocrx_word' id='word_1_27' title='bbox 824 862 943 916; x_wconf 86' lang='lat' dir='ltr'>tamen</span> <span class='ocrx_word' id='word_1_28' title='bbox 976 853 1120 915; x_wconf 87' lang='lat' dir='ltr'>homines</span> <span class='ocrx_word' id='word_1_29' title='bbox 1142 850 1188 931; x_wconf 77' lang='lat' dir='ltr'>ejus</span> 
     </span>
     <span class='ocr_line' id='line_1_5' title="bbox 111 942 1101 1028; baseline 0.003 -23"><span class='ocrx_word' id='word_1_30' title='bbox 111 963 268 1005; x_wconf 89' lang='lat' dir='ltr'>numerus</span> <span class='ocrx_word' id='word_1_31' title='bbox 280 943 305 1018; x_wconf 87' lang='lat'>;&#39;‘</span> <span class='ocrx_word' id='word_1_32' title='bbox 331 943 541 1007; x_wconf 85' lang='lat' dir='ltr'>“numerus&#39;&#39;</span> <span class='ocrx_word' id='word_1_33' title='bbox 559 942 729 1025; x_wconf 84' lang='lat' dir='ltr'>significat</span> <span class='ocrx_word' id='word_1_34' title='bbox 748 965 893 1027; x_wconf 90' lang='lat' dir='ltr'>paucum</span> <span class='ocrx_word' id='word_1_35' title='bbox 912 956 950 1010; x_wconf 90' lang='lat' dir='ltr'>et</span> <span class='ocrx_word' id='word_1_36' title='bbox 969 966 1101 1028; x_wconf 89' lang='lat' dir='ltr'>paucos.</span> 
     </span>
    </p>

    <p class='ocr_par' dir='ltr' id='par_1_3' title="bbox 110 1044 1228 2537">
     <span class='ocr_line' id='line_1_6' title="bbox 173 1044 1228 1128; baseline 0.003 -20"><span class='ocrx_word' id='word_1_37' title='bbox 173 1044 241 1128; x_wconf 64' lang='grc' dir='ltr'>[ὠ]</span> <span class='ocrx_word' id='word_1_38' title='bbox 273 1044 374 1125; x_wconf 87' lang='lat' dir='ltr'>Quod</span> <span class='ocrx_word' id='word_1_39' title='bbox 405 1044 605 1107; x_wconf 82' lang='lat' dir='ltr'>“Reuben”</span> <span class='ocrx_word' id='word_1_40' title='bbox 632 1045 803 1126; x_wconf 83' lang='lat' dir='ltr'>significet</span> <span class='ocrx_word' id='word_1_41' title='bbox 831 1067 951 1109; x_wconf 90' lang='lat' dir='ltr'>verum</span> <span class='ocrx_word' id='word_1_42' title='bbox 980 1068 1026 1109; x_wconf 90' lang='lat' dir='ltr'>ex</span> <span class='ocrx_word' id='word_1_43' title='bbox 1052 1048 1133 1110; x_wconf 91' lang='lat' dir='ltr'>bono</span> <span class='ocrx_word' id='word_1_44' title='bbox 1151 1063 1191 1108; x_wconf 82' lang='lat' dir='ltr'>seu</span> <span class='ocrx_word' id='word_1_45' title='bbox 1226 1074 1228 1111; x_wconf 69' lang='grc' dir='ltr'><strong>ι</strong></span> 
     </span>
     <span class='ocr_line' id='line_1_7' title="bbox 110 1136 1192 1220; baseline 0.002 -21"><span class='ocrx_word' id='word_1_46' title='bbox 110 1136 211 1199; x_wconf 88' lang='lat' dir='ltr'>fidem</span> <span class='ocrx_word' id='word_1_47' title='bbox 230 1157 274 1199; x_wconf 90' lang='lat' dir='ltr'>ex</span> <span class='ocrx_word' id='word_1_48' title='bbox 294 1136 473 1208; x_wconf 86' lang='lat' dir='ltr'>charitate,</span> <span class='ocrx_word' id='word_1_49' title='bbox 495 1147 653 1201; x_wconf 88' lang='lat' dir='ltr'>constare</span> <span class='ocrx_word' id='word_1_50' title='bbox 673 1139 777 1202; x_wconf 89' lang='lat' dir='ltr'>etiam</span> <span class='ocrx_word' id='word_1_51' title='bbox 797 1149 913 1220; x_wconf 85' lang='lat' dir='ltr'>potest</span> <span class='ocrx_word' id='word_1_52' title='bbox 933 1160 980 1202; x_wconf 89' lang='lat' dir='ltr'>ex</span> <span class='ocrx_word' id='word_1_53' title='bbox 1003 1159 1100 1202; x_wconf 89' lang='lat' dir='ltr'>sensu</span> <span class='ocrx_word' id='word_1_54' title='bbox 1114 1155 1192 1220; x_wconf 69' lang='lat' dir='ltr'>oppu</span> 
     </span>
     <span class='ocr_line' id='line_1_8' title="bbox 111 1230 1194 1314; baseline 0.003 -23"><span class='ocrx_word' id='word_1_55' title='bbox 111 1233 188 1303; x_wconf 87' lang='lat' dir='ltr'>sito,</span> <span class='ocrx_word' id='word_1_56' title='bbox 203 1232 235 1292; x_wconf 91' lang='lat' dir='ltr'>in</span> <span class='ocrx_word' id='word_1_57' title='bbox 252 1251 318 1312; x_wconf 94' lang='lat' dir='ltr'>quo</span> <span class='ocrx_word' id='word_1_58' title='bbox 335 1231 438 1293; x_wconf 90' lang='lat' dir='ltr'>etiam</span> <span class='ocrx_word' id='word_1_59' title='bbox 452 1233 655 1294; x_wconf 88' lang='lat' dir='ltr'>nominatur.</span> <span class='ocrx_word' id='word_1_60' title='bbox 701 1231 740 1294; x_wconf 87' lang='lat' dir='ltr'>ln</span> <span class='ocrx_word' id='word_1_61' title='bbox 753 1252 795 1295; x_wconf 90' lang='lat' dir='ltr'>eo</span> <span class='ocrx_word' id='word_1_62' title='bbox 808 1252 909 1295; x_wconf 91' lang='lat' dir='ltr'>sensu</span> <span class='ocrx_word' id='word_1_63' title='bbox 925 1231 1092 1314; x_wconf 88' lang='lat' dir='ltr'>significat</span> <span class='ocrx_word' id='word_1_64' title='bbox 1104 1230 1194 1294; x_wconf 84' lang='lat' dir='ltr'>“Reu-</span> 
     </span>
     <span class='ocr_line' id='line_1_9' title="bbox 110 1324 1194 1409; baseline -0.003 -21"><span class='ocrx_word' id='word_1_65' title='bbox 110 1326 176 1388; x_wconf 89' lang='lat' dir='ltr'>ben</span> <span class='ocrx_word' id='word_1_66' title='bbox 186 1324 201 1348; x_wconf 92' lang='grc'>”</span> <span class='ocrx_word' id='word_1_67' title='bbox 228 1344 342 1387; x_wconf 92' lang='lat' dir='ltr'>verum</span> <span class='ocrx_word' id='word_1_68' title='bbox 371 1336 565 1406; x_wconf 87' lang='lat' dir='ltr'>separatum</span> <span class='ocrx_word' id='word_1_69' title='bbox 592 1346 613 1388; x_wconf 92' lang='lat' dir='ltr'>a</span> <span class='ocrx_word' id='word_1_70' title='bbox 642 1327 743 1401; x_wconf 92' lang='lat' dir='ltr'>bono,</span> <span class='ocrx_word' id='word_1_71' title='bbox 772 1347 831 1388; x_wconf 89' lang='lat' dir='ltr'>seu</span> <span class='ocrx_word' id='word_1_72' title='bbox 859 1324 961 1390; x_wconf 86' lang='lat' dir='ltr'>fidem</span> <span class='ocrx_word' id='word_1_73' title='bbox 989 1335 1194 1409; x_wconf 71' lang='lat' dir='ltr'>separatior</span> 
     </span>
     <span class='ocr_line' id='line_1_10' title="bbox 112 1419 1195 1502; baseline 0.002 -23"><span class='ocrx_word' id='word_1_74' title='bbox 112 1419 300 1480; x_wconf 84' lang='lat' dir='ltr'>charitate:</span> <span class='ocrx_word' id='word_1_75' title='bbox 335 1438 373 1480; x_wconf 90' lang='lat' dir='ltr'>ac</span> <span class='ocrx_word' id='word_1_76' title='bbox 401 1439 515 1481; x_wconf 90' lang='lat' dir='ltr'>verum</span> <span class='ocrx_word' id='word_1_77' title='bbox 543 1420 672 1502; x_wconf 87' lang='lat' dir='ltr'>absque</span> <span class='ocrx_word' id='word_1_78' title='bbox 698 1421 790 1483; x_wconf 92' lang='lat' dir='ltr'>bono</span> <span class='ocrx_word' id='word_1_79' title='bbox 817 1440 886 1483; x_wconf 94' lang='lat' dir='ltr'>non</span> <span class='ocrx_word' id='word_1_80' title='bbox 914 1431 968 1484; x_wconf 85' lang='lat' dir='ltr'>est</span> <span class='ocrx_word' id='word_1_81' title='bbox 991 1439 1103 1484; x_wconf 91' lang='lat' dir='ltr'>verum</span> <span class='ocrx_word' id='word_1_82' title='bbox 1125 1419 1195 1482; x_wconf 81' lang='lat' dir='ltr'>aliter</span> 
     </span>
     <span class='ocr_line' id='line_1_11' title="bbox 111 1512 1194 1596; baseline -0.002 -20"><span class='ocrx_word' id='word_1_83' title='bbox 111 1533 212 1596; x_wconf 86' lang='lat' dir='ltr'>quarn</span> <span class='ocrx_word' id='word_1_84' title='bbox 230 1513 332 1575; x_wconf 89' lang='lat' dir='ltr'>modo</span> <span class='ocrx_word' id='word_1_85' title='bbox 349 1514 460 1594; x_wconf 91' lang='lat' dir='ltr'>quoad</span> <span class='ocrx_word' id='word_1_86' title='bbox 477 1533 597 1577; x_wconf 90' lang='lat' dir='ltr'>vocem</span> <span class='ocrx_word' id='word_1_87' title='bbox 614 1524 649 1578; x_wconf 91' lang='lat' dir='ltr'>et</span> <span class='ocrx_word' id='word_1_88' title='bbox 665 1534 805 1590; x_wconf 89' lang='lat' dir='ltr'>sonum;</span> <span class='ocrx_word' id='word_1_89' title='bbox 830 1524 883 1578; x_wconf 93' lang='lat' dir='ltr'>est</span> <span class='ocrx_word' id='word_1_90' title='bbox 900 1517 991 1578; x_wconf 93' lang='lat' dir='ltr'>enim</span> <span class='ocrx_word' id='word_1_91' title='bbox 1008 1512 1194 1578; x_wconf 87' lang='lat' dir='ltr'>scientificum</span> 
     </span>
     <span class='ocr_line' id='line_1_12' title="bbox 111 1607 1195 1680; baseline -0.003 -10"><span class='ocrx_word' id='word_1_92' title='bbox 111 1608 262 1672; x_wconf 88' lang='lat' dir='ltr'>residens</span> <span class='ocrx_word' id='word_1_93' title='bbox 274 1609 306 1668; x_wconf 93' lang='lat' dir='ltr'>in</span> <span class='ocrx_word' id='word_1_94' title='bbox 322 1609 483 1670; x_wconf 89' lang='lat' dir='ltr'>memoria</span> <span class='ocrx_word' id='word_1_95' title='bbox 500 1608 663 1671; x_wconf 90' lang='lat' dir='ltr'>naturalis</span> <span class='ocrx_word' id='word_1_96' title='bbox 679 1608 836 1680; x_wconf 86' lang='lat' dir='ltr'>hominis,</span> <span class='ocrx_word' id='word_1_97' title='bbox 851 1610 901 1672; x_wconf 85' lang='lat' dir='ltr'>ita</span> <span class='ocrx_word' id='word_1_98' title='bbox 912 1609 1025 1672; x_wconf 91' lang='lat' dir='ltr'>solum</span> <span class='ocrx_word' id='word_1_99' title='bbox 1040 1611 1072 1672; x_wconf 94' lang='lat' dir='ltr'>in</span> <span class='ocrx_word' id='word_1_100' title='bbox 1088 1607 1195 1670; x_wconf 82' lang='lat' dir='ltr'>introitu</span> 
     </span>
     <span class='ocr_line' id='line_1_13' title="bbox 111 1699 1195 1782; baseline -0.002 -18"><span class='ocrx_word' id='word_1_101' title='bbox 111 1703 154 1764; x_wconf 90' lang='lat' dir='ltr'>ad</span> <span class='ocrx_word' id='word_1_102' title='bbox 178 1701 361 1775; x_wconf 89' lang='lat' dir='ltr'>hominem,</span> <span class='ocrx_word' id='word_1_103' title='bbox 386 1711 421 1764; x_wconf 91' lang='lat' dir='ltr'>et</span> <span class='ocrx_word' id='word_1_104' title='bbox 450 1721 517 1763; x_wconf 91' lang='lat' dir='ltr'>non</span> <span class='ocrx_word' id='word_1_105' title='bbox 546 1703 634 1764; x_wconf 91' lang='lat' dir='ltr'>intra</span> <span class='ocrx_word' id='word_1_106' title='bbox 662 1702 814 1764; x_wconf 90' lang='lat' dir='ltr'>illumin</span> <span class='ocrx_word' id='word_1_107' title='bbox 842 1703 912 1782; x_wconf 90' lang='lat' dir='ltr'>ejus</span> <span class='ocrx_word' id='word_1_108' title='bbox 940 1704 1021 1766; x_wconf 89' lang='lat' dir='ltr'>vita.</span> <span class='ocrx_word' id='word_1_109' title='bbox 1066 1699 1195 1765; x_wconf 75' lang='lat' dir='ltr'>Memoria</span> 
     </span>
     <span class='ocr_line' id='line_1_14' title="bbox 112 1795 1195 1872; baseline -0.004 -14"><span class='ocrx_word' id='word_1_110' title='bbox 112 1796 273 1859; x_wconf 84' lang='lat' dir='ltr'>naturalis</span> <span class='ocrx_word' id='word_1_111' title='bbox 296 1796 441 1858; x_wconf 92' lang='lat' dir='ltr'>hominis</span> <span class='ocrx_word' id='word_1_112' title='bbox 465 1805 517 1858; x_wconf 92' lang='lat' dir='ltr'>est</span> <span class='ocrx_word' id='word_1_113' title='bbox 542 1797 644 1858; x_wconf 92' lang='lat' dir='ltr'>modo</span> <span class='ocrx_word' id='word_1_114' title='bbox 663 1797 821 1859; x_wconf 91' lang='lat' dir='ltr'>introitus</span> <span class='ocrx_word' id='word_1_115' title='bbox 839 1798 882 1859; x_wconf 88' lang='lat' dir='ltr'>ad</span> <span class='ocrx_word' id='word_1_116' title='bbox 907 1796 1013 1872; x_wconf 90' lang='lat' dir='ltr'>illum,</span> <span class='ocrx_word' id='word_1_117' title='bbox 1035 1817 1094 1860; x_wconf 92' lang='lat' dir='ltr'>nec</span> <span class='ocrx_word' id='word_1_118' title='bbox 1111 1795 1142 1857; x_wconf 84' lang='lat' dir='ltr'>fit</span> <span class='ocrx_word' id='word_1_119' title='bbox 1156 1812 1195 1854; x_wconf 83' lang='lat' dir='ltr'>ve·</span> 
     </span>
     <span class='ocr_line' id='line_1_15' title="bbox 112 1889 1196 1972; baseline -0.003 -20"><span class='ocrx_word' id='word_1_120' title='bbox 112 1910 183 1952; x_wconf 93' lang='lat' dir='ltr'>rum</span> <span class='ocrx_word' id='word_1_121' title='bbox 207 1890 295 1971; x_wconf 90' lang='lat' dir='ltr'>apud</span> <span class='ocrx_word' id='word_1_122' title='bbox 320 1889 412 1952; x_wconf 91' lang='lat' dir='ltr'>illum</span> <span class='ocrx_word' id='word_1_123' title='bbox 436 1891 628 1972; x_wconf 90' lang='lat' dir='ltr'>priusquam</span> <span class='ocrx_word' id='word_1_124' title='bbox 648 1890 721 1952; x_wconf 89' lang='lat' dir='ltr'>vult</span> <span class='ocrx_word' id='word_1_125' title='bbox 748 1890 830 1952; x_wconf 94' lang='lat' dir='ltr'>illud</span> <span class='ocrx_word' id='word_1_126' title='bbox 853 1900 888 1953; x_wconf 94' lang='lat' dir='ltr'>et</span> <span class='ocrx_word' id='word_1_127' title='bbox 912 1890 993 1954; x_wconf 87' lang='lat' dir='ltr'>lacit</span> <span class='ocrx_word' id='word_1_128' title='bbox 1016 1890 1113 1967; x_wconf 88' lang='lat' dir='ltr'>illud;</span> <span class='ocrx_word' id='word_1_129' title='bbox 1137 1899 1196 1951; x_wconf 84' lang='lat' dir='ltr'>tunc</span> 
     </span>
     <span class='ocr_line' id='line_1_16' title="bbox 111 1983 1196 2067; baseline -0.005 -20"><span class='ocrx_word' id='word_1_130' title='bbox 111 1985 255 2067; x_wconf 92' lang='lat' dir='ltr'>primum</span> <span class='ocrx_word' id='word_1_131' title='bbox 278 1985 393 2057; x_wconf 86' lang='lat' dir='ltr'>intrat,</span> <span class='ocrx_word' id='word_1_132' title='bbox 418 1995 453 2047; x_wconf 91' lang='lat' dir='ltr'>et</span> <span class='ocrx_word' id='word_1_133' title='bbox 477 1985 600 2065; x_wconf 91' lang='lat' dir='ltr'>accipit</span> <span class='ocrx_word' id='word_1_134' title='bbox 623 1986 750 2062; x_wconf 90' lang='lat' dir='ltr'>vitam;</span> <span class='ocrx_word' id='word_1_135' title='bbox 782 1985 871 2066; x_wconf 86' lang='lat' dir='ltr'>prius</span> <span class='ocrx_word' id='word_1_136' title='bbox 899 2004 961 2048; x_wconf 91' lang='lat' dir='ltr'>nec</span> <span class='ocrx_word' id='word_1_137' title='bbox 992 1984 1096 2048; x_wconf 88' lang='lat' dir='ltr'>inlluit</span> <span class='ocrx_word' id='word_1_138' title='bbox 1119 1983 1196 2046; x_wconf 83' lang='lat' dir='ltr'>luxe</span> 
     </span>
     <span class='ocr_line' id='line_1_17' title="bbox 112 2075 1195 2160; baseline -0.003 -19"><span class='ocrx_word' id='word_1_139' title='bbox 112 2079 208 2142; x_wconf 88' lang='lat' dir='ltr'>caelo</span> <span class='ocrx_word' id='word_1_140' title='bbox 227 2089 262 2141; x_wconf 90' lang='lat' dir='ltr'>et</span> <span class='ocrx_word' id='word_1_141' title='bbox 281 2079 438 2141; x_wconf 91' lang='lat' dir='ltr'>illustrat.</span> <span class='ocrx_word' id='word_1_142' title='bbox 484 2077 599 2140; x_wconf 90' lang='lat' dir='ltr'>Simile</span> <span class='ocrx_word' id='word_1_143' title='bbox 618 2088 672 2142; x_wconf 91' lang='lat' dir='ltr'>est</span> <span class='ocrx_word' id='word_1_144' title='bbox 694 2098 770 2142; x_wconf 92' lang='lat' dir='ltr'>cum</span> <span class='ocrx_word' id='word_1_145' title='bbox 794 2077 858 2142; x_wconf 87' lang='lat' dir='ltr'>fide</span> <span class='ocrx_word' id='word_1_146' title='bbox 878 2089 1038 2160; x_wconf 87' lang='lat' dir='ltr'>separata</span> <span class='ocrx_word' id='word_1_147' title='bbox 1055 2100 1098 2143; x_wconf 87' lang='lat' dir='ltr'>ex</span> <span class='ocrx_word' id='word_1_148' title='bbox 1114 2075 1195 2140; x_wconf 83' lang='lat' dir='ltr'>chari·</span> 
     </span>
     <span class='ocr_line' id='line_1_18' title="bbox 111 2165 1194 2252; baseline -0.004 -17"><span class='ocrx_word' id='word_1_149' title='bbox 111 2183 194 2246; x_wconf 88' lang='lat' dir='ltr'>tate,</span> <span class='ocrx_word' id='word_1_150' title='bbox 216 2192 293 2234; x_wconf 89' lang='lat' dir='ltr'>nam</span> <span class='ocrx_word' id='word_1_151' title='bbox 313 2192 428 2235; x_wconf 91' lang='lat' dir='ltr'>verum</span> <span class='ocrx_word' id='word_1_152' title='bbox 448 2184 501 2235; x_wconf 92' lang='lat' dir='ltr'>est</span> <span class='ocrx_word' id='word_1_153' title='bbox 522 2171 597 2235; x_wconf 87' lang='lat' dir='ltr'>fidei</span> <span class='ocrx_word' id='word_1_154' title='bbox 621 2182 656 2236; x_wconf 93' lang='lat' dir='ltr'>et</span> <span class='ocrx_word' id='word_1_155' title='bbox 675 2174 801 2236; x_wconf 91' lang='lat' dir='ltr'>bonum</span> <span class='ocrx_word' id='word_1_156' title='bbox 820 2184 873 2236; x_wconf 90' lang='lat' dir='ltr'>est</span> <span class='ocrx_word' id='word_1_157' title='bbox 894 2174 1081 2236; x_wconf 87' lang='lat' dir='ltr'>charitatis.</span> <span class='ocrx_word' id='word_1_158' title='bbox 1120 2165 1194 2252; x_wconf 84' lang='lat' dir='ltr'>Quod</span> 
     </span>
     <span class='ocr_line' id='line_1_19' title="bbox 113 2266 1195 2350; baseline -0.004 -20"><span class='ocrx_word' id='word_1_159' title='bbox 113 2267 308 2330; x_wconf 84' lang='lat' dir='ltr'>“Reuben”</span> <span class='ocrx_word' id='word_1_160' title='bbox 328 2268 360 2329; x_wconf 93' lang='lat' dir='ltr'>in</span> <span class='ocrx_word' id='word_1_161' title='bbox 380 2268 538 2348; x_wconf 90' lang='lat' dir='ltr'>opposito</span> <span class='ocrx_word' id='word_1_162' title='bbox 558 2286 658 2329; x_wconf 91' lang='lat' dir='ltr'>sensu</span> <span class='ocrx_word' id='word_1_163' title='bbox 682 2266 850 2348; x_wconf 84' lang='lat' dir='ltr'>significet</span> <span class='ocrx_word' id='word_1_164' title='bbox 874 2267 976 2330; x_wconf 88' lang='lat' dir='ltr'>fidem</span> <span class='ocrx_word' id='word_1_165' title='bbox 998 2277 1195 2350; x_wconf 79' lang='lat' dir='ltr'>separatama</span> 
     </span>
     <span class='ocr_line' id='line_1_20' title="bbox 112 2357 1195 2442; baseline -0.003 -19"><span class='ocrx_word' id='word_1_166' title='bbox 112 2362 281 2423; x_wconf 90' lang='lat' dir='ltr'>charitate</span> <span class='ocrx_word' id='word_1_167' title='bbox 314 2372 472 2423; x_wconf 89' lang='lat' dir='ltr'>constare</span> <span class='ocrx_word' id='word_1_168' title='bbox 502 2371 619 2442; x_wconf 91' lang='lat' dir='ltr'>potest</span> <span class='ocrx_word' id='word_1_169' title='bbox 650 2363 695 2424; x_wconf 91' lang='lat' dir='ltr'>ab</span> <span class='ocrx_word' id='word_1_170' title='bbox 723 2361 891 2423; x_wconf 89' lang='lat' dir='ltr'>adulterio</span> <span class='ocrx_word' id='word_1_171' title='bbox 923 2361 995 2441; x_wconf 88' lang='lat' dir='ltr'>ejus</span> <span class='ocrx_word' id='word_1_172' title='bbox 1024 2382 1098 2425; x_wconf 92' lang='lat' dir='ltr'>curn</span> <span class='ocrx_word' id='word_1_173' title='bbox 1123 2357 1195 2422; x_wconf 73' lang='lat' dir='ltr'>Billa</span> 
     </span>
     <span class='ocr_line' id='line_1_21' title="bbox 111 2455 972 2537; baseline 0 -21"><span class='ocrx_word' id='word_1_174' title='bbox 111 2456 300 2517; x_wconf 87' lang='lat' dir='ltr'>concubina</span> <span class='ocrx_word' id='word_1_175' title='bbox 320 2455 423 2536; x_wconf 88' lang='lat' dir='ltr'>patris</span> <span class='ocrx_word' id='word_1_176' title='bbox 443 2456 502 2526; x_wconf 86' lang='lat' dir='ltr'>sui,</span> <span class='ocrx_word' id='word_1_177' title='bbox 523 2455 566 2517; x_wconf 90' lang='lat' dir='ltr'>de</span> <span class='ocrx_word' id='word_1_178' title='bbox 585 2475 650 2536; x_wconf 87' lang='lat' dir='ltr'>qua</span> <span class='ocrx_word' id='word_1_179' title='bbox 669 2457 717 2517; x_wconf 91' lang='lat' dir='ltr'>ita</span> <span class='ocrx_word' id='word_1_180' title='bbox 740 2455 828 2537; x_wconf 92' lang='lat' dir='ltr'>apud</span> <span class='ocrx_word' id='word_1_181' title='bbox 844 2455 972 2530; x_wconf 82' lang='lat' dir='ltr'>Mosen,</span> 
     </span>
    </p>
   </div>
   <div class='ocr_carea' id='block_1_3' title="bbox 163 2599 1194 2795">
    <p class='ocr_par' dir='ltr' id='par_1_4' title="bbox 163 2599 1194 2795">
     <span class='ocr_line' id='line_1_22' title="bbox 163 2599 1194 2667; baseline -0.006 -15"><span class='ocrx_word' id='word_1_182' title='bbox 163 2607 180 2626; x_wconf 81' lang='lat'>‘⁸</span> <span class='ocrx_word' id='word_1_183' title='bbox 189 2601 298 2653; x_wconf 78' lang='lat' dir='ltr'>Fadium</span> <span class='ocrx_word' id='word_1_184' title='bbox 311 2615 351 2652; x_wconf 91' lang='lat' dir='ltr'>est</span> <span class='ocrx_word' id='word_1_185' title='bbox 363 2605 390 2652; x_wconf 93' lang='lat' dir='ltr'>in</span> <span class='ocrx_word' id='word_1_186' title='bbox 401 2605 542 2653; x_wconf 89' lang='lat' dir='ltr'>residendo</span> <span class='ocrx_word' id='word_1_187' title='bbox 556 2603 640 2653; x_wconf 81' lang='lat' dir='ltr'>lsrael</span> <span class='ocrx_word' id='word_1_188' title='bbox 653 2607 679 2653; x_wconf 95' lang='lat' dir='ltr'>in</span> <span class='ocrx_word' id='word_1_189' title='bbox 692 2603 784 2653; x_wconf 60' lang='grc' dir='ltr'>κη’*</span> <span class='ocrx_word' id='word_1_190' title='bbox 795 2604 914 2667; x_wconf 81' lang='lat' dir='ltr'>Ephrath</span> <span class='ocrx_word' id='word_1_191' title='bbox 925 2605 1102 2662; x_wconf 73' lang='lat' dir='ltr'>Bethlechem</span> <span class='ocrx_word' id='word_1_192' title='bbox 1113 2599 1194 2652; x_wconf 73' lang='lat' dir='ltr'>“elicit</span> 
     </span>
     <span class='ocr_line' id='line_1_23' title="bbox 243 2661 1193 2795; baseline -0.001 -77"><span class='ocrx_word' id='word_1_193' title='bbox 243 2670 498 2795; x_wconf 47' lang='grc' dir='ltr'>ῗᾷῌέηχξὲῑυξὲῗ</span> <span class='ocrx_word' id='word_1_194' title='bbox 506 2684 566 2718; x_wconf 89' lang='lat' dir='ltr'>cum</span> <span class='ocrx_word' id='word_1_195' title='bbox 576 2670 653 2718; x_wconf 74' lang='lat' dir='ltr'>Billis</span> <span class='ocrx_word' id='word_1_196' title='bbox 662 2671 810 2719; x_wconf 86' lang='lat' dir='ltr'>concubina</span> <span class='ocrx_word' id='word_1_197' title='bbox 817 2671 900 2732; x_wconf 87' lang='lat' dir='ltr'>patris</span> <span class='ocrx_word' id='word_1_198' title='bbox 910 2673 951 2720; x_wconf 84' lang='lat' dir='ltr'>sui</span> <span class='ocrx_word' id='word_1_199' title='bbox 961 2687 967 2729; x_wconf 84' lang='lat'><strong>;</strong></span> <span class='ocrx_word' id='word_1_200' title='bbox 982 2681 1008 2721; x_wconf 90' lang='lat' dir='ltr'>et</span> <span class='ocrx_word' id='word_1_201' title='bbox 1017 2672 1112 2721; x_wconf 79' lang='lat' dir='ltr'>audivit</span> <span class='ocrx_word' id='word_1_202' title='bbox 1119 2661 1193 2719; x_wconf 61' lang='lat' dir='ltr'>tenet</span> 
     </span>
    </p>
   </div>
   <div class='ocr_carea' id='block_1_4' title="bbox 109 2871 1191 4466">
    <p class='ocr_par' dir='ltr' id='par_1_5' title="bbox 109 2871 1191 4466">
     <span class='ocr_line' id='line_1_24' title="bbox 112 2871 1191 2956; baseline -0.002 -22"><span class='ocrx_word' id='word_1_203' title='bbox 112 2893 171 2953; x_wconf 92' lang='lat' dir='ltr'>per</span> <span class='ocrx_word' id='word_1_204' title='bbox 192 2879 210 2903; x_wconf 81' lang='lat'>‘¹</span> <span class='ocrx_word' id='word_1_205' title='bbox 223 2872 412 2954; x_wconf 87' lang='lat' dir='ltr'>Ephratam</span> <span class='ocrx_word' id='word_1_206' title='bbox 431 2873 678 2936; x_wconf 89' lang='lat' dir='ltr'>Bethlechem&#39;&#39;</span> <span class='ocrx_word' id='word_1_207' title='bbox 697 2872 905 2955; x_wconf 85' lang='lat' dir='ltr'>significatur</span> <span class='ocrx_word' id='word_1_208' title='bbox 928 2875 1073 2938; x_wconf 88' lang='lat' dir='ltr'>ecclesia</span> <span class='ocrx_word' id='word_1_209' title='bbox 1091 2871 1191 2956; x_wconf 82' lang='lat' dir='ltr'>spiritu·</span> 
     </span>
     <span class='ocr_line' id='line_1_25' title="bbox 112 2967 1190 3048; baseline -0.005 -19"><span class='ocrx_word' id='word_1_210' title='bbox 112 2967 185 3040; x_wconf 85' lang='lat' dir='ltr'>alis,</span> <span class='ocrx_word' id='word_1_211' title='bbox 211 2988 295 3048; x_wconf 91' lang='lat' dir='ltr'>quae</span> <span class='ocrx_word' id='word_1_212' title='bbox 319 2978 371 3029; x_wconf 90' lang='lat' dir='ltr'>est</span> <span class='ocrx_word' id='word_1_213' title='bbox 396 2969 427 3029; x_wconf 94' lang='lat' dir='ltr'>in</span> <span class='ocrx_word' id='word_1_214' title='bbox 452 2969 539 3030; x_wconf 89' lang='lat' dir='ltr'>veris</span> <span class='ocrx_word' id='word_1_215' title='bbox 562 2989 606 3030; x_wconf 87' lang='lat' dir='ltr'>ex</span> <span class='ocrx_word' id='word_1_216' title='bbox 630 2969 721 3031; x_wconf 94' lang='lat' dir='ltr'>bono</span> <span class='ocrx_word' id='word_1_217' title='bbox 745 2989 803 3030; x_wconf 91' lang='lat' dir='ltr'>seu</span> <span class='ocrx_word' id='word_1_218' title='bbox 828 2970 860 3030; x_wconf 91' lang='lat' dir='ltr'>in</span> <span class='ocrx_word' id='word_1_219' title='bbox 884 2967 949 3031; x_wconf 85' lang='lat' dir='ltr'>fide</span> <span class='ocrx_word' id='word_1_220' title='bbox 973 2990 1018 3031; x_wconf 87' lang='lat' dir='ltr'>ex</span> <span class='ocrx_word' id='word_1_221' title='bbox 1041 2969 1190 3035; x_wconf 70' lang='lat' dir='ltr'>charitate</span> 
     </span>
     <span class='ocr_line' id='line_1_26' title="bbox 112 3053 1189 3145; baseline -0.007 -21"><span class='ocrx_word' id='word_1_222' title='bbox 112 3063 238 3124; x_wconf 91' lang='lat' dir='ltr'>bonum</span> <span class='ocrx_word' id='word_1_223' title='bbox 256 3062 432 3124; x_wconf 89' lang='lat' dir='ltr'>charitatis</span> <span class='ocrx_word' id='word_1_224' title='bbox 448 3062 584 3143; x_wconf 89' lang='lat' dir='ltr'>rejicere</span> <span class='ocrx_word' id='word_1_225' title='bbox 600 3084 620 3124; x_wconf 94' lang='lat' dir='ltr'>a</span> <span class='ocrx_word' id='word_1_226' title='bbox 633 3065 719 3125; x_wconf 89' lang='lat' dir='ltr'>veris</span> <span class='ocrx_word' id='word_1_227' title='bbox 733 3061 818 3134; x_wconf 84' lang='lat' dir='ltr'>fidei.</span> <span class='ocrx_word' id='word_1_228' title='bbox 834 3062 1043 3143; x_wconf 84' lang='lat' dir='ltr'>significatur</span> <span class='ocrx_word' id='word_1_229' title='bbox 1058 3083 1111 3145; x_wconf 89' lang='lat' dir='ltr'>per</span> <span class='ocrx_word' id='word_1_230' title='bbox 1122 3053 1189 3122; x_wconf 88' lang='lat' dir='ltr'>adul·</span> 
     </span>
     <span class='ocr_line' id='line_1_27' title="bbox 113 3156 1188 3240; baseline -0.004 -22"><span class='ocrx_word' id='word_1_231' title='bbox 113 3157 233 3218; x_wconf 89' lang='lat' dir='ltr'>terium</span> <span class='ocrx_word' id='word_1_232' title='bbox 270 3156 460 3233; x_wconf 90' lang='lat' dir='ltr'>Reubenis;</span> <span class='ocrx_word' id='word_1_233' title='bbox 500 3177 577 3218; x_wconf 92' lang='lat' dir='ltr'>nam</span> <span class='ocrx_word' id='word_1_234' title='bbox 612 3156 807 3238; x_wconf 88' lang='lat' dir='ltr'>profanatur</span> <span class='ocrx_word' id='word_1_235' title='bbox 840 3177 955 3218; x_wconf 91' lang='lat' dir='ltr'>verum</span> <span class='ocrx_word' id='word_1_236' title='bbox 992 3156 1118 3240; x_wconf 90' lang='lat' dir='ltr'>quando</span> <span class='ocrx_word' id='word_1_237' title='bbox 1142 3164 1188 3214; x_wconf 77' lang='lat' dir='ltr'>non</span> 
     </span>
     <span class='ocr_line' id='line_1_28' title="bbox 112 3240 1187 3332; baseline -0.004 -20"><span class='ocrx_word' id='word_1_238' title='bbox 112 3250 328 3331; x_wconf 85' lang='lat' dir='ltr'>conjungitur</span> <span class='ocrx_word' id='word_1_239' title='bbox 346 3270 421 3312; x_wconf 89' lang='lat' dir='ltr'>cum</span> <span class='ocrx_word' id='word_1_240' title='bbox 442 3271 502 3313; x_wconf 91' lang='lat' dir='ltr'>suo</span> <span class='ocrx_word' id='word_1_241' title='bbox 522 3252 623 3322; x_wconf 85' lang='lat' dir='ltr'>bono,</span> <span class='ocrx_word' id='word_1_242' title='bbox 643 3253 732 3332; x_wconf 92' lang='lat' dir='ltr'>quod</span> <span class='ocrx_word' id='word_1_243' title='bbox 753 3261 805 3314; x_wconf 90' lang='lat' dir='ltr'>est</span> <span class='ocrx_word' id='word_1_244' title='bbox 829 3250 955 3313; x_wconf 92' lang='lat' dir='ltr'>bonum</span> <span class='ocrx_word' id='word_1_245' title='bbox 975 3248 1143 3319; x_wconf 85' lang='lat' dir='ltr'>charitatis,</span> <span class='ocrx_word' id='word_1_246' title='bbox 1156 3240 1187 3303; x_wconf 77' lang='lat' dir='ltr'>sic</span> 
     </span>
     <span class='ocr_line' id='line_1_29' title="bbox 111 3331 1187 3428; baseline -0.005 -22"><span class='ocrx_word' id='word_1_247' title='bbox 111 3346 200 3407; x_wconf 90' lang='lat' dir='ltr'>enim</span> <span class='ocrx_word' id='word_1_248' title='bbox 221 3345 436 3425; x_wconf 85' lang='lat' dir='ltr'>conjungitur</span> <span class='ocrx_word' id='word_1_249' title='bbox 456 3364 531 3407; x_wconf 93' lang='lat' dir='ltr'>cum</span> <span class='ocrx_word' id='word_1_250' title='bbox 548 3365 663 3408; x_wconf 88' lang='lat' dir='ltr'>amore</span> <span class='ocrx_word' id='word_1_251' title='bbox 682 3346 730 3407; x_wconf 90' lang='lat' dir='ltr'>sui</span> <span class='ocrx_word' id='word_1_252' title='bbox 750 3355 786 3408; x_wconf 91' lang='lat' dir='ltr'>et</span> <span class='ocrx_word' id='word_1_253' title='bbox 806 3346 932 3418; x_wconf 85' lang='lat' dir='ltr'>mundi,</span> <span class='ocrx_word' id='word_1_254' title='bbox 949 3346 1039 3428; x_wconf 91' lang='lat' dir='ltr'>quod</span> <span class='ocrx_word' id='word_1_255' title='bbox 1058 3352 1106 3406; x_wconf 86' lang='lat' dir='ltr'>est</span> <span class='ocrx_word' id='word_1_256' title='bbox 1119 3331 1187 3402; x_wconf 84' lang='lat' dir='ltr'>adul·</span> 
     </span>
     <span class='ocr_line' id='line_1_30' title="bbox 112 3438 1187 3522; baseline -0.005 -21"><span class='ocrx_word' id='word_1_257' title='bbox 112 3441 254 3501; x_wconf 88' lang='lat' dir='ltr'>teratio:</span> <span class='ocrx_word' id='word_1_258' title='bbox 281 3439 393 3500; x_wconf 87' lang='lat' dir='ltr'>omnia</span> <span class='ocrx_word' id='word_1_259' title='bbox 413 3440 515 3500; x_wconf 85' lang='lat' dir='ltr'>etiam</span> <span class='ocrx_word' id='word_1_260' title='bbox 533 3439 697 3502; x_wconf 86' lang='lat' dir='ltr'>adulteria</span> <span class='ocrx_word' id='word_1_261' title='bbox 719 3438 875 3522; x_wconf 89' lang='lat' dir='ltr'>(quorum</span> <span class='ocrx_word' id='word_1_262' title='bbox 895 3438 992 3519; x_wconf 88' lang='lat' dir='ltr'>plura</span> <span class='ocrx_word' id='word_1_263' title='bbox 1011 3438 1187 3502; x_wconf 70' lang='lat' dir='ltr'>recensentur</span> 
     </span>
     <span class='ocr_line' id='line_1_31' title="bbox 113 3518 1187 3615; baseline -0.007 -20"><span class='ocrx_word' id='word_1_264' title='bbox 113 3535 146 3595; x_wconf 88' lang='lat' dir='ltr'>iu</span> <span class='ocrx_word' id='word_1_265' title='bbox 166 3533 270 3595; x_wconf 77' lang='lat' dir='ltr'>Levit.</span> <span class='ocrx_word' id='word_1_266' title='bbox 292 3553 364 3614; x_wconf 89' lang='lat' dir='ltr'>cap.</span> <span class='ocrx_word' id='word_1_267' title='bbox 385 3534 474 3594; x_wconf 86' lang='lat' dir='ltr'>xviii.</span> <span class='ocrx_word' id='word_1_268' title='bbox 496 3554 581 3595; x_wconf 91' lang='lat' dir='ltr'>vers.</span> <span class='ocrx_word' id='word_1_269' title='bbox 600 3533 698 3615; x_wconf 84' lang='lat'>6-23)</span> <span class='ocrx_word' id='word_1_270' title='bbox 731 3533 1000 3614; x_wconf 87' lang='lat' dir='ltr'>correspondent</span> <span class='ocrx_word' id='word_1_271' title='bbox 1028 3518 1187 3595; x_wconf 82' lang='lat' dir='ltr'>adulterati·</span> 
     </span>
     <span class='ocr_line' id='line_1_32' title="bbox 111 3626 1187 3709; baseline -0.011 -21"><span class='ocrx_word' id='word_1_272' title='bbox 111 3629 231 3689; x_wconf 87' lang='lat' dir='ltr'>onibus</span> <span class='ocrx_word' id='word_1_273' title='bbox 255 3628 333 3689; x_wconf 92' lang='lat' dir='ltr'>boni</span> <span class='ocrx_word' id='word_1_274' title='bbox 362 3637 395 3689; x_wconf 90' lang='lat' dir='ltr'>et</span> <span class='ocrx_word' id='word_1_275' title='bbox 421 3629 498 3690; x_wconf 89' lang='lat' dir='ltr'>veri.</span> <span class='ocrx_word' id='word_1_276' title='bbox 546 3626 645 3709; x_wconf 81' lang='lat' dir='ltr'>Quod</span> <span class='ocrx_word' id='word_1_277' title='bbox 673 3628 874 3690; x_wconf 90' lang='lat' dir='ltr'>adulterium</span> <span class='ocrx_word' id='word_1_278' title='bbox 898 3648 918 3688; x_wconf 91' lang='lat' dir='ltr'>a</span> <span class='ocrx_word' id='word_1_279' title='bbox 946 3627 1103 3691; x_wconf 89' lang='lat' dir='ltr'>Reubene</span> <span class='ocrx_word' id='word_1_280' title='bbox 1123 3631 1187 3682; x_wconf 86' lang='lat' dir='ltr'>com·</span> 
     </span>
     <span class='ocr_line' id='line_1_33' title="bbox 112 3721 1186 3804; baseline -0.01 -21"><span class='ocrx_word' id='word_1_281' title='bbox 112 3723 251 3784; x_wconf 89' lang='lat' dir='ltr'>missum</span> <span class='ocrx_word' id='word_1_282' title='bbox 275 3723 540 3804; x_wconf 88' lang='lat' dir='ltr'>correspondeat</span> <span class='ocrx_word' id='word_1_283' title='bbox 565 3721 640 3784; x_wconf 87' lang='lat' dir='ltr'>fidei</span> <span class='ocrx_word' id='word_1_284' title='bbox 666 3733 843 3804; x_wconf 88' lang='lat' dir='ltr'>separatae</span> <span class='ocrx_word' id='word_1_285' title='bbox 866 3745 886 3786; x_wconf 91' lang='lat' dir='ltr'>a</span> <span class='ocrx_word' id='word_1_286' title='bbox 909 3724 1084 3794; x_wconf 82' lang='lat' dir='ltr'>charitate,</span> <span class='ocrx_word' id='word_1_287' title='bbox 1103 3722 1186 3781; x_wconf 86' lang='lat' dir='ltr'>notun</span> 
     </span>
     <span class='ocr_line' id='line_1_34' title="bbox 112 3801 1186 3881; baseline -0.003 -2"><span class='ocrx_word' id='word_1_288' title='bbox 112 3826 147 3879; x_wconf 91' lang='lat' dir='ltr'>et</span> <span class='ocrx_word' id='word_1_289' title='bbox 168 3827 333 3879; x_wconf 90' lang='lat' dir='ltr'>testatum</span> <span class='ocrx_word' id='word_1_290' title='bbox 350 3818 430 3878; x_wconf 89' lang='lat' dir='ltr'>mihi</span> <span class='ocrx_word' id='word_1_291' title='bbox 455 3814 579 3878; x_wconf 67' lang='lat' dir='ltr'>ladlum</span> <span class='ocrx_word' id='word_1_292' title='bbox 598 3827 650 3879; x_wconf 91' lang='lat' dir='ltr'>est</span> <span class='ocrx_word' id='word_1_293' title='bbox 676 3839 719 3880; x_wconf 89' lang='lat' dir='ltr'>ex</span> <span class='ocrx_word' id='word_1_294' title='bbox 743 3819 865 3880; x_wconf 87' lang='lat' dir='ltr'>auditis</span> <span class='ocrx_word' id='word_1_295' title='bbox 889 3828 924 3881; x_wconf 91' lang='lat' dir='ltr'>et</span> <span class='ocrx_word' id='word_1_296' title='bbox 945 3820 1024 3880; x_wconf 92' lang='lat' dir='ltr'>visis</span> <span class='ocrx_word' id='word_1_297' title='bbox 1047 3819 1076 3879; x_wconf 92' lang='lat' dir='ltr'>in</span> <span class='ocrx_word' id='word_1_298' title='bbox 1098 3801 1186 3876; x_wconf 76' lang='lat' dir='ltr'>mund⁰</span> 
     </span>
     <span class='ocr_line' id='line_1_35' title="bbox 111 3907 1186 3994; baseline -0.004 -24"><span class='ocrx_word' id='word_1_299' title='bbox 111 3910 286 3991; x_wconf 83' lang='lat' dir='ltr'>spirituali,</span> <span class='ocrx_word' id='word_1_300' title='bbox 308 3911 361 3972; x_wconf 92' lang='lat' dir='ltr'>ubi</span> <span class='ocrx_word' id='word_1_301' title='bbox 382 3911 525 3992; x_wconf 88' lang='lat' dir='ltr'>sphaera</span> <span class='ocrx_word' id='word_1_302' title='bbox 549 3911 627 3973; x_wconf 87' lang='lat' dir='ltr'>talis</span> <span class='ocrx_word' id='word_1_303' title='bbox 649 3911 804 3973; x_wconf 91' lang='lat' dir='ltr'>adulterii</span> <span class='ocrx_word' id='word_1_304' title='bbox 827 3914 1010 3994; x_wconf 90' lang='lat' dir='ltr'>percipitur</span> <span class='ocrx_word' id='word_1_305' title='bbox 1034 3907 1186 3994; x_wconf 73' lang='lat' dir='ltr'>prodiretl</span> 
     </span>
     <span class='ocr_line' id='line_1_36' title="bbox 111 3989 1187 4088; baseline -0.002 -22"><span class='ocrx_word' id='word_1_306' title='bbox 111 4004 177 4066; x_wconf 90' lang='lat' dir='ltr'>illis</span> <span class='ocrx_word' id='word_1_307' title='bbox 201 4006 256 4087; x_wconf 91' lang='lat' dir='ltr'>qui</span> <span class='ocrx_word' id='word_1_308' title='bbox 279 4003 432 4067; x_wconf 61' lang='lat' dir='ltr'>doctrina</span> <span class='ocrx_word' id='word_1_309' title='bbox 459 4016 494 4068; x_wconf 94' lang='lat' dir='ltr'>et</span> <span class='ocrx_word' id='word_1_310' title='bbox 519 4007 588 4068; x_wconf 88' lang='lat' dir='ltr'>vita</span> <span class='ocrx_word' id='word_1_311' title='bbox 616 4017 856 4088; x_wconf 89' lang='lat' dir='ltr'>separaverunt</span> <span class='ocrx_word' id='word_1_312' title='bbox 884 4006 1086 4069; x_wconf 88' lang='lat' dir='ltr'>charitatem</span> <span class='ocrx_word' id='word_1_313' title='bbox 1106 3989 1187 4064; x_wconf 62' lang='lat' dir='ltr'>afile·</span> 
     </span>
     <span class='ocr_line' id='line_1_37' title="bbox 111 4085 1187 4182; baseline 0 -21"><span class='ocrx_word' id='word_1_314' title='bbox 111 4098 281 4182; x_wconf 89' lang='lat' dir='ltr'>Quoniam</span> <span class='ocrx_word' id='word_1_315' title='bbox 296 4100 360 4162; x_wconf 89' lang='lat' dir='ltr'>hoc</span> <span class='ocrx_word' id='word_1_316' title='bbox 378 4100 482 4162; x_wconf 91' lang='lat' dir='ltr'>etiam</span> <span class='ocrx_word' id='word_1_317' title='bbox 498 4099 725 4182; x_wconf 87' lang='lat' dir='ltr'>significatum</span> <span class='ocrx_word' id='word_1_318' title='bbox 742 4111 794 4164; x_wconf 90' lang='lat' dir='ltr'>est</span> <span class='ocrx_word' id='word_1_319' title='bbox 811 4121 869 4182; x_wconf 90' lang='lat' dir='ltr'>per</span> <span class='ocrx_word' id='word_1_320' title='bbox 884 4085 1187 4172; x_wconf 75' lang='lat' dir='ltr'>“Reubenem‚”ideo</span> 
     </span>
     <span class='ocr_line' id='line_1_38' title="bbox 111 4179 1188 4284; baseline -0.006 -27"><span class='ocrx_word' id='word_1_321' title='bbox 111 4195 378 4277; x_wconf 85' lang='lat' dir='ltr'>primogenitura</span> <span class='ocrx_word' id='word_1_322' title='bbox 395 4196 423 4257; x_wconf 90' lang='lat' dir='ltr'>ei</span> <span class='ocrx_word' id='word_1_323' title='bbox 440 4196 602 4278; x_wconf 88' lang='lat' dir='ltr'>adempta</span> <span class='ocrx_word' id='word_1_324' title='bbox 615 4205 668 4258; x_wconf 93' lang='lat' dir='ltr'>est</span> <span class='ocrx_word' id='word_1_325' title='bbox 685 4216 704 4257; x_wconf 91' lang='lat' dir='ltr'>a</span> <span class='ocrx_word' id='word_1_326' title='bbox 720 4204 817 4276; x_wconf 89' lang='lat' dir='ltr'>patre</span> <span class='ocrx_word' id='word_1_327' title='bbox 834 4194 913 4275; x_wconf 90' lang='lat' dir='ltr'>ejus,</span> <span class='ocrx_word' id='word_1_328' title='bbox 929 4215 968 4258; x_wconf 88' lang='lat' dir='ltr'>ac</span> <span class='ocrx_word' id='word_1_329' title='bbox 986 4196 1067 4258; x_wconf 88' lang='lat' dir='ltr'>data</span> <span class='ocrx_word' id='word_1_330' title='bbox 1077 4179 1188 4284; x_wconf 62' lang='lat' dir='ltr'>Josephp</span> 
     </span>
     <span class='ocr_line' id='line_1_39' title="bbox 109 4275 1191 4374; baseline -0.004 -20"><span class='ocrx_word' id='word_1_331' title='bbox 109 4301 144 4354; x_wconf 91' lang='lat' dir='ltr'>et</span> <span class='ocrx_word' id='word_1_332' title='bbox 165 4289 235 4371; x_wconf 90' lang='lat' dir='ltr'>ejus</span> <span class='ocrx_word' id='word_1_333' title='bbox 258 4288 342 4351; x_wconf 89' lang='lat' dir='ltr'>filiis.</span> <span class='ocrx_word' id='word_1_334' title='bbox 389 4289 490 4371; x_wconf 86' lang='lat' dir='ltr'>Quod</span> <span class='ocrx_word' id='word_1_335' title='bbox 510 4291 672 4372; x_wconf 87' lang='lat' dir='ltr'>adempta</span> <span class='ocrx_word' id='word_1_336' title='bbox 693 4290 790 4353; x_wconf 88' lang='lat' dir='ltr'>luerit</span> <span class='ocrx_word' id='word_1_337' title='bbox 811 4289 977 4366; x_wconf 90' lang='lat' dir='ltr'>Reubeni,</span> <span class='ocrx_word' id='word_1_338' title='bbox 1000 4299 1093 4374; x_wconf 88' lang='lat' dir='ltr'>patet</span> <span class='ocrx_word' id='word_1_339' title='bbox 1109 4283 1143 4350; x_wconf 90' lang='lat' dir='ltr'>ab</span> <span class='ocrx_word' id='word_1_340' title='bbox 1154 4275 1191 4340; x_wconf 71' lang='lat'>1¹¹⁵</span> 
     </span>
     <span class='ocr_line' id='line_1_40' title="bbox 109 4382 442 4466; baseline -0.003 -19"><span class='ocrx_word' id='word_1_341' title='bbox 109 4385 215 4466; x_wconf 86' lang='lat' dir='ltr'>patris</span> <span class='ocrx_word' id='word_1_342' title='bbox 234 4382 304 4464; x_wconf 88' lang='lat' dir='ltr'>ejus</span> <span class='ocrx_word' id='word_1_343' title='bbox 321 4385 442 4459; x_wconf 85' lang='lat' dir='ltr'>verbis,</span> 
     </span>
    </p>
   </div>
   <div class='ocr_carea' id='block_1_5' title="bbox 0 0 1347 4988">
    <p class='ocr_par' dir='ltr' id='par_1_6' title="bbox 0 0 1347 4988">
     <span class='ocr_line' id='line_1_41' title="bbox 0 0 1347 4988; baseline 0 0"><span class='ocrx_word' id='word_1_344' title='bbox 0 0 1347 4988; x_wconf 95' lang='lat' dir='ltr'> </span> 
     </span>
    </p>
   </div>
  </div>
 </body>
</html>
