2684 4988
108 482 170 549 972
419 480 668 532 suocauvrsrs
691 482 917 534 axanrcnra

108 661 193 693 oninee
203 647 244 704 qui
261 648 285 692 ln
296 647 356 693 veris
366 661 396 693 ex
405 648 472 694 bono
482 655 545 694 sunt.
576 649 650 706 Quod
661 653 675 671 “
684 648 787 695 Petrus''
798 649 915 709 significet
924 662 1007 696 verum
1023 663 1052 696 ex
1060 649 1117 696 boue
1125 649 1186 708 quode

110 715 224 767 Domino¹
236 715 345 760 videatur
354 715 378 759 ln
389 717 506 774 opusculo
518 717 557 761 De
571 717 661 762 Ultimo
673 716 782 777 wido.
793 731 817 763 u.
829 717 878 775 57.)

172 780 233 862 [e.]
266 779 444 844 Hactenus
461 793 640 844 ostensum
658 793 711 845 est
730 783 810 864 quid
830 782 984 865 “petra’'
1002 781 1185 865 significatis

110 874 175 935 hoc
193 893 295 936 sensu
308 895 315 951 ;
340 876 490 957 sequitur
504 894 590 936 nunc
605 886 641 939 ut
655 877 858 939 ostendatur
869 877 949 958 quid
964 881 985 908 ‘⁴
994 887 1087 958 petra
1094 875 1107 898 ”
1116 874 1188 956 signi·

110 965 190 1030 ficat
203 968 236 1030 in
248 970 407 1050 opposito
417 988 529 1031 sensu.
567 969 606 1033 In
617 971 777 1051 opposito
786 989 888 1033 sensu
898 970 1068 1052 significat
1079 966 1188 1052 “petra''
1208 958 1213 967 ’

110 1060 230 1122 salsum
242 1062 404 1124 infernale
414 1064 466 1125 cui
477 1061 658 1126 confiditur
670 1084 678 1140 ;
695 1073 732 1126 ut
743 1065 777 1126 in
788 1065 1011 1146 sequentibus
1021 1064 1072 1128 his
1081 1064 1191 1128 locis:-

111 1153 217 1236 Apud
235 1154 389 1231 Esaiam,

162 1288 180 1311 ⁴⁸
189 1286 322 1338 Excidens
340 1289 367 1337 iu
384 1289 525 1339 altitudine
543 1289 712 1353 sepulehnun
725 1285 841 1349 lienum,
855 1290 978 1340 incidens
996 1291 1025 1340 in
1038 1300 1108 1354 petre
1120 1289 1191 1339 belin·

242 1353 331 1402 culum
344 1354 416 1403 sibi”
428 1355 502 1415 (xxii.
516 1355 570 1416 16):
1212 1304 1228 1413 l

111 1469 226 1549 agitur
247 1469 280 1531 in
304 1490 346 1532 eo
364 1470 476 1552 capite
494 1470 538 1533 de
559 1469 692 1535 “Valle
709 1471 847 1534 visionis
860 1470 876 1495 ’⁹
894 1492 955 1554 per
977 1491 1076 1553 quarn
1096 1467 1190 1553 signil-
1217 1432 1228 1541 i

112 1574 210 1625 catur
232 1563 352 1626 salsum
380 1562 555 1629 doetrinae
582 1564 820 1628 confirmatum
848 1586 907 1647 per
933 1586 1068 1629 sensum
1090 1566 1190 1629 litterae

113 1652 219 1718 Verbi
231 1678 239 1733 ;
263 1677 359 1720 amor
374 1656 447 1720 lalsi
471 1657 680 1739 significatur
702 1679 762 1741 per
786 1658 1030 1741 “sepulchrum
1052 1661 1084 1722 in
1104 1658 1190 1722 altitu·
1218 1664 1228 1717 ἐ

112 1749 220 1824 dine,”
235 1771 275 1813 ac
295 1750 379 1814 fides
396 1751 472 1815 salsi
491 1772 550 1834 per
567 1757 587 1784 “
598 1751 830 1816 habitaculum
849 1755 883 1816 in
899 1763 997 1834 petra
1010 1753 1035 1830 ;”
1056 1753 1133 1836 quod
1146 1747 1191 1832 ipsi
1218 1748 1228 1825 ’ἶ

111 1843 170 1905 illa
186 1844 249 1906 sibi
266 1844 403 1919 iaciant,
421 1845 630 1927 significatur
646 1866 705 1928 per
722 1847 910 1911 “excidere
926 1857 962 1910 et
977 1848 1116 1911 incidere
1127 1839 1191 1908 sibi'

113 1936 217 2019 Apud
237 1939 394 2014 eundern,

164 2074 182 2095 ¹¹
191 2071 223 2121 In
235 2073 279 2122 die
291 2073 338 2121 illo
350 2072 472 2135 rejicient
483 2074 525 2122 vir
538 2073 611 2122 idola
621 2074 726 2136 argenti
741 2073 782 2123 aul
796 2082 824 2123 et
837 2073 910 2124 idola
922 2074 981 2123 auri
995 2073 1036 2123 sui
1050 2087 1111 2137 quae
1120 2069 1192 2120 tudun

243 2139 320 2187 vobis
338 2153 434 2187 manus
451 2149 568 2188 vestrae.
579 2175 600 2188 ..
611 2153 633 2196 .;
656 2150 718 2189 tunc
735 2139 811 2188 cadet
829 2139 936 2188 Aschur
953 2140 1042 2201 gladio
1058 2153 1109 2188 non
1121 2135 1192 2192 viriet

244 2203 349 2265 gladius
362 2219 417 2252 non
429 2203 547 2252 hominis
559 2204 680 2253 comedet
691 2219 764 2253 eurn.
775 2220 827 2254 ...ε
845 2205 927 2253 etiarn
940 2216 1016 2267 petra
1026 2204 1083 2266 ejus
1093 2216 1144 2266 prae
1156 2198 1192 2274 los·

243 2269 343 2317 midine
353 2270 485 2326 transibit,
495 2279 521 2318 et
529 2270 771 2318 consternabuntur
780 2283 797 2317 a
806 2269 904 2318 vexillo
914 2270 1047 2332 principes
1055 2268 1109 2331 ejus
1115 2266 1126 2284 '¹
1133 2267 1191 2328 lm.

244 2337 316 2397 7·9l=

114 2448 226 2528 agitur
241 2447 285 2509 ibi
305 2448 347 2510 de
362 2446 488 2527 judicio
506 2467 606 2529 super
622 2447 699 2510 illos
714 2448 769 2530 qui
785 2468 831 2511 ex
848 2448 982 2530 propria
1001 2441 1192 2528 intelligentie

113 2545 146 2606 in
168 2542 297 2606 Divinis
316 2542 460 2605 credunt
479 2563 516 2604 se
535 2563 664 2623 sapere,
685 2544 741 2624 qui
760 2554 839 2605 sunt
859 2545 914 2624 qui
938 2544 972 2605 in
991 2562 1102 2605 amore
1117 2539 1156 2602 sui
1168 2545 1192 2598 et

115 2638 231 2699 mundi
250 2645 340 2710 sunt,
360 2647 395 2699 et
420 2637 617 2699 eruditionis
637 2637 760 2699 samam
784 2648 925 2719 propter
943 2658 980 2700 se
1000 2629 1193 2710 ambiunt3hi

115 2733 192 2814 quia
216 2751 284 2794 non
307 2751 386 2793 vera
410 2741 553 2813 possunt
573 2731 698 2804 videre,
718 2732 880 2812 arripiunt
904 2731 989 2793 falsa
1007 2741 1041 2794 et
1064 2724 1193 2814 proteris

115 2827 313 2888 venditant:
350 2824 434 2886 salsa
463 2824 613 2887 faventia
646 2826 814 2906 principiis
847 2845 963 2888 eorum
994 2837 1028 2889 et
1061 2820 1193 2888 amoribus

114 2938 231 2982 eorum
264 2917 498 3000 significantur
526 2939 586 3000 per
614 2919 737 2981 “idola
767 2921 901 3000 argenti
914 2919 929 2943 ”
954 2930 990 2983 et
1021 2939 1080 3002 per
1106 2910 1194 2978 “idola

114 3015 184 3076 auri
196 3013 223 3090 ;”
245 3013 334 3094 quod
352 3034 396 3075 ex
413 3013 547 3094 propria
563 3012 803 3094 intelligentia,
817 3012 1028 3095 significatur
1043 3017 1192 3096 per“q¹1³⁶

115 3108 265 3171 fecerunt
286 3108 381 3169 vobis
405 3127 524 3168 manus
543 3117 677 3170 vestrae
690 3107 717 3169 :”
740 3108 829 3189 quod
854 3109 992 3190 perituri
1016 3129 1074 3190 per
1095 3106 1192 3170 suamet

114 3202 209 3275 salsa,
230 3200 440 3284 significatur
457 3222 517 3283 per
537 3208 648 3265 “tunc
669 3202 769 3264 cadet
787 3201 924 3264 Ascbur
939 3202 1131 3294 gladio‘non
1143 3193 1191 3264 viri·

115 3307 150 3360 et
179 3297 312 3377 gladius
343 3316 411 3359 non
442 3295 589 3359 hominis
621 3295 780 3359 comedet
808 3297 924 3373 eum;”
957 3293 1138 3360 “Aschurl
1157 3294 1192 3351 etl

115 3391 283 3453 rationale
303 3411 509 3472 perversum,
529 3402 564 3453 et
584 3391 662 3453 inde
682 3390 729 3454 illi
748 3392 803 3473 qui
823 3392 856 3452 in
875 3390 968 3452 salsis
987 3400 1065 3454 sunt
1084 3409 1121 3453 ex
1139 3400 1192 3466 pro·

116 3487 186 3566 pria
204 3484 453 3566 intelligentia;
479 3490 499 3516 ‘⁴
513 3485 634 3547 cadere
653 3494 689 3547 et
708 3485 842 3547 comedi
866 3483 1006 3565 gladio”
1025 3494 1077 3547 est
1098 3479 1191 3565 perire:

116 3579 180 3642 hoc
201 3600 334 3662 quoque
354 3589 645 3662 repraesentatum
668 3590 721 3641 est
745 3599 805 3661 per
823 3598 938 3659 regern
959 3578 1117 3641 Aschuris
1130 3561 1191 3654 (11101l

115 3694 134 3735 a
158 3673 233 3736 liliis
256 3676 323 3736 suis
347 3675 478 3736 occisus
500 3674 597 3737 suerit
623 3672 732 3755 (Esai.
750 3670 909 3734 [lxxxvii.
928 3673 1005 3754 38);
1034 3667 1132 3734 “filii''
1146 3662 1192 3772 ellj
1225 3684 1228 3691 '

116 3768 161 3829 ibi
184 3767 377 3849 significant
400 3778 533 3830 suamet
556 3767 639 3829 falsa
662 3789 721 3850 per
740 3787 825 3849 quae
848 3768 967 3848 periit;
994 3774 1114 3849 “petra
1127 3759 1177 3860 eju

115 3879 202 3940 quae
234 3881 313 3942 prae
343 3863 519 3925 formidine
547 3862 703 3924 transibit
735 3860 902 3942 significat
927 3882 1031 3924 omne
1053 3861 1192 3924 falsumu

114 3971 240 4032 genere
257 3956 309 4016 cui
326 3955 443 4018 confisi
459 3965 548 4027 sunt,
563 3975 601 4017 ac
617 3961 637 3987 ⁴‘
647 3957 814 4036 principes
824 3954 839 3978 ”
851 3956 906 4037 qui
923 3953 1193 4019 consternabuntur

114 4066 134 4107 a
158 4047 287 4109 vexillo
310 4047 502 4129 significant
528 4051 683 4130 primaria
710 4048 814 4126 salsa3
849 4055 898 4110 “a
921 4050 1051 4111 vexillo
1061 4048 1076 4073 ”
1096 4042 1192 4108 dicitur,

114 4141 191 4219 quia
216 4160 283 4202 non
308 4163 366 4222 per
385 4142 530 4224 aliquam
555 4162 704 4223 pugnarn
729 4162 804 4205 curn
827 4143 915 4204 veris
938 4120 1193 4224 dissipantur·sed

114 4233 224 4294 solum
241 4255 300 4314 per
317 4236 449 4315 signum
468 4257 602 4317 pugnae
619 4237 709 4319 quod
726 4246 778 4298 est
796 4235 971 4298 vexillum.
1011 4236 1108 4299 Tales
1120 4227 1193 4296 etiam

115 4327 195 4387 mihi
224 4329 283 4389 visi
313 4339 391 4390 sunt
422 4328 542 4409 dejecti
568 4351 586 4392 e
614 4331 730 4411 petris
759 4349 858 4410 super
887 4331 1009 4412 quibus
1037 4336 1132 4399 erant,
1153 4326 1193 4400 pil

114 4419 278 4482 vexillum
299 4420 548 4485 circumacium.
594 4423 697 4506 Apud
717 4423 914 4500 Jermiam,
