2684 4988
191 484 257 555 790
503 488 752 539 APOCALYPSIS
775 489 999 541 EXPLICATA.

190 656 257 720 illis
281 668 437 740 potestas
461 658 682 722 interficiendi
706 679 806 741 super
828 669 985 742 quartam
1009 668 1145 741 partem
1170 658 1314 735 terrae,''

190 751 399 834 significetur
412 753 601 834 deprivatio
614 754 725 815 omnis
740 753 821 816 boni
836 764 871 816 et
888 755 966 816 inde
983 756 1054 816 veri
1070 775 1117 817 ex
1133 754 1265 828 Verbo,
1277 764 1312 818 et

190 846 269 910 inde
293 849 325 910 in
349 845 504 910 doetrina
527 848 692 911 ecclesiae
715 869 760 910 ex
784 847 920 910 Verbo:
945 849 1036 930 quod
1060 849 1200 911 dicatur
1223 849 1310 931 quod

191 946 377 1024 “potestas
396 944 478 1004 data
497 942 592 1014 illis‚”
608 941 810 1023 intelligitur
825 943 916 1024 quod
936 943 1034 1005 malis
1053 953 1089 1005 et
1107 944 1189 1005 inde
1209 943 1308 1015 salsis.

189 1054 275 1117 quae
308 1037 412 1098 etiam
440 1035 673 1116 significantur
703 1057 762 1117 per
788 1037 986 1099 “mortem'’
1009 1045 1045 1100 et
1081 1035 1309 1100 “infernum'’

189 1124 291 1210 Quod
319 1130 367 1192 illi
392 1131 447 1211 qui
477 1132 511 1192 in
539 1130 637 1193 malis
664 1140 699 1193 et
726 1129 819 1192 salsis
846 1141 926 1194 sunt
950 1152 987 1193 se
1010 1132 1196 1212 deprivent
1219 1131 1307 1193 omni

188 1226 408 1305 perceptione
432 1224 511 1286 boni
535 1244 574 1287 ac
598 1220 775 1288 inteltettu
797 1226 866 1287 veri
890 1246 934 1289 ex
959 1224 1088 1297 verbu,
1114 1236 1150 1288 et
1174 1225 1254 1288 inde
1275 1226 1305 1287 in

187 1314 344 1380 doctrina
370 1318 536 1382 ecclesiae
564 1338 680 1381 eorum
707 1339 751 1381 ex
775 1318 902 1390 Verbo,
928 1329 1024 1400 patet
1055 1319 1239 1383 manifeste
1262 1340 1305 1382 ex

188 1411 326 1493 illisqui
344 1413 375 1474 in
392 1412 484 1475 falsis
501 1409 678 1476 doetrinae
696 1421 775 1475 sunt
791 1434 835 1476 ex
852 1412 951 1475 malis
969 1415 1083 1489 vitae;
1103 1413 1152 1477 illi
1169 1413 1304 1477 tametsi

188 1504 309 1586 legunt
333 1505 486 1569 Verbum
509 1526 614 1588 usque
636 1526 716 1568 vera
740 1527 826 1588 quae
849 1506 893 1568 ibi
918 1518 996 1569 sunt
1016 1507 1071 1569 vel
1096 1527 1165 1569 non
1191 1508 1303 1570 vident

188 1599 243 1661 vel
262 1598 452 1673 falsificant,
473 1601 679 1681 applicando
702 1598 761 1662 illa
779 1600 822 1662 ad
846 1600 930 1662 salsa
953 1602 1107 1683 principii
1131 1602 1183 1663 sui
1207 1612 1241 1664 et
1262 1600 1302 1663 ad

189 1692 280 1756 mala
302 1696 426 1756 amoris
452 1696 521 1757 sui:
546 1687 666 1757 sensus
689 1694 825 1757 litterae
848 1695 937 1757 enirn
958 1694 1063 1757 Verbi
1088 1694 1171 1759 talis
1193 1704 1246 1759 est
1268 1705 1302 1758 ut

188 1788 244 1868 qui
267 1789 300 1849 in
319 1788 410 1850 bono
430 1798 508 1851 sunt
527 1789 666 1851 videant
686 1808 766 1851 vera
784 1788 839 1861 ibi,
860 1799 895 1851 et
918 1789 973 1871 qui
997 1790 1031 1850 in
1055 1789 1148 1851 malo
1168 1790 1301 1853 videant

187 1879 272 1944 falsa
291 1882 356 1959 ibi;
381 1903 459 1944 nam
476 1904 595 1945 sensus
611 1882 747 1946 litterae
766 1893 818 1945 est
836 1884 1020 1945 secundum
1037 1894 1180 1964 captum
1200 1883 1301 1946 insan-

187 1984 272 2051 tum,
304 1996 493 2057 puerorum,
525 1987 560 2039 et
594 1976 805 2059 simplicium,
837 1986 872 2039 et
906 1987 1087 2058 propterea
1120 1977 1300 2040 seeundum

186 2071 445 2152 apparentiam3
470 2071 529 2133 sed
548 2092 651 2152 usque
670 2073 704 2135 in
723 2091 765 2133 eo
784 2091 885 2133 sensu
901 2070 1011 2133 latent
1029 2091 1109 2133 vera
1132 2091 1220 2152 quae
1238 2089 1301 2132 non

187 2165 243 2228 alii
259 2166 377 2228 vident
394 2185 495 2246 quarn
511 2167 565 2246 qui
586 2165 730 2227 inbono
744 2175 834 2239 sunt,
852 2173 889 2227 at
905 2166 960 2245 qui
979 2167 1012 2226 in
1029 2164 1122 2228 malo
1138 2175 1219 2227 sunt
1238 2183 1299 2226 non

188 2260 309 2322 volunt
333 2260 447 2322 videre
471 2259 538 2332 illa,
564 2259 624 2321 sed
648 2258 788 2321 trahunt
812 2279 852 2322 ea
879 2279 938 2340 per
960 2259 1115 2320 sinistras
1139 2260 1300 2340 interpre-

189 2355 339 2416 tationes
356 2353 399 2415 ad
417 2353 506 2415 mala
526 2372 679 2415 amorum
696 2372 831 2415 suorum
848 2363 883 2415 et
902 2352 944 2414 ad
964 2351 1049 2414 salsa
1066 2354 1299 2434 principiorum

187 2467 343 2522 suorum;
373 2458 409 2509 ut
433 2447 614 2509 manifeste
637 2456 796 2508 constare
819 2457 934 2527 potest
958 2467 1003 2508 ex
1028 2457 1082 2508 tot
1108 2446 1298 2508 haeresibus

187 2542 276 2603 intra
295 2540 485 2613 ecclesiam,
506 2542 670 2622 imprimis
693 2561 738 2603 ex
759 2541 904 2602 nefanda
927 2540 1057 2602 haeresi
1084 2539 1298 2620 Babylonica,

187 2644 222 2697 et
239 2656 371 2716 quoque
391 2655 435 2696 ex
455 2635 585 2697 haeresi
601 2635 750 2715 Judaica.
797 2633 897 2715 Quod
917 2642 1066 2716 “quarta
1083 2655 1161 2715 pars
1170 2635 1185 2658 ”
1200 2634 1299 2714 signi·

186 2726 265 2791 ficet
285 2748 385 2790 omne
405 2729 530 2790 bonum
547 2740 582 2791 et
604 2730 682 2791 inde
698 2748 824 2800 verum,
843 2738 896 2790 est
913 2730 990 2809 quia
1010 2748 1170 2789 numerus
1190 2735 1316 2809 “qua—

187 2831 265 2885 tuor
273 2821 287 2846 ''
304 2821 470 2902 significat
485 2820 757 2901 conjuntlionem
771 2822 850 2884 boni
864 2833 899 2884 et
913 2824 992 2893 veri,
1007 2834 1042 2883 et
1059 2822 1139 2883 inde
1155 2827 1289 2902 “quart

187 2915 289 2998 pars”
313 2935 370 2978 seu
396 2916 606 2998 “quartum’'
634 2915 802 2996 significat
830 2934 930 2977 omne
960 2912 1217 2994 conjuntlionis
1262 2914 1335 2976 Ι-

187 3008 305 3072 Verbo
331 3012 464 3091 saepius
492 3010 614 3073 dicitur
639 3011 770 3072 “tertia
798 3009 899 3091 pars”
922 3019 956 3071 et
987 3030 1120 3090 quoque
1154 3016 1246 3090 “qua
1284 3053 1342 3062 —

186 3123 265 3185 pars
279 3103 305 3180 ;”
328 3114 362 3166 et
382 3107 437 3185 qui
457 3123 525 3167 non
546 3107 608 3167 scit
628 3105 720 3186 quod
739 3124 859 3166 omnes
879 3105 1006 3165 numeri
1026 3102 1219 3183 significent
1237 3124 1342 3166 re=-:

186 3200 324 3260 credere
348 3209 463 3278 potest
487 3198 578 3281 quod
600 3200 730 3261 “tertia
754 3219 831 3279 pars
841 3197 856 3220 ’'
876 3196 1041 3278 significet
1067 3200 1204 3260 tertiam
1227 3217 1266 3279 pa

186 3303 269 3367 tem,
284 3303 319 3355 et
335 3300 481 3375 “quarta
498 3314 576 3375 pars
585 3293 599 3314 ”
612 3303 768 3375 quartam
779 3302 923 3373 partem,
938 3313 996 3354 seu
1006 3293 1097 3373 quod
1111 3290 1260 3374 significe

185 3386 331 3468 aliquid;
352 3397 387 3448 at
405 3407 464 3468 per
476 3388 642 3449 “tertiam
659 3385 815 3466 partem¹'
833 3385 1041 3467 significatur
1057 3406 1160 3449 omne
1177 3406 1302 3450 veru-

185 3491 221 3544 et
250 3502 309 3562 per
333 3486 518 3562 “quartam
542 3490 674 3561 partem
684 3480 698 3503 ’'
721 3500 824 3543 omne
851 3480 997 3555 bonum;
1032 3491 1067 3543 et
1097 3482 1176 3562 quia
1202 3500 1256 3544 om

185 3595 301 3638 verum
315 3584 367 3637 est
381 3596 425 3637 ex
442 3576 544 3648 bono,
558 3575 636 3636 inde
653 3594 711 3655 per
726 3580 909 3655 “quartam
925 3585 1056 3655 partem
1066 3574 1081 3598 ”
1094 3574 1259 3656 significat

185 3689 286 3732 omne
310 3667 435 3730 bonum
459 3679 493 3730 et
522 3669 601 3731 inde
628 3687 754 3741 verum,
779 3669 833 3730 hic
858 3669 1049 3749 deprivatio
1074 3689 1201 3742 eorum,
1225 3688 1273 3750 qu·

185 3763 318 3834 dicitur,
335 3762 454 3824 “Data
470 3773 523 3825 est
542 3763 606 3825 illis
624 3772 778 3843 potestas
795 3762 1016 3825 interficiendi
1033 3784 1134 3844 super
1147 3772 1270 3844 quarta·

168 3909 171 3916 .
185 3866 317 3938 partem
329 3855 467 3917 terrae.”
497 3855 597 3937 Quod
609 3864 628 3888 “
638 3858 701 3918 tria
709 3855 724 3879 '’
733 3866 768 3918 et
780 3857 857 3918 inde
871 3862 890 3886 “
900 3858 1001 3918 tertia
1012 3877 1089 3937 pars
1098 3857 1112 3879 ”
1121 3854 1270 3919 [¹¹dicant·

185 3951 228 4013 de
246 3950 344 4019 veris¹
366 3950 533 4013 videbitur
552 3952 585 4013 in
609 3951 829 4031 sequentibus
847 3951 900 4012 ubi
921 3952 948 4013 is
972 3971 1129 4013 numerus
1149 3952 1238 4013 nomi

185 4054 258 4107 tur:
279 4044 368 4124 quod
382 4054 496 4105 autern
512 4050 531 4074 “
542 4055 686 4125 quatuor
696 4044 711 4066 ''
724 4053 759 4106 et
773 4044 851 4106 inde
866 4049 1016 4125 “quarta
1030 4066 1107 4126 pars
1119 4046 1134 4067 ''
1147 4046 1242 4107 dican
1253 4073 1297 4095 ι·

184 4137 340 4201 debonis
357 4147 392 4199 et
411 4138 489 4199 inde
509 4140 605 4211 veris,
626 4148 678 4200 est
699 4158 800 4201 causa
823 4139 900 4219 quia
924 4138 1116 4219 significant
1140 4138 1341 4220 conjunc-r

185 4235 313 4295 tionem
333 4253 458 4294 eorum.
506 4231 605 4312 Quod
626 4235 673 4294 ita
691 4234 746 4306 sit,
768 4235 877 4314 patuit
899 4233 979 4294 mihi
1002 4255 1046 4296 ex
1068 4234 1176 4297 multa
1194 4253 1342 4296 ex·-

183 4328 304 4389 rientia
324 4347 341 4388 e
362 4327 488 4388 mundo
509 4326 693 4407 spirituali;
713 4328 850 4408 quando
868 4330 958 4389 enim
979 4329 1022 4390 ibi
1041 4348 1153 4392 sermo
1168 4320 1340 4408 angeli

183 4420 243 4482 suit
263 4420 306 4482 de
325 4417 560 4500 conjunttione
580 4420 658 4482 boni
678 4431 713 4483 et
732 4423 813 4496 veri,
833 4443 892 4483 seu
911 4423 1035 4484 amoris
1054 4434 1088 4485 et
1109 4421 1195 4496 fidei,
1213 4430 1291 4482 et
1312 4417 1338 4478 is
