2684 4988
109 486 188 556 954·
419 486 669 537 APOCALYPSIS
692 486 918 539 Exrutcarrt.

110 654 207 717 ostlis
227 664 369 737 apparet
391 656 612 737 caliginosum
635 657 732 720 bonis
755 657 926 738 spiritibus
948 667 985 721 et
1007 654 1186 738 angelised

109 757 147 811 ut
163 746 363 811 luminosum
382 750 478 812 malis
494 751 683 830 spiritibus;
707 771 808 813 causa
823 762 876 815 est
889 753 967 833 quia
983 771 1050 814 non
1066 751 1117 814 lux
1129 749 1193 813 caeli·

109 841 153 909 ibi
170 852 234 915 est,
251 843 311 904 sed
331 842 443 905 lumen
462 843 599 917 fatuum,
615 845 705 925 quod
724 855 777 907 εει
796 844 910 908 lumen
929 844 1080 920 naturale
1095 844 1188 924 absque

109 935 291 1015 spirituali:
315 946 352 998 at
371 935 571 999 luminosum
594 937 726 1000 illorum
749 957 817 1000 non
839 949 894 1001 est
916 938 1003 1002 sicut
1027 936 1189 1000 luminosus

109 1028 142 1090 in
152 1029 280 1091 mundo
289 1029 445 1102 interdiu,
456 1031 515 1091 sed
526 1030 612 1093 sicut
623 1028 822 1093 nocturnum
834 1051 895 1112 pro
905 1030 1099 1102 bubonibus,
1108 1029 1189 1109 talpis,

110 1118 240 1185 noctuis
255 1132 291 1185 et
306 1123 609 1203 vespertilionibus,
626 1145 712 1206 quae
728 1125 760 1186 in
778 1124 851 1188 luce
867 1125 934 1187 diei
950 1124 1032 1187 nihil
1047 1125 1190 1195 videnter

109 1215 187 1277 inde
210 1214 275 1277 illis
302 1216 360 1278 lux
384 1217 451 1279 diei
472 1216 584 1298 caligo
606 1227 671 1290 est,
694 1218 753 1279 sed
777 1217 938 1281 tenebrae
962 1214 1070 1280 noblis
1090 1217 1190 1289 lumem

109 1308 201 1373 visus
214 1308 345 1372 illorum
363 1309 441 1373 talis
456 1319 509 1373 est
524 1312 602 1392 quia
617 1310 778 1375 formatus
794 1332 839 1373 ex
857 1310 951 1374 falsis
966 1322 1001 1376 et
1018 1311 1118 1383 malis,
1131 1328 1198 1391 quae.

109 1401 142 1461 in
158 1421 196 1464 se
211 1411 289 1464 sunt
305 1404 465 1466 tenebrae
482 1412 517 1466 et
533 1403 664 1484 caligo;
688 1415 894 1485 quapropter
909 1406 1015 1467 etiam
1031 1424 1087 1485 per
1098 1409 1191 1466 “tene-

109 1493 208 1557 bras''
231 1496 264 1557 in
292 1495 408 1559 Verbo
434 1495 666 1577 significantur
693 1496 776 1560 salsa
802 1499 913 1561 omnis
939 1499 1081 1578 generis,
1101 1507 1132 1559 et
1152 1512 1192 1575 ptr

111 1592 130 1619 ‘⁴
139 1586 341 1668 caliginem'’
354 1589 437 1652 falsa
452 1590 541 1653 mali.
586 1589 642 1652 Ex
659 1591 711 1655 his
725 1603 882 1654 constare
899 1601 1016 1672 potest
1028 1590 1102 1672 quid
1115 1588 1192 1669 signi·

109 1679 227 1746 featur
240 1702 298 1762 per
309 1683 401 1765 quod
414 1683 682 1747 “absconderint
695 1704 733 1746 se
745 1686 778 1747 in
791 1684 989 1765 speluncis,”
1001 1684 1090 1766 quod
1100 1700 1193 1761 nempe

109 1775 142 1837 in
158 1774 255 1839 malis
267 1776 367 1849 vitae,
381 1776 478 1838 bonis
490 1776 578 1857 apud
595 1776 671 1839 illos
682 1777 875 1857 deperditis.
920 1775 1022 1857 Quod
1036 1776 1117 1840 mala
1127 1776 1192 1837 vitae

109 1885 169 1947 per
188 1868 416 1949 “speluncas’'
434 1869 675 1950 significentur,
695 1882 812 1934 estex
835 1871 955 1934 eadem
975 1891 1075 1934 causa
1093 1883 1193 1950 etqua

111 1962 296 2026 “montes”
312 1962 504 2043 significant
521 1965 611 2027 bona
626 1965 728 2037 vitae,
744 1984 866 2045 nempe
882 1966 961 2046 quia
975 1965 1062 2027 tales
1076 1973 1143 2026 sunt
1153 1959 1195 2042 qui

109 2054 176 2131 ibis
203 2075 281 2119 nam
304 2076 422 2119 sensus
444 2058 627 2137 spiritualis
649 2057 752 2120 modo
777 2055 910 2138 spectat
937 2057 1027 2121 mala
1053 2067 1106 2120 aut
1128 2056 1194 2118 boue

109 2146 278 2212 abstradle
302 2170 322 2211 a
345 2149 428 2212 locis
450 2160 485 2213 et
512 2152 673 2231 personis,
697 2150 811 2232 qualia-
830 2163 909 2214 sunt
935 2152 969 2213 in
992 2151 1058 2215 illis
1078 2160 1110 2215 et
1129 2144 1193 2228 apud

109 2240 196 2316 illos,
216 2252 252 2307 ut
271 2263 403 2325 quoque
422 2263 521 2323 supra
539 2243 719 2325 aliquoties
737 2241 862 2306 didlum
882 2255 947 2309 est.

171 2332 235 2416 [la]
266 2333 323 2397 Ex
343 2334 395 2397 his
413 2345 575 2397 constare
593 2345 710 2416 potest
726 2334 807 2417 quid
825 2337 858 2397 in
879 2330 998 2398 Verbo
1016 2333 1193 2416 significatur

109 2443 168 2504 pet
182 2425 416 2505 “speluncas''
431 2426 649 2499 “cavernas”
663 2434 681 2458 ‘¹
691 2426 857 2507 cryptas,''
871 2426 1088 2500 “foramina'’
1100 2424 1191 2486 “fissu-

109 2538 165 2604 ras
180 2529 216 2582 et
235 2520 334 2581 rimas
351 2529 521 2599 petrarum
537 2530 572 2582 et
589 2519 783 2593 montium,”
798 2520 832 2583 in
848 2521 1066 2602 sequentibus
1080 2519 1193 2582 locis:—

109 2610 213 2693 Apud
232 2610 385 2685 Esaiam,

165 2733 266 2784 “lutra
279 2735 306 2781 in
318 2744 430 2795 petram,
442 2743 468 2781 et
480 2733 616 2781 absconde
631 2743 658 2781 te
671 2732 698 2780 in
710 2731 829 2792 pulvere,
840 2739 950 2793 propter
962 2743 1087 2791 pavorem
1098 2726 1193 2791 Jebottt·

243 2810 269 2847 et
284 2814 347 2860 prae
361 2799 447 2859 gloria
461 2797 676 2859 magnificentiae
692 2795 780 2858 Ipsius
790 2810 808 2851 ;.
819 2833 825 2844 .
835 2832 840 2844 .
852 2810 925 2843 .nam
943 2795 1000 2843 dies
1014 2794 1126 2859 jehovae
1135 2787 1193 2837 Zeb¹¹

243 2864 289 2911 oth
308 2876 388 2924 super
401 2876 511 2910 omnem
532 2861 700 2922 magnificum
718 2871 745 2908 et
759 2861 851 2917 altum,
863 2870 889 2908 et
907 2874 989 2921 super
1002 2871 1106 2907 omnem
1122 2855 1193 2904 elatum

245 2938 273 2977 et
285 2929 421 2984 humilem,
434 2937 460 2976 et
471 2941 552 2989 super
563 2941 660 2975 omnes
673 2927 767 2975 cedros
780 2925 874 2973 Libani
886 2926 955 2972 altas
967 2936 993 2972 et
1008 2926 1096 2980 elatas,
1106 2931 1130 2971 et
1138 2925 1194 2976 Ωιι*

243 3007 337 3042 omnes
359 3006 469 3054 quercus
492 2990 647 3047 Baschanis,
668 2999 694 3039 et
711 3003 792 3052 super
808 3003 904 3036 omnes
921 2997 1029 3037 montes
1046 2988 1117 3042 altos,
1133 2991 1153 3030 et
1164 2991 1193 3026 tt·

262 3072 291 3105 er
300 3072 394 3106 omnes
407 3056 488 3104 colles
499 3056 592 3111 elatos,
603 3065 630 3103 et
642 3069 723 3117 super
731 3067 839 3101 omnem
852 3053 945 3102 turrim
959 3052 1098 3108 excelsam,
1108 3059 1130 3097 et
1139 3052 1195 3105 septi

243 3072 378 3187 lomnem]
391 3135 497 3170 murum
509 3121 651 3177 munitum,
665 3129 692 3168 et
704 3133 785 3181 super
797 3133 894 3167 omnes
906 3132 990 3167 naves
1003 3112 1195 3185 thersebium?

243 3203 323 3250 super
335 3202 430 3236 omnes
443 3187 574 3248 imagines
591 3185 726 3241 desiderii,
740 3194 768 3234 ut
785 3184 949 3246 deprimatur
967 3183 1089 3246 superbia
1099 3182 1193 3229 hominu.

243 3263 270 3303 et
288 3252 440 3301 humilietur
457 3251 569 3300 altitudo
581 3251 708 3307 virorum,
725 3259 750 3298 et
768 3250 899 3298 exaltetur
911 3248 1035 3312 Jehovab
1052 3248 1119 3297 solus
1133 3244 1152 3290 ln
1164 3234 1194 3285 ue

244 3319 306 3375 illo;
330 3329 356 3367 et
374 3318 445 3366 idola
463 3318 489 3365 in
502 3316 605 3364 iumum
619 3317 737 3372 abibunt,
752 3325 779 3364 et
795 3315 934 3363 intrabunt
952 3312 1195 3376 insperatissume

243 3399 310 3441 rum,
320 3394 346 3432 et
354 3385 380 3432 in
391 3383 499 3431 fissuras
509 3383 635 3444 pulveris,
646 3391 754 3443 propter
762 3394 889 3443 pavorem
897 3378 1027 3443 Jebovae,
1037 3389 1064 3427 et
1071 3391 1128 3440 prae
1133 3371 1194 3441 31⁰¹}⁸

244 3449 458 3512 magnificentiae
472 3446 568 3510 Ipsius,
581 3447 688 3510 quando
700 3456 791 3508 surget
803 3444 837 3494 ad
850 3446 1004 3493 terrendum
1015 3454 1122 3492 terram:
1137 3438 1156 3486 in
1164 3431 1194 3479 d¹i

244 3514 289 3563 illo
299 3514 420 3576 projiciet
432 3514 514 3561 homo
525 3512 596 3561 idola
605 3511 710 3573 argenti
720 3521 746 3560 et
759 3510 832 3558 idola
840 3510 897 3557 auri
910 3511 960 3565 sui,
972 3492 1194 3572 quaereremus&

243 3581 277 3628 ad
297 3576 489 3628 incursandum
511 3593 541 3626 se
562 3578 641 3639 talpis
661 3587 688 3625 et
707 3576 952 3638 vespertilionibus,
972 3575 1007 3623 ad
1028 3571 1160 3623 intrandum
1175 3571 1193 3607 u

243 3646 374 3693 scissuras
387 3654 530 3706 petrarum,
546 3653 572 3691 et
585 3643 611 3690 in
625 3641 734 3690 fissuras
747 3641 850 3703 rupium
859 3639 874 3658 ”
885 3639 922 3701 (ii.
937 3640 1045 3702 10-21):

112 3765 195 3828 baec
219 3766 331 3827 omnia
354 3784 421 3826 non
445 3760 677 3826 intellecturus
699 3770 751 3823 εει
775 3762 950 3842 quisquam
975 3761 1038 3823 nisi
1063 3778 1104 3822 ex
1125 3763 1195 3816 sens*

113 3858 257 3932 interno,
285 3868 320 3920 et
347 3858 410 3919 nisi
437 3858 522 3919 sciat
552 3855 659 3937 qualis
690 3866 743 3917 est
774 3854 874 3917 facies
903 3873 1015 3915 rerum
1044 3853 1077 3916 in
1102 3838 1197 3912 mund⁰

113 3952 296 4032 spirituali;
320 3970 398 4012 nam
415 3951 487 4031 quis
503 3950 629 4030 absque
645 3968 746 4010 sensu
765 3949 899 4009 interno
920 3949 1064 4009 sciturus
1079 3953 1128 4007 est
1141 3925 1197 4018 quid

114 4046 157 4107 sit
173 4044 263 4126 quod
281 4044 380 4106 “dies
395 4044 543 4123 Jehovae
563 4043 625 4104 erit
645 4061 744 4121 super
760 4041 881 4104 cedros
899 4039 1020 4102 Libani
1040 4049 1074 4103 et
1089 4040 1199 4119 quercus

114 4137 310 4210 BaschaniS,
335 4157 434 4217 super
458 4146 592 4198 montes
620 4145 655 4198 et
683 4134 798 4208 colles,
823 4153 922 4213 super
949 4135 1067 4196 turrim
1092 4141 1124 4193 et
1146 4136 1196 4186 mu·

113 4251 196 4306 rum,
213 4251 313 4313 super
325 4251 428 4292 naves
441 4230 646 4291 Tharschish
660 4239 694 4292 et
712 4229 876 4308 imagines
888 4227 1045 4289 desiderii
1056 4226 1084 4289 ?''
1098 4234 1130 4286 et
1142 4205 1199 4298 quid

113 4327 156 4388 sit
170 4327 369 4388 “incurvare
383 4345 417 4385 se
432 4323 532 4403 talpis
549 4334 583 4386 et
597 4322 889 4403 vespertilionibus
899 4320 928 4382 ?’'
962 4320 1009 4384 Et
1023 4321 1094 4402 quis
1111 4313 1200 4408 nisius

113 4420 253 4500 cognita
268 4418 349 4481 facie
366 4438 474 4480 rerum
492 4419 523 4478 in
542 4417 667 4479 mundo
684 4415 845 4496 spirituali
861 4415 1005 4477 sciturus
1021 4426 1073 4477 est
1089 4406 1156 4495 quid
1170 4405 1205 4463 ⁵¹²
