2684 4988
114 469 193 536 1232
420 467 671 520 APOCALYPSIS
693 471 920 522 EXPLICATA.

109 639 340 720 apparentiae,
355 640 441 703 sicut
458 640 548 723 quod
563 640 690 705 defluat
706 643 839 723 grando
855 654 890 706 et
908 642 1008 725 ignis,
1023 661 1092 706 cum
1107 653 1200 705 tamen

109 732 193 796 haec
214 753 282 796 non
302 755 320 796 e
339 735 436 797 caelo
454 756 474 797 a
495 735 653 811 Domino,
674 736 735 799 sed
755 737 799 799 ab
817 736 884 799 illis
904 739 961 820 qui
984 738 1019 800 in
1041 736 1121 800 falsis
1135 731 1204 799 mali

109 837 199 900 sunt,
214 829 269 911 qui
282 839 487 892 convertunt
500 829 664 893 influxum
680 831 794 894 Divini
806 830 888 894 Veri
905 842 941 894 et
960 831 1045 894 Boni
1060 833 1090 894 in
1105 831 1207 894 falsum

110 921 199 984 mali.
247 922 375 986 Datum
385 925 489 987 etiam
500 935 553 988 est
565 924 646 988 mihi
659 926 900 990 conversiones
913 925 990 989 illas
1003 927 1209 1008 appercipere,

109 1017 246 1097 quando
270 1017 429 1080 Divinum
448 1017 577 1082 Verum
601 1040 619 1082 e
642 1019 740 1083 caelo
762 1021 796 1083 in
820 1019 957 1102 aliquod
982 1019 1135 1083 infernum
1151 1019 1211 1080 de·

109 1109 228 1189 fluxit;
252 1112 450 1176 vertebatur
472 1114 505 1175 in
528 1114 581 1175 via
604 1115 795 1177 successive
818 1115 851 1176 in
874 1113 997 1177 salsum
1022 1113 1107 1186 mali,
1123 1109 1213 1196 quale

109 1201 170 1267 fuit
189 1206 278 1287 apud
294 1205 391 1283 illos;
415 1228 550 1288 prorsus
569 1209 656 1270 sicut
673 1208 766 1272 calor
782 1207 863 1270 solis
880 1208 961 1270 dum
979 1208 1070 1270 cadit
1087 1209 1118 1270 in
1132 1216 1213 1269 ster·

109 1318 220 1374 corea,
240 1311 275 1364 et
300 1301 359 1363 lux
379 1302 461 1363 solis
484 1303 517 1364 in
539 1300 690 1383 subjecta
708 1323 794 1386 quae
813 1302 927 1365 radios
946 1300 1018 1383 ejus
1037 1311 1156 1364 vertunt
1175 1298 1216 1360 in

109 1403 219 1457 tetros
235 1394 387 1472 colores;
413 1407 471 1459 aut
488 1398 574 1459 sicut
594 1396 654 1458 lux
671 1407 706 1460 et
723 1396 816 1460 calor
831 1396 914 1459 solis
933 1397 966 1458 in
988 1397 1085 1460 terris
1101 1391 1216 1478 putidis

110 1487 318 1568 paludinosis
331 1491 486 1572 producit
504 1490 626 1553 herbas
640 1491 761 1553 noxias
774 1511 860 1572 quae
874 1492 1029 1553 nutriunt
1043 1497 1217 1571 serpentes,

12 1592 14 1597 ’
109 1592 145 1645 at
159 1583 192 1644 in
205 1584 304 1646 terris
319 1584 416 1646 bonis
430 1586 585 1667 producit
598 1585 736 1648 arbores
749 1593 783 1648 et
799 1585 966 1665 gramina,
980 1604 1066 1667 quae
1078 1581 1221 1646 nutriunt

110 1675 266 1739 homines
285 1688 320 1740 et
340 1678 441 1741 utiles
461 1678 609 1755 bestias;
634 1677 693 1740 lux
713 1687 749 1741 et
768 1677 861 1740 calor
880 1675 962 1740 solis
982 1697 1050 1742 non
1072 1678 1104 1740 in
1123 1685 1225 1739 causa

110 1781 189 1834 sunt
208 1773 298 1853 quod
322 1773 355 1834 in
378 1773 504 1854 putidis
524 1774 621 1835 terris
645 1773 874 1855 producantur
894 1771 984 1834 tales
1003 1769 1141 1846 effectus,
1157 1755 1229 1831 sed

110 1875 189 1928 sunt
207 1867 299 1948 ipsae
311 1888 397 1950 quae
411 1867 509 1940 tales,
524 1878 560 1931 et
577 1877 694 1930 tamen
707 1864 845 1930 effetius
861 1865 909 1929 illi
926 1867 1072 1930 adscribi
1087 1859 1236 1948 possuni

41 2030 43 2034 Α
111 1959 192 2022 solis
208 1961 277 2042 igni
293 1971 328 2024 et
345 1963 465 2024 aestui.
511 1960 567 2024 Ex
584 1961 636 2023 his
653 1972 812 2025 constare
828 1967 944 2042 potest
961 1981 1008 2023 ex
1021 1980 1085 2043 qua
1100 1959 1243 2040 origirl‘

111 2066 253 2136 apparet
273 2055 405 2136 grando
423 2065 459 2118 et
478 2056 567 2136 ignis
586 2056 618 2117 in
638 2055 766 2118 mundo
784 2054 961 2136 spirituali,
980 2064 1016 2117 et
1035 2054 1119 2117 unde
1135 2029 1252 2135 quo‘i

112 2150 243 2214 dicatur
265 2151 356 2232 quod
382 2150 564 2232 “Jehovah
587 2149 702 2231 pluere
729 2148 830 2212 iaciat
857 2148 946 2224 illa,''
969 2169 1046 2211 cum
1069 2160 1171 2212 tamen
1246 2141 1252 2182 ²

110 2243 266 2325 Jehovah
289 2264 357 2307 non
382 2246 444 2307 nisi
467 2264 568 2326 quam
592 2245 739 2321 bonum;
762 2255 798 2308 et
821 2245 959 2326 quando
981 2243 1140 2326 Jehovah,
1156 2241 1252 2304 hc?

111 2350 177 2411 est,
199 2340 375 2415 Dominus,
395 2339 518 2403 lortem
541 2340 652 2403 reddit
677 2336 852 2413 influxum,
878 2359 946 2402 non
971 2349 1085 2403 estut
1111 2333 1252 2421 perd!

113 2433 232 2507 malos,
250 2435 310 2497 sed
330 2444 366 2497 ut
384 2435 503 2516 eripiat
523 2453 562 2496 ac
582 2443 714 2497 tutetur
730 2434 859 2510 bonos;
883 2432 1061 2514 conjungit
1077 2433 1159 2496 enim
1174 2405 1252 2492 εἴ

113 2527 221 2590 bonos
244 2527 314 2590 Sibi
337 2525 461 2591 arctius
479 2538 515 2590 ct
539 2528 689 2602 interius,
710 2537 745 2590 et
768 2527 846 2590 inde
865 2538 1068 2608 separantur
1086 2548 1105 2590 a
1122 2519 1252 2588 mali&

113 2640 151 2683 ac
176 2621 255 2683 mali
279 2631 442 2702 pereunt;
468 2641 545 2683 nam
569 2622 688 2684 sinon
712 2631 950 2703 separarentur
974 2620 1065 2696 mali,
1086 2618 1252 2703 periren)

113 2716 204 2788 boni,
226 2735 265 2778 ac
290 2717 443 2778 interiret
467 2716 598 2779 caelum
622 2714 823 2797 angelicum.
870 2714 1002 2778 Similia
1024 2736 1083 2797 per
1104 2722 1252 2796 “granfi

112 2811 226 2873 dinem
236 2809 250 2832 ”
263 2820 297 2872 et
315 2830 374 2891 per
389 2810 565 2892 “pluviam
579 2809 775 2890 grandinis''
789 2808 1024 2890 significantur
1040 2811 1074 2872 in
1090 2825 1243 2891 sequen‘

113 2905 203 2967 tibus
223 2904 306 2967 locis
321 2904 478 2986 :—Apud
496 2903 649 2978 Esaiam,

164 3039 246 3088 “Vae
264 3053 382 3087 coronae
400 3037 551 3099 superbiae,
568 3038 649 3086 ebriis
668 3036 804 3099 Ephraimi
815 3052 832 3092 ;.
843 3074 849 3085 .
859 3074 865 3085 .
876 3051 950 3085 .ecce
968 3036 1049 3086 fortis
1066 3046 1094 3087 et
1110 3030 1252 3085 robustw

245 3104 387 3161 Dominus,
399 3104 468 3153 sicut
478 3103 619 3152 inundatio
630 3102 780 3166 grandinis,
793 3102 911 3164 procella
921 3101 1036 3150 caedis”
1045 3101 1147 3164 (xxviii.
1158 3114 1179 3159 1,
1187 3100 1252 3162 ης

112 3232 201 3314 apud
222 3230 378 3303 eundem,

164 3346 420 3471 “Evepgpifiralrppo
438 3343 571 3406 refugium
586 3343 719 3392 mendacii
738 3352 764 3392 et
782 3342 924 3391 latibulum
939 3357 1028 3406 aquae
1047 3323 1252 3392 inundabunt*

112 3526 201 3608 apud
221 3526 378 3597 eundem,

164 3639 264 3688 “Tunc
279 3639 365 3687 audiri
380 3638 459 3687 iaciet
474 3636 596 3702 Jehovah
610 3637 725 3699 gloriam
740 3635 815 3686 vocis
829 3650 903 3692 suae,
918 3646 946 3684 et
960 3635 1083 3698 quietem
1098 3635 1229 3685 brachium

244 3704 309 3766 Ejus
317 3705 408 3752 videre
418 3703 507 3761 faciet,
518 3703 545 3751 in
556 3702 743 3765 indignatione
753 3702 808 3750 irae
818 3711 844 3749 et
854 3700 964 3748 flamma
975 3701 1050 3763 ignis
1058 3700 1228 3759 comedentis,

241 3770 410 3832 dispersione
422 3779 449 3818 et
461 3768 647 3827 inundatione,
662 3776 688 3817 et
700 3767 788 3829 lupide
800 3765 942 3830 grandinis
950 3765 965 3784 ”
978 3768 1053 3828 (xxx.
1067 3780 1108 3827 30,
1121 3769 1177 3828 31);

111 3883 200 3964 apud
220 3884 376 3958 eundem,

162 3995 375 4053 “Grandinabit,
389 3996 476 4044 donec
490 3994 659 4045 descenderit
672 3994 750 4052 silva,
764 4002 792 4042 et
806 4007 866 4042 cum
881 3992 1037 4043 humilitate
1051 3990 1229 4043 humillaverit

241 4075 271 4110 se
284 4063 346 4109 urbs
354 4060 368 4079 '⁸
380 4061 471 4121 (xxxii.
486 4060 544 4124 19);

109 4183 199 4266 apud
219 4182 432 4259 Ezechielem,

161 4296 351 4360 “Disceptabo
366 4313 426 4346 cum
436 4298 450 4317 ''
466 4298 545 4361 Gogo
562 4300 663 4361 “peste
677 4306 704 4346 et
717 4296 858 4359 sanguine,
876 4305 904 4345 et
918 4295 1042 4358 pluviam
1058 4297 1252 4348 inundantem

238 4363 545 4491 (epxlppilideggpandinis,
561 4364 651 4426 ignem
666 4372 694 4412 et
708 4363 820 4425 sulphur
834 4360 932 4410 tactam
948 4363 1044 4424 pluere
1059 4377 1140 4427 super
1150 4351 1252 4413 eum*
