2684 4988
333 519 413 569 cnr.
430 517 505 580 vn„
522 517 627 568 vans.
646 517 755 586 5.--u.
770 503 898 588 433[b].
1095 517 1173 587 1075

98 689 223 752 irituale
248 689 407 765 Domini;
439 708 498 769 per
522 688 757 770 “josephum’'
780 699 815 751 et
840 687 1113 768 “Ephraimum”
1136 709 1175 752 ac
1260 744 1265 756 .

98 803 120 845 er
130 785 258 846 “tribus
272 784 406 846 Israelis
420 785 587 864 dispersas
600 794 635 846 et
649 784 907 864 congregandas
915 783 929 807 ’¹
940 783 1177 865 intelliguntur

98 877 177 960 liqui
198 879 283 941 insra
305 877 364 941 illa
383 898 488 960 regna
507 889 596 953 sunt,
616 879 694 959 quia
717 896 785 940 non
808 877 975 941 caelestes
994 898 1056 940 nec
1080 878 1175 960 spiri·

98 971 172 1045 tales,
200 973 259 1035 sed
289 971 471 1046 naturales,
500 983 535 1036 et
563 992 666 1053 usque
694 972 727 1034 in
755 973 846 1036 bono
872 973 962 1035 vitae
991 973 1175 1035 secundum

98 1066 243 1147 eligiosum
261 1088 378 1130 suum:
401 1068 434 1130 hi
450 1068 555 1130 etiam
572 1078 650 1130 sunt
667 1068 722 1149 qui
738 1067 976 1148 intelliguntur
991 1088 1011 1130 a
1029 1067 1176 1130 Domino

98 1162 148 1240 pud
164 1162 363 1236 mantum,

121 1297 133 1318 '⁸
141 1294 218 1346 Etiam
230 1297 298 1346 alias
311 1312 378 1346 oves
390 1298 487 1354 babeo.
502 1311 570 1360 quae
582 1311 637 1346 non
650 1306 713 1346 sunt
725 1311 759 1346 ex
771 1296 835 1345 ovili
847 1297 914 1353 hoc:
932 1298 1012 1346 etiam
1026 1298 1086 1347 illas
1098 1313 1176 1361 opor·

183 1373 220 1475 ¹15¹
234 1362 280 1410 Me
294 1363 437 1490 a‹(lducg)re,
451 1372 479 1412 et
493 1377 587 1412 vocem
601 1377 689 1412 meam
704 1363 822 1420 audient,
837 1373 864 1412 et
878 1363 923 1412 fiet
937 1378 1006 1412 unus
1018 1378 1092 1425 grex,
1106 1379 1176 1414 unus

205 1428 303 1476 aston”
326 1443 351 1478 x.
367 1441 377 1476 1
416 1443 422 1486 ;

98 1556 197 1622 lienim
220 1560 371 1623 incaelo
394 1580 463 1623 non
486 1560 618 1624 suerunt
641 1569 722 1623 ante
740 1559 926 1623 adventum
948 1561 1094 1632 Domini.
1115 1563 1175 1624 sed

98 1650 116 1712 u
128 1653 195 1734 Ipso
212 1652 395 1718 introducti
420 1664 601 1738 postquam
620 1653 821 1736 glorificavit
844 1655 1038 1718 Humanum
1058 1677 1173 1718 suum:

98 1765 157 1810 ‘ausa
171 1761 254 1822 erat,
275 1750 353 1832 quia
373 1750 531 1812 Divinum
552 1749 740 1829 procedens
759 1769 827 1812 non
847 1751 936 1830 prius
955 1751 997 1812 ad
1018 1751 1094 1813 illos
1112 1771 1174 1812 ex-

98 1843 153 1905 endi
172 1846 292 1925 potuit.
338 1843 404 1926 Qui
428 1845 512 1907 haec
536 1846 612 1918 scit,
632 1853 666 1907 et
691 1844 782 1926 quod
806 1865 865 1925 per
885 1845 1105 1907 “Davidem''
1124 1845 1174 1907 in-

98 1935 227 2018 elligatur
250 1938 418 2001 Dominus
441 1939 552 2020 quoad
582 1938 741 2000 Divinum
766 1937 894 2000 Verum
918 1940 1106 2019 procedens
1129 1960 1174 2002 ex

98 2029 177 2096 livino
200 2033 362 2096 Humano
381 2034 513 2113 *Ipsius
538 2033 623 2095 scire
651 2041 766 2113 potest
793 2033 926 2114 singula
950 2034 993 2096 ibi
1020 2035 1054 2095 in
1081 2035 1174 2096 serie.

98 2121 157 2203 lund
174 2128 229 2190 illa
249 2129 507 2191 “scriberentur
526 2148 626 2208 super
645 2127 776 2189 duobus
796 2127 926 2209 lignis,”
945 2138 978 2190 et
998 2128 1088 2209 quod
1109 2128 1176 2192 duo

99 2217 122 2281 la
139 2222 223 2304 ligna
243 2223 560 2304 “conjungerentur
579 2224 612 2284 in
632 2241 734 2283 unum
755 2221 912 2302 lignum,”
930 2231 1002 2285 erat
1022 2223 1098 2303 quia
1117 2242 1177 2302 per

103 2311 209 2396 lignum
219 2316 233 2342 '’
252 2316 463 2399 significatur
481 2317 606 2379 bonum
624 2317 724 2389 vitae,
745 2326 780 2378 et
800 2317 910 2378 omnis
929 2313 1122 2396 conjundtio
1141 2317 1174 2378 in

98 2404 155 2469 telo
169 2407 205 2470 fit
223 2428 286 2490 per
303 2408 445 2481 bonum,
465 2417 500 2471 et
519 2407 707 2471 secundum
726 2407 770 2470 id.
814 2421 1045 2482 (Qu0d·¹1ignum··
1059 2423 1177 2481 significet

98 2510 149 2578 pun
161 2504 228 2557 vitae,
242 2504 356 2550 videatur
369 2504 395 2549 in
409 2504 512 2549 Ananis
529 2504 675 2557 caelestibus,
687 2517 710 2549 n.
723 2505 775 2562 643.
788 2507 855 2562 2784,
867 2516 935 2562 3720,
947 2505 1026 2561 8354.)
1069 2487 1175 2569 Apud

98 2579 208 2642 isaram,

120 2694 240 2749 Dominus
249 2714 311 2748 cum
324 2699 428 2748 “tollet
436 2699 541 2761 signum
554 2699 687 2761 gentibus,
699 2708 726 2747 et
735 2699 907 2762 congregabit
916 2700 1043 2760 expulsos
1057 2698 1172 2756 Israelis,

183 2778 209 2814 et
226 2766 351 2827 dispersa
368 2763 487 2828 Jehudae
504 2765 611 2827 colliget
632 2780 648 2812 a
665 2773 779 2826 quatuor
796 2764 845 2812 alis
864 2775 964 2813 terrae:
987 2775 1049 2813 tunc
1071 2765 1176 2813 recedet

182 2831 328 2879 aemulatio
339 2829 484 2891 Ephraimi‚
494 2840 521 2879 et
530 2831 622 2879 hostes
632 2829 751 2894 Jehudae
759 2831 948 2878 exscindentur
958 2845 963 2884 ;
984 2829 1109 2892 Ephraim
1119 2845 1174 2878 non

182 2896 361 2945 aemulabitur
370 2909 429 2943 cum
440 2894 569 2959 Jehudah,
582 2905 608 2944 et
620 2894 741 2959 jehudah
752 2909 806 2943 non
819 2895 972 2956 angustabit
986 2894 1158 2957 Ephraimum
1170 2911 1175 2950 ;

183 2961 414 3086 ffljppolabunt
434 2961 461 3009 in
484 2961 625 3009 humerum
649 2960 872 3009 Philisthaeorum
894 2975 987 3008 versus
1009 2974 1082 3008 mare
1092 2960 1106 2979 ''
1127 2961 1172 3020 (xi.

98 3153 142 3200 aec
157 3138 243 3203 dicta
265 3149 344 3203 sunt
365 3139 408 3202 de
427 3139 614 3202 salvatione
638 3140 801 3220 gentium,
821 3159 906 3220 quae
926 3140 1027 3201 etiam
1048 3137 1173 3219 signifi·

98 3242 173 3296 autur
183 3255 241 3316 per
253 3241 273 3267 ‘⁴
283 3233 446 3314 expulsos
459 3233 592 3296 Israelis
600 3233 615 3257 '⁹
625 3245 660 3296 et
673 3234 851 3314 “dispersa
861 3232 1043 3314 Jehudae‚”
1054 3233 1175 3295 dicitur

98 3323 146 3388 nim
156 3329 242 3410 quod
261 3328 427 3390 Dominus
441 3327 569 3390 “tollet
586 3329 718 3407 signum
736 3328 894 3408 gentibus
907 3328 933 3403 ;”
952 3348 1010 3408 per
1025 3326 1174 3407 “expul-

98 3434 120 3479 οε
135 3419 259 3485 Israelis
267 3421 282 3445 ”
298 3420 533 3501 intelliguntur
549 3422 603 3503 qui
623 3442 690 3483 non
713 3420 774 3503 [in]
792 3423 879 3484 veris
895 3433 972 3483 sunt
990 3422 1049 3483 sed
1070 3443 1174 3503 usque

98 3512 271 3579 ldesiderio
289 3517 442 3578 discendi
461 3515 527 3589 illa,
548 3525 582 3578 et
603 3536 662 3596 per
682 3516 861 3596 “dispersa
878 3515 1052 3596 Jehudae”
1071 3515 1173 3578 intel·

98 3620 200 3683 guntur
215 3611 271 3693 qui
291 3611 323 3672 in
342 3610 433 3671 bono
448 3611 537 3672 vitae
555 3619 589 3672 et
607 3630 666 3690 per
681 3610 714 3671 id
734 3611 766 3671 in
783 3629 896 3672 amore
916 3611 949 3671 in
970 3610 1151 3671 Dominum
1166 3632 1174 3687 ;

98 3715 135 3764 tm
150 3705 203 3786 qui
222 3715 339 3767 amant
363 3703 472 3766 lacere
493 3704 617 3766 bonum
638 3703 684 3766 illi
704 3715 820 3767 amant
840 3703 1033 3777 Dominum,
1054 3703 1174 3767 Domi·

98 3800 216 3862 tsenim
233 3809 287 3861 est
305 3799 337 3861 in
354 3797 414 3860 illo
430 3797 520 3860 bono
533 3800 609 3879 quia
625 3798 658 3859 id
675 3809 727 3861 est
744 3799 787 3860 ab
803 3799 901 3879 Ipso:
927 3818 986 3879 per
1000 3798 1172 3879 “Ephrai-

98 3892 166 3954 um”
188 3893 391 3974 intelligitur
414 3889 644 3954 intelledtuale
670 3893 721 3955 hic
746 3892 958 3956 concordans
980 3912 1055 3954 cum
1082 3893 1174 3956 bono

98 3987 192 4064 noris3
215 3988 307 4068 quod
325 4006 426 4048 unum
443 4006 509 4048 non
523 3987 729 4049 discordabit
746 4007 821 4049 cum
838 3986 957 4059 altero,
971 3985 1173 4067 intelligitur

98 4080 244 4144 r⁴‘Tunc
258 4082 396 4143 recedet
409 4081 591 4143 aemulatio
605 4080 787 4161 Ephraimi‚
800 4081 961 4161 Ephraim
976 4100 1043 4142 non
1056 4101 1171 4143 aemu-

98 4176 172 4241 u'tur
193 4196 270 4239 cum
293 4174 458 4256 Jehudah‚
481 4186 515 4238 et
538 4175 690 4257 Jehudah
715 4196 782 4239 non
805 4176 1002 4257 angustabit
1026 4174 1171 4255 Ephrai-

98 4270 172 4335 1m:”
190 4270 282 4352 quod
296 4270 539 4350 separabuntur
549 4270 591 4332 ab
601 4270 665 4332 illis
676 4271 730 4351 qui
743 4272 776 4332 in
787 4269 851 4333 fide
862 4280 1017 4351 separata
1030 4291 1049 4331 a
1062 4270 1170 4332 chari-

98 4389 115 4434 e
139 4376 233 4440 sunt,
258 4363 467 4446 significatur
489 4384 548 4444 per
570 4366 659 4447 quod
685 4365 913 4429 “involabunt
937 4366 970 4428 in
993 4365 1168 4428 humerum

98 4463 331 4529 listhaeorum
339 4479 455 4522 versus
465 4477 555 4521 mare
568 4459 593 4537 ;”
607 4466 626 4492 ‘⁴
636 4461 830 4524 Philisthaei
841 4481 955 4523 versus
967 4459 1080 4522 mare”
1089 4469 1169 4522 sunt
