2684 4988
373 499 681 561 cnr.v111.,vans.
702 499 830 549 11.-n.
849 484 973 569 519[a].
1148 500 1229 568 1²97

164 666 254 781 “ml
268 667 331 781 illgo
348 669 442 783 cibsns
456 681 513 726 eos,
530 666 658 744 populum
676 670 746 717 hunc
759 669 905 726 absinthio,
921 677 949 746 et
966 670 1066 731 potabo
1083 683 1132 717 eos
1150 668 1228 783 aqrffi

240 743 1190 864 nit:radamantititii·1;‘it'i‘†t⁵,tt⁸13?⁰⁸⁸

104 912 198 992 apud
217 913 373 986 eundern,

160 1022 178 1044 ‘⁶
188 1019 257 1070 Ecce
273 1020 331 1083 Ego
343 1022 437 1070 cibans
449 1035 497 1071 eos
508 1022 654 1076 absinthio.
668 1031 695 1071 et
710 1022 809 1083 potabo
821 1036 868 1069 eos
880 1021 955 1084 aquis
969 1020 1048 1078 iellis,
1063 1020 1125 1084 quia
1136 1036 1153 1069 a
1167 1035 1228 1084 pro·

240 1086 327 1148 phetis
339 1085 547 1149 Hierosolymae
557 1086 640 1135 exivit
649 1087 799 1150 hypocrisis
810 1086 837 1134 in
847 1086 1001 1135 universam
1012 1096 1110 1135 terram
1118 1085 1132 1106 '³
1139 1085 1225 1148 (xxiii.

242 1151 296 1210 15):

104 1293 192 1337 1aec
207 1295 341 1357 quoque
358 1272 448 1338 didla
465 1284 544 1338 sunt
561 1275 603 1337 de
621 1284 725 1355 gente
740 1274 888 1355 Judaica,
905 1296 990 1357 quae
1010 1274 1100 1337 mille
1116 1273 1227 1337 modis

104 1370 272 1446 pervertit
297 1368 458 1442 Verbum,
482 1389 596 1431 verum
624 1368 693 1449 ejus
720 1367 918 1444 falsificavit,
943 1380 978 1431 et
1004 1369 1129 1431 bonum
1156 1367 1226 1449 ejus

104 1461 333 1540 adulteravit:
359 1483 417 1544 per
438 1463 669 1525 “absinthium
680 1463 694 1487 ”
713 1462 918 1543 significatur
940 1463 1064 1525 malum
1087 1462 1171 1537 salsi,
1190 1472 1227 1525 et

104 1575 167 1636 per
182 1562 315 1638 “aquas
330 1556 439 1618 sellis''
455 1556 573 1618 salsum
592 1557 680 1629 mali,
696 1568 871 1644 utrumque
889 1557 1032 1619 mixtum
1051 1576 1126 1619 cum
1139 1558 1226 1619 veris

104 1660 139 1712 et
157 1648 257 1712 bonis
274 1649 397 1712 Verbi:
422 1650 511 1732 quod
528 1651 560 1713 in
577 1650 673 1713 malis
689 1661 724 1713 et
741 1650 818 1713 inde
834 1650 924 1712 salsis
940 1650 1059 1713 luerint
1076 1672 1120 1713 ex
1138 1671 1173 1714 se
1190 1661 1226 1713 et

104 1766 150 1807 ex
181 1766 243 1807 suo
270 1746 382 1819 corde,
406 1745 613 1826 significatur
639 1766 698 1826 per
725 1744 814 1826 quod
843 1745 1022 1825 “Jehovah
1050 1746 1139 1808 cibet
1166 1765 1225 1807 eos

104 1839 279 1902 absinthio
307 1850 342 1902 et
372 1850 469 1921 potet
497 1840 589 1922 aquis
617 1838 739 1915 sellis;''
769 1839 924 1903 tribuitur
950 1841 1038 1901 enim
1064 1839 1226 1920 Jehovae,

104 1933 174 1995 hoc
191 1944 255 2006 est,
273 1934 431 2008 Domino,
449 1933 573 1995 malum
593 1944 628 1996 et
647 1932 776 2005 salsum,
794 1953 879 2014 quae
896 1943 1010 1995 tamen
1027 1942 1105 1995 sunt
1123 1934 1226 2013 ipsius

104 2027 265 2101 hominis,
283 2037 319 2090 ut
336 2027 458 2108 pluries
475 2027 562 2100 alibi,
580 2047 624 2088 ex
641 2028 748 2089 causis
764 2027 806 2089 de
822 2027 940 2108 quibus
959 2027 1089 2108 saepius
1105 2045 1224 2107 supra:

104 2126 168 2200 per
193 2121 413 2203 “hypocrisin
436 2142 521 2202 quae
545 2121 651 2184 exivit
675 2141 719 2182 ex
747 2121 919 2201 prophetis
944 2118 1227 2200 Hierosolymae”

107 2214 318 2296 significatur
340 2216 540 2278 commixtio
563 2214 640 2276 talis
663 2215 735 2277 falsi
759 2224 793 2278 et
816 2216 896 2287 veri,
919 2216 996 2296 quia
1019 2214 1122 2276 locuti
1145 2223 1224 2276 sunt

108 2329 199 2383 vera,
222 2319 258 2371 et
285 2310 470 2370 docuerunt
497 2308 598 2384 lalsa;
626 2308 728 2371 locuti
755 2329 833 2371 vera
860 2309 938 2370 dum
965 2329 1010 2370 ex
1038 2307 1164 2382 Verbo,
1189 2316 1224 2370 et

110 2404 296 2466 docuerunt
326 2403 409 2465 falsa
435 2403 514 2463 dum
545 2423 588 2464 ex
620 2423 655 2464 se
685 2414 719 2465 et
750 2423 809 2464 sua
838 2399 1009 2465 doetrina:
1041 2398 1226 2464 destruftlo

111 2517 225 2562 eorum
254 2518 312 2579 per
340 2496 428 2560 mala
455 2497 526 2560 salsi
556 2507 591 2560 et
622 2517 681 2578 per
707 2497 789 2559 salsa
817 2496 906 2570 mali,
934 2494 1141 2578 significatur
1167 2515 1228 2576 per

114 2598 131 2623 ⁸¹
140 2593 342 2674 Dispergam
356 2613 414 2654 eos
426 2593 514 2654 inter
526 2601 659 2673 gentes,
673 2602 707 2653 et
722 2592 855 2654 mittam
874 2602 950 2670 post
963 2611 1021 2653 eos
1038 2590 1186 2672 gladium
1199 2589 1226 2668 ;'’

114 2688 333 2768 “dispergere
348 2688 435 2749 inter
447 2687 591 2767 gentes”
605 2685 771 2766 significat
784 2686 956 2748 destruere
970 2705 1028 2766 per
1041 2685 1129 2747 mala
1141 2685 1227 2761 salsi,

114 2790 143 2842 et
161 2782 327 2843 “mittere
343 2780 493 2861 gladium
511 2791 588 2861 post
604 2779 685 2842 eos”
698 2778 864 2860 significat
881 2779 1052 2842 destruere
1069 2798 1128 2860 per
1143 2778 1227 2842 salsa

113 2872 201 2934 mall.
247 2888 331 2944 (Quod
340 2883 353 2900 '¹
361 2895 444 2945 gentes
452 2887 464 2902 ’¹
476 2886 608 2945 significent
623 2887 694 2940 mala,
705 2887 813 2932 videatur
825 2900 905 2944 supra,
916 2900 940 2931 n.
956 2885 1060 2950 175[b],
1074 2885 1186 2949 331[b];
1203 2893 1228 2931 et

111 2962 173 3014 quod
186 2966 199 2983 '¹
207 2959 321 3017 gladius·
333 2958 448 3016 significet
458 2973 564 3017 pugnam
574 2960 622 3004 veri
633 2966 716 3004 contra
726 2958 818 3008 falsum.
830 2966 853 3004 et
863 2972 968 3017 pugnam
981 2958 1030 3003 falsi
1043 2967 1127 3004 contra
1136 2971 1227 3012 verum,

108 3039 129 3077 et
139 3034 331 3082 destruetionem
343 3035 400 3092 eius,
412 3034 483 3079 eriam
494 3047 573 3091 supra,
584 3047 608 3079 n.
624 3032 728 3096 131[b]‚
741 3017 823 3096 367.)
866 3017 971 3098 Apud
989 3017 1019 3078 Α
1027 3037 1106 3091 mos,

157 3154 177 3176 ‘⁸
187 3150 256 3200 Ecce
268 3149 401 3214 Jehovah.
412 3187 418 3199 .
428 3187 434 3198 .
445 3150 585 3212 percutiet
594 3150 704 3198 domurn
717 3164 843 3210 magnam
853 3149 1064 3210 aspersionibus,
1076 3157 1103 3197 et
1115 3148 1226 3197 domurn

242 3230 352 3278 parvam
367 3215 499 3276 rupturis:
519 3229 583 3263 num
596 3224 704 3264 current
718 3215 745 3262 in
761 3225 866 3276 petrae
884 3214 930 3264 ui?
946 3227 1010 3262 num
1023 3213 1110 3262 arabit
1124 3214 1229 3263 bobus?

242 3295 302 3329 curn
317 3277 514 3329 l¹lconvertistis
533 3279 610 3329 infel
627 3279 766 3342 judicium,
783 3289 810 3329 et
827 3279 869 3328 lru
898 3293 943 3328 um
957 3278 1078 3341 justitiae
1096 3279 1123 3327 in
1138 3279 1229 3326 absin-

243 3344 351 3394 thium''
363 3341 436 3407 (1¹1vi.
450 3358 488 3402 11,
502 3344 557 3404 12);

104 3460 199 3545 apud
220 3460 376 3532 eundem,

158 3571 178 3594 ‘⁴
186 3567 357 3694 colvenlm
366 3568 394 3615 in
404 3566 570 3616 absinthium
582 3566 720 3629 judicium,
732 3574 760 3615 et
770 3565 902 3628 justitiam
916 3566 944 3615 in
954 3576 1051 3615 terram
1061 3565 1229 3616 detrudunt”

252 3648 277 3682 v.
291 3645 304 3692 7
324 3649 329 3682 :

104 3765 200 3852 quod
227 3763 405 3845 “Jehovah
429 3764 594 3844 percutiet
618 3762 754 3825 domum
783 3783 942 3844 magnam
970 3763 1228 3844 aspersionibus,

104 3874 140 3927 et
175 3860 313 3922 domum
344 3877 481 3938 parvam
512 3856 684 3939 rupturis,'’
714 3855 881 3937 significat
915 3858 1163 3938 perversionem
1192 3866 1228 3920 et

104 3953 378 4018 falsificationem
395 3952 463 4012 veri
484 3950 624 4013 multam
642 3950 731 4031 apud
748 3951 908 4023 eruditos,
926 3962 961 4013 et
977 3951 1122 4033 aliquam
1139 3952 1228 4032 apud

104 4047 316 4121 ineruditos;
341 4045 489 4106 “domus
509 4044 655 4124 magna’'
675 4042 840 4125 significat
859 4045 1029 4107 hominem
1049 4045 1228 4120 eruditum,

104 4153 144 4222 et
159 4142 310 4204 “domus
327 4158 430 4219 parva
438 4137 452 4160 ”
468 4138 639 4200 hominem
655 4138 868 4212 ineruditum,
883 4138 1143 4219 “aspersiones'’
1159 4140 1228 4220 sig·

104 4233 250 4297 nifieant
267 4253 345 4294 vera
362 4229 534 4294 destrudla
549 4252 608 4313 per
623 4231 716 4306 salsa,
729 4242 765 4294 et
778 4231 986 4313 “rupturae''
998 4232 1150 4295 similiter
1166 4232 1228 4295 sed

107 4329 144 4390 in
160 4328 289 4389 minore
308 4325 432 4405 gradu:
457 4326 546 4407 quod
565 4345 632 4388 non
649 4326 747 4387 detur
762 4323 953 4388 intelledlus
969 4327 1038 4387 veri
1056 4336 1090 4388 et
1107 4325 1228 4389 volun·

111 4432 165 4487 tas
184 4422 264 4485 boni
284 4420 338 4483 ubi
357 4419 475 4481 salsum
495 4420 584 4494 mali,
601 4418 808 4500 significatur
827 4440 885 4501 per
903 4419 1021 4482 “Num
1040 4429 1174 4483 current
1193 4421 1227 4484 in
