2684 4988
174 147 215 194 20
440 137 687 190 APOCALYPSIS
709 137 935 189 Exeucrtrn.

157 312 273 377 :clesia
290 311 344 394 qui
361 311 393 373 in
410 311 501 373 bono
517 308 627 392 quoad
643 309 760 373 vitam.
806 307 896 391 Quia
911 309 998 374 haec
1014 308 1243 393 significantur

148 429 190 471 rer
212 407 289 469 illos
313 425 480 476 numeros.
505 405 583 467 ideo
604 403 727 467 dicitur
751 403 867 467 “duae
890 402 992 478 trea,’'
1011 414 1047 468 et
1074 408 1244 487 “quatuor

139 499 306 584 quinqua*⁹
319 509 353 562 et
367 519 435 562 non
449 498 535 561 duae
547 507 582 561 et
595 506 676 570 tres,
689 516 729 560 ac
741 506 887 580 quatuor
899 506 935 561 et
948 498 1107 581 quinque.
1144 496 1245 581 Apud

131 595 248 668 Amos,

182 732 200 751 ⁶·
207 727 329 788 vagatae
341 734 404 775 sunt
415 725 484 775 duae
492 733 547 774 tres
559 725 638 774 urbea
650 724 684 773 ad
693 725 788 774 urbem
800 739 882 775 uuam
892 724 1086 776 adhibendum
1095 739 1191 790 quaa,
1200 739 1247 775 uec

263 801 353 840 tamen
368 791 481 839 satiatae
496 789 580 839 sunt”
592 790 638 851 (iv.
650 790 691 850 8):

132 926 244 1005 agitur
262 923 306 985 ibi
330 922 372 984 de
391 918 523 984 defediu
542 922 611 984 veri
635 922 668 984 in
691 920 756 985 line
775 921 959 998 ecclesiae;
987 921 1080 1005 quod
1099 931 1183 986 tunc
1201 921 1246 985 illi

133 1017 187 1098 qui
206 1016 400 1078 desiderant
418 1034 531 1077 verum
548 1037 593 1078 ex
613 1013 789 1079 affectione
806 1015 970 1098 spirituali
989 1035 1059 1079 non
1079 1017 1247 1079 inventuri

131 1108 267 1191 aliquod
285 1128 399 1171 verum
419 1109 451 1170 in
468 1106 630 1171 dodtrinis
647 1110 834 1192 ubicunque
851 1110 1042 1191 inquirunt;
1068 1109 1148 1172 ideo
1166 1109 1245 1172 dici·

132 1214 197 1277 tur,
214 1203 304 1285 quod
323 1210 557 1285 “vagarentur
575 1203 662 1266 duae
681 1213 750 1266 tres
769 1204 867 1267 urbes
885 1203 928 1266 ad
944 1203 1063 1267 urbem
1083 1222 1188 1267 unam
1205 1204 1246 1268 ad

132 1297 314 1360 bibendum
334 1317 449 1379 aquas,
470 1317 532 1360 nec
556 1307 671 1361 tamen
692 1299 896 1360 satiarentur
909 1296 935 1375 ;”
964 1316 1025 1380 per
1045 1298 1161 1361 “duas
1181 1307 1247 1361 tres

132 1390 254 1455 urbes”
279 1389 511 1472 significantur
534 1393 589 1473 qui
612 1393 644 1454 in
669 1388 845 1454 affedlione
867 1391 937 1454 veri
961 1400 1040 1454 sunt
1065 1411 1110 1455 ex
1135 1390 1247 1466 bono;

129 1505 192 1568 per
217 1485 361 1547 “urbem
371 1484 386 1508 ”
410 1484 619 1567 significatur
641 1505 756 1548 verum
780 1482 974 1562 doctrinam
1001 1504 1062 1568 per
1087 1484 1248 1548 “haurire

132 1599 236 1662 aquas
244 1577 260 1603 ”
277 1577 485 1660 significatur
506 1580 549 1641 ad
568 1579 765 1642 discendum
784 1599 883 1656 vera;
911 1599 970 1660 per
989 1581 1137 1661 “vagari
1145 1577 1162 1603 '⁸
1179 1580 1247 1662 sig-

132 1670 288 1735 nificatur
311 1672 496 1755 inquirere;
524 1683 558 1736 et
583 1694 641 1755 per
667 1679 762 1735 “non
786 1671 923 1735 satiari”
946 1671 1158 1754 significatur
1180 1693 1246 1737 non

132 1766 281 1829 invenire
301 1787 416 1829 verum
435 1766 525 1850 quod
544 1769 577 1830 in
601 1788 637 1830 se
655 1786 770 1830 verum
794 1776 867 1829 est:
897 1766 1011 1829 “duae
1031 1777 1101 1829 tres
1125 1766 1225 1830 urbes
1233 1766 1247 1791 ”

132 1859 289 1921 dicuntur
305 1861 382 1941 quia
399 1880 457 1942 per
475 1860 588 1922 “duas
604 1870 673 1923 tres
681 1859 696 1884 '⁹
712 1858 944 1941 significantur
960 1859 1009 1923 illi
1028 1861 1085 1942 qui
1104 1860 1139 1922 in
1159 1860 1248 1923 bono

132 1963 166 2016 et
187 1954 265 2016 inde
284 1955 371 2015 veris
390 1963 480 2017 sunt.
525 1953 628 2036 Apud
650 1953 860 2027 Sachariam,

184 2087 267 2136 “Fiet
277 2088 304 2135 in
312 2088 518 2137 universatem
521 2125 589 2141 .....
595 2089 663 2136 duae
671 2097 761 2151 partes
773 2088 801 2136 in
813 2102 845 2136 ea
852 2087 1050 2145 exscindentur,
1060 2088 1246 2149 exspirabant,

263 2162 290 2201 et
306 2153 384 2202 tertia
398 2153 561 2215 relinquetur
575 2153 602 2201 in
617 2167 666 2209 ea:
686 2153 782 2202 ducam
797 2163 887 2202 tameu
905 2153 1012 2202 tertiam
1027 2161 1133 2215 partem
1149 2167 1198 2216 per
1211 2152 1248 2215 ig-

262 2232 324 2266 nem
328 2254 397 2275 .....
402 2228 429 2268 et
441 2220 561 2280 probabo
573 2232 621 2267 eos
630 2217 644 2236 '³
656 2218 721 2277 (xiii.
732 2219 755 2274 8.
765 2218 804 2280 9):

131 2340 287 2404 similiter
302 2341 386 2403 haec
406 2341 449 2402 de
464 2343 659 2405 vastatione
675 2341 837 2404 ecclesiae
856 2340 967 2423 quoad
983 2341 1132 2403 bonum:
1157 2339 1246 2423 quod

132 2435 377 2498 omnebonum
396 2437 580 2515 periturum
599 2436 654 2508 sit,
675 2435 876 2517 intelligitur
895 2455 954 2516 per
976 2433 1068 2516 quod
1090 2434 1154 2496 “in
1174 2433 1246 2496 uni·

131 2550 229 2592 versa
241 2538 331 2591 terra
344 2529 431 2590 duae
447 2540 561 2610 partes
578 2530 610 2590 in
627 2549 667 2591 ea
680 2529 922 2592 exscindentur
934 2538 968 2590 et
982 2527 1208 2609 exspirabunt
1221 2525 1246 2604 ;”

133 2625 194 2686 “in
215 2625 369 2685 universa
386 2622 498 2684 terra’'
514 2632 566 2685 est
586 2623 618 2684 in
637 2624 790 2685 universa
806 2621 960 2695 ecclesia,
977 2631 1012 2683 et
1032 2621 1150 2684 “duae
1170 2639 1245 2703 par·

131 2717 207 2780 tes”
226 2716 418 2798 significant
439 2736 539 2778 omne
559 2717 705 2778 bonum:
730 2717 819 2799 quod
839 2715 963 2797 aliquid
980 2716 1050 2778 veri
1070 2734 1244 2777 remansu-

130 2832 202 2873 rum
227 2814 281 2882 sit,
302 2822 337 2872 at
362 2812 419 2872 vix
444 2810 579 2891 aliquod
601 2831 714 2872 verum
739 2812 932 2891 genuinum,
953 2808 1166 2890 significatur
1189 2828 1245 2889 per

129 2906 219 2986 quod
239 2907 370 2967 “tertia
388 2925 465 2985 pars
485 2905 691 2985 relinquetur
709 2905 741 2966 in
760 2925 811 2976 ea,
829 2904 949 2966 ducam
969 2915 1085 2966 tamen
1107 2904 1244 2965 tertiam

130 3010 262 3079 partem
286 3019 344 3079 per
368 3000 481 3078 ignem
510 3007 544 3059 et
573 2998 723 3078 probabo
736 2997 762 3073 ;”
794 2999 923 3060 “tertia
950 2996 1052 3078 pars”
1075 2996 1244 3077 significat

129 3113 208 3153 vera
228 3094 379 3167 residua;
408 3113 492 3172 quae
518 3092 690 3171 probanda
711 3111 789 3153 num
809 3093 955 3170 genuina
973 3092 1054 3162 sint,
1074 3090 1244 3171 significa·

129 3195 183 3246 tur
200 3206 257 3265 per
274 3187 362 3265 quod
382 3186 575 3247 “ducentur
591 3206 649 3265 per
665 3187 777 3264 ignem
792 3185 817 3260 ;”
841 3185 982 3265 probare
1002 3191 1090 3265 “per
1107 3183 1245 3265 ignem”

128 3291 181 3339 cst
202 3300 260 3358 per
283 3276 493 3341 affectionem
514 3300 600 3360 quae
619 3280 753 3351 amoris,
774 3298 849 3340 cum
873 3299 939 3359 quo
962 3280 988 3340 si
1014 3298 1082 3341 non
1102 3298 1243 3341 concor·

128 3372 187 3432 dat
209 3391 334 3442 verum,
356 3392 423 3433 non
447 3384 498 3434 est
519 3392 633 3434 verum
657 3374 860 3452 genuinum
888 3393 946 3453 per
968 3372 1136 3451 “ignem’'
1156 3373 1242 3435 enirn

129 3463 161 3524 in
176 3463 292 3526 Verbo
305 3465 512 3544 significatur
525 3486 638 3528 amor:
657 3468 688 3527 in
702 3466 847 3527 ecclesia
859 3465 995 3545 quando
1008 3466 1136 3526 bonurn
1150 3485 1241 3528 amo-

129 3560 172 3618 ris
199 3560 296 3638 perit,
322 3560 424 3620 etiam
450 3579 564 3621 verum
593 3579 659 3620 non
688 3559 724 3620 fit
749 3578 875 3629 verum,
900 3561 977 3639 quia
1001 3577 1104 3620 omne
1128 3577 1234 3621 veruu

128 3671 223 3712 suam
250 3653 434 3714 essentiam
461 3653 553 3715 ducit
581 3675 600 3715 a
627 3654 726 3714 bono.
779 3652 834 3714 Ex
866 3652 917 3714 his
944 3662 1104 3714 constare
1128 3662 1224 3733 potes

128 3745 206 3825 quid
227 3744 434 3824 significatur
454 3767 512 3827 per
532 3747 667 3808 Domini
688 3747 791 3809 verba
811 3747 900 3827 apud
917 3746 1141 3820 Mandatum,

180 3877 258 3927 “Ubi
276 3878 330 3925 duo
348 3888 373 3927 et
383 3889 444 4003 (tres
463 3881 618 3942 congregati
634 3890 695 3928 sunt
714 3881 741 3927 in
760 3881 870 3928 nomine
888 3894 958 3939 meo,
975 3881 1011 3929 ibi
1029 3895 1090 3930 sum
1109 3881 1136 3929 in
1154 3882 1206 3929 met

257 3957 349 3991 eorum
357 3943 371 3960 ''
393 3945 466 3993 xviii.
476 3949 535 4005 aot:

128 4055 171 4115 ibi
196 4075 261 4117 non
286 4056 521 4138 intelliguntur
544 4060 611 4121 duo
634 4070 668 4122 et
693 4071 773 4132 tres,
799 4062 858 4122 sed
883 4061 929 4122 illi
957 4061 1070 4141 quiin
1093 4061 1183 4123 bono
