2684 4988
110 472 190 537 1168
416 479 666 532 srocnnrrsrs
688 479 918 530 mirem.

107 648 299 731 procedens
321 669 341 710 a
363 647 514 710 Domino
536 647 569 709 in
591 647 697 710 tertio
719 666 780 710 seu
801 646 927 709 intimo
949 645 1053 709 caelo
1072 644 1210 728 recipitur

108 752 145 804 ut
165 741 289 803 Divina
308 741 536 824 providentia,
555 741 589 802 in
607 739 760 803 secundo
778 760 838 801 seu
857 739 974 803 medio
991 738 1094 802 caelo
1110 749 1143 802 ut
1159 737 1206 801 Di·

107 836 187 897 vina
213 835 394 916 sapientia,
421 845 457 897 et
483 835 517 897 iu
543 834 653 915 primo
679 854 740 896 seu
765 832 889 896 ultimo
914 834 1018 897 caelo
1044 843 1081 897 ut
1105 832 1227 896 Divina.

109 929 352 1010 intelligentia.
394 927 526 990 Similia
538 926 1199 1010 per“cherubos”et“palmas”innovo

110 1022 243 1104 templo
261 1021 526 1103 1¹¹significanrur
544 1022 633 1104 apud
652 1021 869 1098 Ezechielem,

167 1162 200 1212 In
215 1177 288 1212 novo
302 1163 404 1225 templo
418 1161 483 1212 iacti
497 1173 559 1212 sunt
574 1163 682 1212 cherubi
696 1173 724 1213 et
738 1163 852 1226 palmae,
864 1163 903 1212 ita
914 1173 946 1213 ut
958 1163 1049 1227 palma
1060 1162 1192 1212 intertierr-

242 1230 305 1277 bum
323 1238 350 1278 et
367 1230 523 1285 cheruburn‚
542 1238 569 1277 et
587 1229 657 1278 duae
675 1229 759 1278 iacies
775 1228 894 1278 cherubo
896 1266 968 1285 .....
973 1244 990 1278 a
1007 1239 1077 1278 tem
1091 1225 1190 1290 usquead

241 1309 321 1356 super
330 1294 430 1342 ostium
440 1308 459 1349 ς.
469 1331 491 1343 ..
502 1294 622 1343 .cherubi
634 1303 660 1343 et
672 1294 777 1357 palum
787 1291 851 1343 iacti
861 1309 944 1356 super
953 1295 1096 1356 parietibus
1105 1303 1127 1342 et
1135 1304 1189 1355 rupti
1212 1308 1216 1313 ·

242 1359 328 1408 valvis
340 1359 396 1419 (xli.
411 1360 499 1416 rii-20,
511 1371 551 1418 ας,
563 1358 619 1420 nol:
1222 1360 1227 1415 l

112 1508 172 1568 per
199 1494 357 1550 “novum
386 1488 579 1570 templum”
605 1488 650 1550 ibi
678 1487 890 1569 significatur
916 1509 1008 1551 nova
1035 1487 1186 1551 ecclesiae

113 1581 264 1643 Domino
286 1582 508 1644 instauranda
530 1602 607 1645 cum
629 1593 792 1644 venturus
813 1592 868 1644 est
894 1582 928 1644 in
952 1582 1117 1655 mundum,
1134 1595 1186 1642 nau

113 1694 173 1754 per
184 1674 452 1756 descriptionem
465 1696 577 1738 novae
592 1676 695 1749 urbis,
709 1676 789 1737 novi
805 1673 926 1757 templi
943 1686 980 1738 et
996 1684 1185 1738 novaeterne
1223 1696 1227 1761 ⁴.

112 1768 158 1829 ibi
176 1767 410 1849 significantur
428 1771 544 1831 omnia
562 1789 673 1832 novae
691 1767 857 1832 ecclesiae
875 1778 912 1830 et
934 1769 1016 1832 inde
1033 1769 1105 1831 novi
1120 1763 1185 1838 caeli.
1225 1772 1227 1781 '

113 1880 201 1942 quae
219 1860 392 1943 descripta
410 1873 491 1925 sunt
509 1864 555 1925 ibi
573 1882 633 1944 per
650 1882 762 1924 meras
780 1862 1108 1944 correspondentias.

176 1959 240 2041 [ln]
271 1958 443 2040 Quoniam
466 1982 527 2044 per
546 1961 719 2024 “Festum
740 1960 1079 2025 Tabernaculorum”
1098 1954 1187 2040 signifi·

114 2053 254 2114 cabatur
270 2053 485 2134 implantatio
501 2054 579 2117 boni
596 2073 654 2134 per
670 2074 759 2128 vera,
776 2054 853 2116 ideo
869 2054 1067 2116 mandatum
1081 2063 1126 2116 est
1140 2060 1165 2113 ut

170 2186 246 2235 Tunc
263 2189 415 2249 acciperent
432 2185 548 2236 lrudlurn
566 2187 669 2236 arboris
686 2187 805 2244 honoris,
822 2188 933 2248 spathas
950 2188 1102 2250 palmarum,
1117 2194 1188 2235 remum

245 2253 349 2301 arboris
363 2253 472 2309 densae.
488 2263 515 2302 et
529 2253 625 2302 salices
638 2253 772 2310 torrentis,
788 2263 816 2302 et
829 2253 993 2303 laetarentur
1006 2268 1092 2303 ooram
1103 2247 1189 2316 Jelioral

246 2327 349 2380 septem
362 2318 456 2367 diebus
468 2318 561 2378 (Levie.
572 2319 646 2368 xxiii.
658 2331 698 2381 39,
708 2319 766 2378 ⁴tol:

117 2465 176 2526 per
192 2443 362 2509 “srudtum
379 2446 506 2508 arboris
524 2447 660 2509 honoris
668 2447 683 2470 ”
698 2446 905 2528 significatur
920 2447 1046 2510 bonum
1060 2446 1189 2518 caeleste;

118 2559 177 2620 per
187 2545 206 2570 “
216 2539 346 2619 palmas
354 2540 369 2563 '⁹
379 2541 503 2603 bonum
516 2539 686 2622 spirituale
696 2562 754 2603 seu
765 2542 890 2604 bonum
901 2544 970 2605 veri
983 2563 990 2618 ;
1008 2548 1189 2623 per“ramum

118 2634 245 2695 arboris
264 2634 389 2696 densae
398 2635 413 2660 ”
428 2654 543 2697 verum
564 2634 783 2698 scientificum
803 2656 879 2698 cum
899 2636 969 2716 ejus
987 2637 1092 2712 bono;
1110 2642 1138 2697 et
1152 2647 1190 2713 pet

119 2728 266 2790 “salices
288 2729 470 2791 torrentis”
489 2750 568 2792 vera
591 2739 625 2792 et
649 2730 737 2792 bona
760 2728 873 2791 infima
893 2731 1053 2793 naturalis
1074 2723 1189 2796 hominis,

117 2842 202 2902 quae
220 2834 297 2884 sunt
314 2823 516 2885 sensualium
533 2833 772 2886 externorum:
797 2825 844 2886 ita
861 2844 920 2905 per
932 2836 1073 2911 quatuor
1086 2822 1132 2886 illa
1144 2819 1189 2898 sig·

118 2914 295 2978 nificantur
318 2919 430 2979 omnia
457 2918 546 2980 bona
569 2928 603 2980 et
627 2938 705 2980 vera
732 2919 764 2979 in
788 2939 848 2980 suo
870 2920 988 2981 ordine
1011 2940 1030 2982 a
1052 2915 1146 2999 primis
1161 2908 1188 2974 ad

119 3010 237 3072 ultima
248 3011 337 3091 apud
351 3013 532 3074 hominem.
564 3011 651 3092 Quia
662 3012 822 3093 “palmae
831 3013 846 3035 ’⁹
858 3012 1088 3093 significabant
1099 3013 1187 3073 bonurn

118 3104 301 3184 spirituale,
321 3115 356 3167 ct
376 3127 420 3167 ex
444 3106 534 3168 bono
553 3107 715 3187 spirituali
738 3117 790 3168 est
810 3126 911 3169 omne
933 3108 1086 3188 gaudium
1103 3099 1186 3169 cordis,

118 3217 195 3260 narn
216 3199 341 3261 bonurn
361 3199 532 3279 spirituale
552 3211 604 3261 est
624 3201 696 3280 ipsa
711 3197 844 3262 affectio
862 3221 921 3262 seu
940 3221 1035 3263 amor
1048 3199 1108 3263 veri
1122 3190 1186 3275 spiri·

118 3292 228 3363 tualis,
259 3294 335 3354 ideo
366 3313 424 3372 per
453 3293 611 3373 “palmas
641 3295 673 3355 in
704 3293 879 3355 manibus''
908 3294 988 3357 olim
1019 3292 1186 3357 testabantur

118 3387 275 3465 gaudium
293 3387 402 3448 cordis
419 3389 479 3459 sui,
495 3398 530 3450 et
543 3409 676 3469 quoque
688 3389 777 3470 quod
793 3408 837 3450 ex
855 3389 946 3451 bono
958 3397 1101 3470 agerent.
1134 3379 1184 3443 H⁰c

117 3479 342 3561 significatum
362 3490 414 3542 est
434 3501 494 3562 per
511 3482 601 3563 quod

173 3613 260 3671 Multi,
273 3614 316 3677 qui
327 3625 459 3662 venerunt
471 3615 504 3663 ad
517 3615 623 3672 testum,
635 3629 694 3663 cum
707 3616 829 3664 audirent
838 3615 909 3677 quod
919 3616 1021 3664 veniret
1029 3614 1100 3678 Jesus
1108 3608 1134 3658 ad
1143 3602 1184 3675 Hi?

247 3680 421 3741 rosolymam‚
433 3680 597 3741 sumpserint
606 3682 724 3729 termites
735 3681 891 3742 palmarum.
903 3691 930 3728 et
942 3681 1037 3729 iverint
1046 3679 1134 3727 obviam
1143 3669 1182 3730 ΙΝ,

247 3757 273 3793 er
286 3745 468 3802 clamaverint,
482 3743 643 3795 Benedictus
655 3747 699 3808 qui
712 3746 824 3795 venitin
838 3746 949 3794 nomine
963 3745 1076 3803 Domini,
1088 3743 1132 3792 Rex
1141 3734 1183 3784 1⁵¹¹·

247 3811 296 3858 elis
309 3810 383 3874 (Joh.
396 3810 441 3860 xii.
456 3823 493 3867 12,
507 3812 555 3872 13).

119 3933 262 3994 “Palma
270 3933 285 3957 ’⁹
300 3934 403 3995 etiam
422 3933 589 4014 significat
607 3935 732 3997 bonum
751 3933 923 4014 spirituale
942 3956 1000 3998 seu
1018 3935 1129 3997 bonum
1141 3915 1185 3988 vesi

117 4027 151 4090 in
169 4029 386 4109 sequentibus
406 4028 488 4090 locis
499 4029 656 4109 :—Apud
674 4028 849 4102 Davidem,

167 4162 284 4228 “Justus
296 4163 365 4211 sicut
376 4165 465 4225 palma
478 4164 590 4220 florebit,
604 4164 672 4213 sicut
683 4165 777 4212 cedrus
790 4165 816 4212 in
830 4163 933 4212 Libano
945 4174 1060 4223 crescet:
1076 4150 1190 4227 praeteriit

246 4229 329 4358 ([ἱὲωέ
342 4228 470 4357 Jehovafi,
486 4231 514 4277 in
528 4230 603 4278 atriis
619 4228 669 4279 Dei
685 4229 769 4278 nostri
785 4230 974 4292 germinabunt
982 4229 996 4249 '⁹
1010 4230 1065 4293 (Ps.
1075 4227 1128 4278 xcii
1137 4225 1194 4284 13,st

287 4331 293 4343 .
334 4306 391 4350 ‚12,
407 4306 435 4354 13
468 4311 473 4343 :

118 4428 136 4453 ‘¹
141 4420 250 4504 justus
258 4420 273 4445 '’
289 4419 455 4501 significat
473 4421 547 4485 illos
563 4423 618 4505 qui
634 4423 666 4485 in
683 4423 773 4485 bono
789 4431 885 4500 sunt;
910 4441 987 4486 nam
1004 4442 1065 4504 per
1076 4409 1201 4506 “justos'
