2684 4988
177 496 241 562 668
488 510 738 562 nrocurrrsrs
760 509 986 562 exsucata

178 679 268 760 apud
295 689 436 760 gentes:
468 680 558 762 quod
586 688 667 743 tunc
694 679 776 742 nihil
806 678 970 743 ecclesiae
997 679 1165 743 residuum
1196 679 1336 744 suerit

179 773 267 854 apud
299 773 456 853 Judaeos,
487 774 686 836 describitur
718 795 778 856 per
808 774 1047 837 “Exscindam
1081 793 1216 836 currum
1250 792 1332 838 er:

180 866 375 948 Ephraimo,
392 879 426 929 et
443 888 564 949 equum
581 889 625 930 ex
644 868 894 949 Hierosolyma,
911 878 946 931 et
965 869 1186 930 exscindetur
1201 887 1335 931 arcu&

178 960 259 1022 belli
271 959 297 1037 ;”
320 981 378 1042 per
401 982 486 1043 quae
510 960 717 1041 significatur
740 962 830 1043 quod
857 961 1000 1042 amplius
1027 981 1095 1024 non
1118 981 1238 1024 verum
1265 961 1322 1022 in

179 1051 341 1130 doctrina,
362 1075 423 1118 nec
443 1054 635 1118 intelleftus
651 1057 730 1128 veri,
747 1067 782 1118 et
801 1057 879 1118 inde
898 1055 990 1118 nulla
1009 1075 1123 1136 pugna
1142 1067 1177 1118 et
1197 1056 1319 1118 resis-

179 1149 287 1211 tentia
303 1160 422 1212 contra
438 1149 576 1224 lalsum;
600 1170 660 1231 per
677 1149 949 1230 “Ephraimum’'
961 1147 1171 1229 significatur
1186 1149 1312 1212 eccle-

179 1243 227 1305 sia
243 1243 353 1324 quoad
370 1241 579 1305 intelledtum
596 1246 676 1317 veri,
690 1255 724 1306 et
741 1264 800 1325 per
813 1251 832 1275 ⁸⁸
844 1243 1141 1324 Hierosolymam*
1153 1244 1309 1307 ecclesia

179 1336 289 1419 quoad
309 1334 496 1400 doctrinam
516 1338 595 1410 veri,
616 1358 675 1419 per
694 1344 854 1400 “currum
863 1337 878 1361 ”
897 1339 969 1418 ipsa
992 1335 1157 1410 dodtrina,
1178 1347 1214 1400 et
1240 1358 1305 1419 per

181 1431 355 1513 “equum”
374 1432 445 1511 ipse
468 1429 671 1505 intelledtus,
695 1452 733 1494 ac
759 1452 817 1512 per
834 1438 977 1494 “arcum
1001 1431 1103 1493 belli”
1123 1451 1241 1512 pugna
1263 1441 1298 1493 et

179 1526 371 1587 resistentia
383 1536 502 1587 contra
514 1525 651 1587 salsum:
676 1527 876 1588 instauratio
889 1525 1052 1587 ecclesiae
1069 1526 1158 1606 apud
1175 1535 1297 1606 gentes

181 1618 388 1701 significatur
421 1639 479 1700 per
512 1620 602 1700 quod
634 1619 818 1701 “loquetur
851 1638 968 1700 pacem
1002 1620 1163 1700 gentibus
1176 1619 1202 1695 ;”
1240 1639 1294 1700 per

181 1720 331 1795 “gentes
339 1713 354 1736 ”
370 1711 601 1793 significantur
616 1733 735 1776 omnes
754 1714 808 1796 qui
827 1714 860 1775 in
880 1714 970 1776 bono
989 1714 1111 1775 amoris
1127 1714 1161 1775 in
1180 1713 1293 1776 Domi-

181 1826 260 1867 num
283 1814 362 1868 sunt
386 1822 597 1880 (videatursupm,
611 1835 635 1866 n.
652 1822 736 1884 331),
758 1804 882 1886 “pax’'
904 1804 1076 1886 significat
1099 1805 1133 1865 id
1156 1805 1292 1878 bonum,

180 1904 216 1957 et
234 1895 313 1956 inde
333 1896 446 1956 Omnia
465 1893 643 1956 ecclesiae.
687 1911 771 1967 (Quod
783 1906 796 1923 '¹
806 1910 941 1968 Ephraim''
953 1909 1069 1966 significet
1079 1910 1207 1954 ecclesiam
1219 1910 1294 1968 quoad

179 1982 326 2027 intellectum
342 1983 398 2033 veri,
415 1983 522 2026 videatur
537 1981 561 2026 in
577 1982 683 2026 Arcanis
696 1983 843 2034 Caelesn'bus,
856 1995 879 2027 n.
891 1983 959 2039 3969,
971 1993 1037 2038 5354,
1049 1983 1116 2033 6222,
1128 1979 1294 2040 6234,1116237.

179 2050 247 2106 6267,
258 2050 330 2107 6296;
352 2057 376 2094 et
386 2051 452 2106 quod
463 2053 476 2071 '⁶
486 2048 673 2107 Hierosolyma·
685 2048 800 2107 significet
811 2049 934 2094 eeclesiam
948 2049 1029 2105 quoad
1045 2049 1226 2101 doctrinam
1238 2049 1295 2094 Doc-

180 2125 338 2170 trinanas
349 2124 530 2181 Hierosolyma,
542 2137 565 2169 n.
575 2124 603 2176 ⁶;
620 2131 644 2167 et
654 2137 733 2180 supra,
743 2137 767 2169 n.
777 2123 860 2187 223.)
902 2106 1007 2187 Apud
1026 2108 1188 2180 eundem,

232 2251 249 2272 ¹⁸
258 2248 289 2298 In
303 2249 346 2298 die
359 2248 416 2297 illo.
427 2285 433 2297 .
443 2285 449 2296 .
460 2248 615 2309 ,percutiam
629 2262 738 2296 omnem
748 2262 845 2310 equum
858 2256 976 2309 stupore,
990 2257 1016 2295 et
1034 2247 1150 2309 equitem
1165 2247 1295 2306 amentia;

311 2323 338 2362 et
354 2328 435 2375 super
452 2314 561 2361 domum
579 2313 698 2376 Jehudae
716 2314 834 2374 aperiam
852 2313 959 2360 oculum
972 2327 1071 2370 meum,
1086 2327 1196 2361 omnem
1209 2322 1295 2362 autem

311 2393 407 2441 equum
421 2379 579 2440 populorum
592 2379 737 2440 percutiam
750 2379 876 2426 caecitate
885 2376 899 2396 ''
911 2377 965 2439 (xii.
977 2381 1019 2438 4):

181 2522 291 2604 agitur
309 2521 353 2583 ibi
373 2520 415 2583 de
434 2520 671 2583 devastatione
686 2520 851 2583 ecclesiae
870 2521 998 2601 prioris,
1016 2529 1051 2582 et
1070 2521 1113 2582 de
1130 2521 1296 2584 instaura·

182 2618 275 2679 tione
299 2636 427 2692 novae;
458 2615 650 2676 devastatio
677 2613 840 2677 ecclesiae
867 2616 985 2696 prioris
1008 2615 1210 2677 describitur
1241 2635 1299 2696 per

183 2712 250 2773 “ln
270 2710 323 2772 die
342 2709 401 2772 illo
420 2710 606 2790 percutiam
623 2728 758 2770 omnem
778 2728 900 2791 equum
920 2717 1068 2789 stupore,
1090 2719 1124 2770 et
1148 2709 1297 2789 equitem

181 2807 339 2879 amentia,
352 2816 385 2866 et
400 2823 535 2865 omnem
549 2823 669 2884 equum
684 2802 882 2884 populorum
894 2803 1078 2883 percutiam
1092 2804 1261 2865 caecitate
1273 2801 1299 2879 ;”

181 2900 271 2982 quod
298 2919 356 2980 per
380 2904 530 2978 “equum
541 2897 556 2920 ‘'
583 2898 627 2959 ibi
656 2895 863 2977 significetur
889 2893 1083 2958 intellectus
1110 2897 1180 2958 veri
1210 2895 1299 2977 apud

182 2994 334 3057 homines
350 2992 524 3064 ecclesiae,
541 3001 576 3053 et
593 3011 651 3072 per
669 2992 844 3072 “equitem
853 2990 869 3014 ''
884 2988 1017 3052 affedtio
1033 2991 1101 3052 veri
1118 2989 1300 3070 spiritualis

182 3090 270 3151 unde
296 3085 498 3158 intelledtus,
523 3096 639 3166 patet;
670 3085 748 3165 quid
775 3084 899 3166 alioqui
926 3084 1023 3156 soret,
1047 3085 1137 3165 quod
1167 3091 1301 3165 “equus

182 3192 410 3264 percuteretur
424 3192 571 3261 stupore,
586 3190 620 3240 et
634 3199 738 3259 equus
751 3178 950 3259 populorum
964 3176 1168 3240 caecitate'‘?
1191 3185 1210 3209 “
1220 3177 1300 3241 Stu-

182 3276 265 3359 por''
284 3277 404 3338 dicitur
423 3275 466 3336 de
489 3270 665 3334 intelledtu
684 3274 820 3353 quando
844 3272 935 3334 nulla
958 3273 987 3334 ei
1011 3273 1185 3353 perceptio
1208 3272 1300 3346 boni,

181 3392 220 3435 ac
246 3368 447 3433 “caecitas'’
471 3368 513 3430 de
539 3366 599 3429 illo
626 3365 762 3447 quando
792 3368 821 3429 ei
849 3365 940 3428 nulla
967 3367 1186 3447 apperceptio
1209 3367 1300 3442 veri;

182 3487 241 3548 per
261 3465 426 3527 “domum
444 3460 618 3543 Jehudae'‘
637 3459 844 3541 significatur
867 3460 1010 3522 ecclesia
1033 3462 1121 3540 apud
1144 3459 1221 3521 illos
1246 3460 1300 3542 qui

182 3562 215 3622 in
245 3561 336 3622 bono
369 3558 491 3619 amoris
519 3556 551 3617 in
583 3555 765 3617 Dominum
796 3565 885 3628 sunt,
913 3566 948 3616 et
978 3555 1056 3616 inde
1082 3555 1115 3615 in
1146 3551 1301 3647 doctrina

182 3652 253 3714 veri
273 3671 318 3712 ex
337 3648 456 3711 Verbo
475 3663 716 3723 (uretur-supran.
732 3661 903 3726 119.211);
930 3666 1034 3726 quare
1053 3645 1188 3717 dicitur,
1207 3644 1300 3706 “Su-

183 3765 241 3827 per
267 3743 359 3806 illam
386 3743 532 3823 aperiam
560 3740 694 3803 oculum
722 3737 862 3812 meum,’'
889 3759 947 3819 per
974 3738 1063 3819 quod
1093 3736 1303 3819 significatur

182 3840 348 3902 illustrare
367 3848 404 3899 ut
423 3835 560 3897 videant
580 3855 668 3896 vera.
713 3833 815 3914 Apud
835 3833 990 3906 eundem,

233 3988 290 4038 “ln
308 3987 355 4114 die)
368 3986 415 4035 illo
432 3985 482 4034 erit
496 3999 576 4047 super
587 3983 776 4033 tintinnabulis
794 3997 923 4046 equorum
942 3980 1071 4032 sanctitas
1083 3980 1224 4046 Jehovae”
1237 3981 1301 4044 (xiv.

314 4065 346 4102 ao
364 4069 370 4102 z

182 4185 294 4265 agitur
309 4183 412 4245 etiam
429 4180 473 4242 ibi
489 4181 531 4242 de
547 4179 698 4242 adventu
715 4167 862 4252 Domini,
880 4187 915 4240 et
932 4177 1133 4240 invitatione
1151 4176 1303 4238 omnium

182 4279 225 4342 ad
244 4277 433 4350 ecclesiam,
454 4294 492 4338 ac
512 4295 571 4356 per
590 4272 847 4336 “tintinnabula
865 4292 1027 4353 equorum
1037 4272 1052 4295 ”
1067 4268 1302 4351 significantur

182 4370 367 4436 scientifica
387 4380 421 4432 et
440 4369 654 4450 cognitiones
670 4388 709 4430 ac
727 4366 804 4429 inde
820 4366 1100 4448 praedicationes,
1117 4385 1204 4446 quae
1223 4373 1303 4426 sunt

183 4487 228 4530 ex
251 4461 427 4530 intellectu
450 4465 541 4542 veri;
572 4473 608 4526 et
630 4464 707 4545 quia
730 4463 839 4525 omnis
862 4457 1057 4524 intelledtus
1082 4460 1152 4522 veri
1175 4469 1231 4521 est
1257 4479 1304 4523 ex
