2684 4988
375 504 468 555 cae.
484 501 543 566 vr,
560 503 661 556 vans.
675 505 789 572 4-n.
808 492 935 577 365[h].
1145 508 1208 577 727

127 674 219 755 anplius
232 672 394 735 futurum
415 673 508 735 inter
525 672 733 754 spiritualem
753 675 927 738 hominem
946 685 981 739 et
1001 676 1091 738 inter
1106 685 1208 739 natu·

128 766 202 842 meu,
215 765 435 848 significatur
454 787 514 848 per
533 766 641 831 “Non
655 767 813 831 audietur
827 769 973 850 amplius
988 769 1153 832 violentia
1173 769 1205 831 in

129 869 186 924 terra
205 871 266 935 tua,
293 861 458 924 vastatio
487 871 522 925 et
545 858 790 925 confractio-in
820 863 975 925 terminis
1005 863 1072 925 tuis
1084 862 1110 940 ;''
1148 883 1207 944 per

131 955 307 1018 “violentiam
315 955 332 980 ”
351 952 564 1036 significatur
580 954 767 1029 dissidium,
782 976 841 1036 per
859 955 1037 1018 “terram'’
1053 958 1206 1020 internus

130 1049 261 1127 spiritualis
283 1049 406 1122 hom0,
424 1050 502 1130 quia
525 1049 569 1110 ibi
592 1058 645 1111 est
669 1049 813 1112 ecclesia
832 1070 918 1130 quae
942 1051 974 1111 in
998 1070 1123 1131 genere
1147 1071 1206 1132 per

132 1143 255 1204 ''terram”
266 1142 481 1224 significatur
493 1163 500 1219 ;
517 1161 577 1222 per
588 1151 607 1172 ‘¹
618 1142 849 1204 vastationem
862 1152 897 1204 et
911 1139 1205 1214 coniradtioncm,''

129 1255 184 1314 quac
194 1243 281 1300 “non
293 1234 472 1318 amplius,”
484 1233 692 1316 significatur
703 1235 795 1318 quod
811 1255 880 1298 non
894 1235 984 1297 mala
996 1245 1032 1298 et
1046 1233 1149 1312 salsa;
1170 1248 1205 1298 et

128 1342 165 1402 per
178 1328 226 1388 “in
247 1327 428 1389 terminis”
447 1325 658 1407 significatur
672 1329 707 1389 in
729 1328 877 1391 naturali
900 1328 1048 1403 homine,
1069 1330 1204 1395 namin

126 1416 168 1480 illis
180 1441 253 1501 quae
272 1421 317 1483 ibi
336 1431 417 1483 sunt
437 1422 664 1483 terminantur
682 1422 889 1503 spiritualia;
912 1424 1003 1505 quod
1021 1444 1080 1505 per
1098 1429 1203 1485 “vas-

126 1514 252 1577 tationem
269 1524 305 1578 et
325 1512 615 1578 confradtionem”
631 1514 864 1597 significentur
883 1516 973 1580 maia
987 1527 1024 1580 et
1037 1517 1133 1591 salsa,
1149 1527 1204 1580 est

124 1608 174 1685 quia
184 1609 266 1673 mala
281 1620 422 1673 vastant
439 1609 631 1673 naturalem
643 1610 818 1680 hominem
835 1620 870 1674 et
885 1611 971 1675 salsa
985 1611 1204 1693 confringunt

123 1699 195 1765 illum.

162 1796 216 1881 [ik]
245 1799 418 1880 Quoniam
441 1820 512 1881 pax
533 1810 588 1864 est
610 1800 702 1882 apud
724 1800 803 1863 illos
825 1802 882 1883 qui
904 1803 938 1863 in
960 1801 1204 1884 conjundtione

122 1891 174 1988 bopi
185 1906 216 1958 et
230 1897 299 1959 veri
315 1906 395 1960 sunt
412 1917 432 1958 a
449 1895 608 1972 Domino,
624 1906 659 1960 et
676 1884 754 1978 quia
770 1897 896 1960 maium
913 1898 1058 1963 destruit
1076 1898 1204 1964 bonum

121 1996 145 2050 ct
159 1988 264 2055 nisum
281 2009 410 2066 verum,
431 1991 480 2054 ita
503 2011 637 2074 quoque
659 2009 790 2074 pacem.
836 1991 921 2057 inde
944 1992 1096 2074 sequitur
1112 1994 1205 2075 quod

122 2081 184 2146 nulla
196 2106 260 2167 pax
276 2086 320 2149 sit
337 2085 428 2167 apud
444 2083 522 2148 illos
539 2086 594 2167 qui
611 2086 644 2147 in
661 2085 760 2147 malis
776 2094 811 2148 et
828 2084 920 2148 falsis
936 2095 1037 2165 sunt;
1061 2096 1205 2169 apparet

122 2179 220 2256 quidem
238 2181 325 2243 sicut
341 2181 387 2242 sit
405 2200 475 2262 pax
495 2179 583 2261 apud
602 2178 680 2242 illos
699 2179 836 2262 quando
851 2179 917 2242 illis
933 2181 967 2243 in
984 2179 1112 2243 mundo
1127 2176 1202 2243 suc-

122 2270 222 2348 cedunt,
246 2283 281 2338 et
303 2294 439 2356 quoque
458 2273 616 2338 videntur
633 2273 696 2336 sibi
720 2282 800 2338 tunc
820 2272 907 2338 sicut
926 2272 1017 2356 quod
1037 2282 1204 2337 contento

123 2364 202 2428 anino
217 2369 305 2445 sint;
329 2367 390 2431 sed
410 2387 479 2449 pax
502 2365 561 2429 illa
579 2387 747 2448 apparens
771 2376 823 2430 est
847 2365 957 2430 solum
980 2368 1014 2430 in
1038 2369 1203 2430 extremis

123 2475 212 2532 comm,
237 2462 379 2525 interius
408 2470 525 2524 tamen
553 2480 621 2522 non
649 2471 704 2524 est
732 2480 823 2542 pax;
856 2462 1013 2542 cogitant
1042 2461 1132 2523 enim
1159 2461 1202 2526 de

123 2547 214 2618 hmorc
231 2565 266 2619 ct
285 2555 381 2618 lucro
399 2554 527 2636 absque
545 2554 622 2630 fine,
639 2564 675 2617 et
694 2554 812 2617 fovent
831 2555 946 2617 animo
968 2563 1073 2628 astus,
1091 2555 1201 2631 dolos,

123 2640 287 2726 inimicitias,
299 2649 388 2723 odia,
402 2645 579 2722 vindidtas,
593 2657 629 2711 et
646 2648 742 2730 plura
758 2647 889 2723 similia,
903 2668 989 2730 quae
1005 2647 1071 2711 illis
1089 2649 1203 2712 insciis

123 2734 276 2806 discindunt
304 2752 340 2806 et
369 2732 536 2805 deuorarat
564 2742 726 2804 interiora
753 2743 878 2804 mentis
905 2761 1032 2817 eorum,
1060 2752 1096 2806 et
1124 2743 1203 2807 inde

123 2847 217 2917 quoque
234 2838 396 2901 interiora
415 2836 585 2918 corporis3
609 2835 674 2898 hoc
694 2835 784 2918 quod
808 2836 857 2898 ita
880 2837 924 2899 sit
943 2847 1085 2918 apparet
1109 2835 1202 2899 lucu-

123 2921 199 2992 tenter
217 2931 306 3013 apud
333 2929 411 2992 iilos
439 2938 517 3012 post
545 2939 703 3003 mortem,
730 2929 867 3010 quando
893 2930 927 2991 in
954 2930 1116 2993 interiora
1143 2950 1204 2992 sua

122 3026 242 3105 veniunt,
259 3036 340 3090 tunc
348 3024 409 3087 ilia
415 3023 673 3105 jucundaanimi
682 3043 797 3086 eorum
805 3025 1024 3086 vertunturin
1032 3024 1204 3087 contraria

121 3111 236 3167 (nouare
244 3127 323 3179 potest
330 3133 361 3165 ex
368 3119 414 3164 illis
421 3131 484 3175 qme
492 3118 516 3162 in
524 3130 597 3176 opere
606 3118 645 3161 De
655 3117 724 3162 Caelo
731 3122 755 3161 et
763 3117 866 3178 Inserno,
873 3130 897 3162 n.
905 3119 1018 3175 485—490.
1027 3124 1122 3162 ostensa
1129 3118 1204 3174 sunt).

122 3178 190 3262 Quod
209 3212 276 3273 pax
295 3191 341 3254 sit
364 3188 505 3271 illisqui
528 3190 563 3251 in
585 3186 676 3251 bono
700 3197 735 3251 et
758 3188 836 3252 inde
854 3189 943 3251 veris
966 3197 1056 3263 sunt,
1076 3196 1112 3250 et
1135 3207 1204 3251 non

122 3282 231 3353 paxillis
242 3286 299 3367 qui
310 3286 346 3347 in
358 3283 451 3346 malo
463 3292 498 3346 et
514 3282 593 3345 inde
605 3281 708 3356 salsis,
722 3290 880 3345 constare
896 3290 1013 3365 potest
1026 3300 1046 3345 a
1058 3302 1203 3364 sequen·

123 3369 184 3437 tibus
197 3377 245 3440 his
263 3380 348 3441 locis
360 3377 517 3459 :-Apud
537 3375 689 3450 Esaiam,

154 3516 238 3583 ''iupii
250 3521 321 3570 sicut
331 3535 406 3569 mare
419 3520 573 3583 impulsum,
585 3520 693 3583 quando
704 3518 842 3582 quiescere
855 3533 910 3567 uon
923 3527 1021 3581 potest,
1033 3518 1081 3568 sed
1093 3517 1206 3581 ejiciunt

214 3585 490 3713 (iliiifezdfgsrffnum
500 3594 527 3634 et
537 3581 647 3650 lutum[;
661 3597 716 3634 uon
727 3597 791 3674 pax,
800 3582 890 3649 iuquit
903 3583 978 3633 Deus
989 3597 1075 3643 mene,
1084 3580 1205 3648 impiis]”

122 3770 182 3846 apud
197 3774 350 3849 eundem,

155 3893 246 3949 '‘Peder
257 3913 352 3949 eorum
364 3897 400 3948 ad
412 3897 515 3949 malm
528 3906 646 3955 currunt,
659 3909 687 3947 et
700 3896 832 3947 festinant
843 3895 878 3945 ad
893 3894 1084 3945 effundendum
1097 3896 1206 3958 magui·

215 3979 275 4014 uem
287 3958 477 4021 innocentem,
485 3962 664 4025 cogitationes
674 3977 767 4011 eorum
781 3961 961 4024 cogitationes
973 3959 1133 4022 iniquitatis,
1146 3974 1206 4009 vas·

215 4029 319 4078 ratioet
331 4025 481 4078 coniractio
493 4029 521 4077 in
535 4027 640 4077 semitis
648 4038 759 4086 eorum;
776 4026 848 4075 viam
861 4025 935 4088 pacis
945 4039 1000 4074 non
1011 4024 1107 4082 sciunt,
1119 4038 1206 4087 ueque

216 4094 342 4156 judicium
360 4095 389 4143 iu
404 4094 500 4143 orbitis
512 4107 618 4150 eorum,
632 4093 745 4142 semitae
759 4106 823 4142 suas
836 4099 1024 4154 pervertemut
1037 4090 1099 4148 eibi,
1115 4091 1206 4139 omnis

216 4161 259 4224 qui
269 4161 354 4210 calcat
365 4173 427 4210 earu
440 4173 495 4208 uon
508 4158 650 4223 cognoscit
662 4171 755 4223 paoem
763 4156 777 4175 '⁹
788 4157 845 4217 (iix.
857 4169 881 4216 7,
893 4155 932 4220 8):

122 4283 185 4360 ῑΜ
200 4284 366 4366 Davum

157 4406 280 4464 “Nimium
290 4413 424 4492 habitavit
436 4411 595 4492 sibi‘anima
608 4405 693 4496 [mea]
706 4423 767 4459 cum
777 4422 859 4459 osore
870 4407 960 4470 pacis:
978 4421 1030 4470 ego
1042 4418 1145 4470 pacem,
1158 4405 1206 4455 sed

218 4481 390 4545 conloquor,
405 4480 445 4530 illu
457 4479 492 4529 ad
505 4477 605 4527 bellum
638 4476 694 4536 (Pa
706 4488 765 4526 cxx.
775 4475 801 4533 o,
814 4475 855 4536 7):
