2684 4988
312 491 390 541 car.
407 491 481 552 v11.,
499 492 602 542 vaus.
619 479 728 542 8.-u.
743 478 869 563 448[b].
955 544 959 553 ,
1066 494 1144 562 1135

107 659 242 741 osepho
262 660 384 723 dicitur

107 795 160 844 uod
176 795 356 845 somniaverit
373 795 519 854 somnium,
540 796 611 859 quod
628 795 755 846 undecim
773 795 903 859 manipuli
921 796 1146 846 circumdederint

155 860 215 922 ejus
231 860 408 937 manipulum,
423 869 450 939 et
464 861 665 939 infurvaverint
679 876 708 911 se
722 862 763 913 ei:
782 872 839 911 tum
851 861 922 939 quod
936 862 977 911 sol
992 872 1019 912 et
1033 862 1104 921 luna,
1118 870 1146 911 et

154 926 281 975 undecim
295 926 400 986 stellae,·
411 942 436 976 er
451 942 480 975 se
492 936 693 976 incurvaverint
705 925 777 991 (Gen.
789 927 889 977 xxxvii.
901 927 993 989 4-11);

115 1076 196 1138 quae
223 1059 257 1119 in
281 1078 382 1120 sensu
405 1058 563 1140 proximo
586 1058 790 1140 intelligitur
815 1059 905 1141 quod
929 1058 1049 1122 fratres
1074 1057 1145 1139 ejus

106 1161 245 1214 ›arentes
268 1153 401 1215 venturi
425 1153 458 1214 in
479 1151 691 1234 Aegyptum,
712 1172 752 1216 ac
775 1163 812 1216 ut
836 1153 1010 1215 dominum
1034 1163 1145 1217 terrae

106 1248 302 1323 teneraturi;
333 1247 393 1309 sed
417 1248 450 1309 in
470 1267 571 1309 sensu
594 1246 759 1329 spirituali
779 1267 839 1329 per
861 1248 918 1311 illa
937 1246 1146 1329 significatur

106 1338 280 1402 decclesia
302 1360 389 1422 quae
413 1361 471 1422 per
488 1341 652 1421 Jacobum
672 1350 707 1405 et
730 1362 790 1423 per
813 1341 898 1405 lilios
922 1340 991 1421 ejus
1009 1361 1144 1423 reprae-

106 1434 237 1509 :abatun
255 1455 292 1498 se
311 1435 517 1498 submissura
537 1436 705 1513 Domino;
730 1455 809 1499 nam
825 1457 884 1519 per
902 1435 1145 1518 “Josephum''

106 1525 219 1591 lictum
247 1538 313 1602 est,
342 1539 617 1611 repraesentatur
647 1530 813 1593 Dominus
842 1531 954 1612 quoad
985 1530 1144 1593 Divinum

105 1622 209 1696 ituale,
227 1633 263 1686 et
284 1624 316 1684 in
336 1643 437 1686 sensu
453 1621 642 1705 resped’tivo
658 1644 800 1706 regnum
817 1624 990 1706 spirituale
1008 1624 1144 1687 Domini

105 1717 170 1779 aelo
185 1727 221 1780 et
242 1719 275 1779 in
292 1727 402 1780 terra:
427 1738 569 1799 regnum
585 1717 760 1800 spirituale
777 1717 913 1781 Domini
932 1719 966 1782 in
983 1728 1073 1781 terra
1088 1728 1144 1781 est

107 1813 168 1874 esia
180 1811 385 1893 spiritualis;
410 1813 493 1875 haec
511 1812 654 1875 ecclesia
671 1822 723 1875 est
740 1833 826 1894 quae
843 1814 876 1876 in
893 1833 994 1883 sensu
1009 1813 1145 1875 interno

107 1905 229 1987 lligitur
247 1927 307 1988 per
324 1907 488 1987 Jacobum
507 1917 542 1969 et
566 1928 626 1988 per
648 1906 718 1987 ejus
740 1906 837 1980 filios,
858 1908 994 1989 quando
1012 1906 1144 1971 suerunt

105 2011 249 2082 tegypt0.
283 2001 408 2064 Postea
421 2022 480 2082 per
493 2000 719 2083 “Josephum”
730 2002 931 2066 describitur
943 2000 1145 2064 instauratio

105 2098 187 2158 esiae
206 2116 294 2177 quae
316 2116 337 2157 a
360 2095 435 2157 liliis
456 2095 590 2158 Israelis
614 2096 902 2177 repraesentanda
921 2105 1015 2171 erat;
1042 2114 1144 2176 quare

104 2207 130 2250 m
149 2189 318 2272 Josephus
342 2189 476 2252 delatus
499 2201 552 2252 est
576 2191 609 2252 in
634 2189 848 2271 Aegyptum,
872 2200 907 2253 et
931 2191 1144 2252 dominatum

104 2293 247 2347 ettotam
264 2283 358 2346 illam
376 2294 500 2346 terram
517 2284 676 2358 obtinuit,
691 2294 725 2347 et
742 2284 820 2347 illuc
837 2285 994 2347 invitavit
1011 2293 1143 2365 patrem

104 2387 170 2440 net
189 2376 312 2439 iratres
330 2398 420 2450 suos,
440 2397 480 2439 ac
501 2379 641 2441 nutrivit
661 2399 730 2453 eos,
751 2388 785 2441 et
809 2378 968 2459 quamdiu
987 2376 1144 2440 dominus

103 2491 137 2534 ae
154 2470 236 2548 iuit3
262 2492 321 2553 per
340 2481 466 2534 terram
487 2470 642 2553 Aegypti
661 2472 981 2554 repraesentabatur
999 2470 1144 2534 ecclesia

103 2564 205 2627 itualis
226 2566 258 2627 in
280 2564 436 2639 naturali,
457 2584 495 2627 ac
521 2586 580 2647 per
596 2564 760 2645 Jacobum
780 2576 815 2629 et
839 2565 925 2628 lilios
944 2564 1014 2646 ejus
1033 2563 1143 2627 eccle·¹

104 2659 292 2740 tpiritualis:
318 2659 377 2722 sed
398 2658 471 2721 finis
488 2660 810 2740 repraesentationis
826 2659 992 2723 ecclesiae
1007 2660 1143 2741 spiritu·

113 2754 307 2816 innaturali
331 2774 390 2836 per
407 2753 608 2836 Aegyptum
632 2755 692 2817 luit
715 2773 792 2817 cum
816 2754 931 2817 Moses
954 2762 1054 2816 natus
1077 2762 1142 2828 est,

103 2846 208 2927 ncepit
227 2844 315 2907 filios
335 2844 472 2908 Israelis
490 2867 535 2908 ex
554 2846 723 2927 Aegypto
742 2846 898 2908 educere.
941 2862 1001 2918 (Sed
1010 2861 1145 2918 neceque

113 2959 162 2995 sunt
178 2959 202 2996 et
220 2951 292 3004 varia,
307 2952 415 3008 exposita
431 2959 486 2996 sunt
502 2952 526 2995 in
541 2952 645 2996 Arcanis
662 2952 819 3009 Caelestidffl.)
873 2933 1143 3016 Representatio

103 3028 160 3090 nini
183 3027 296 3109 quoad
322 3027 480 3089 Divinum
504 3027 688 3110 spirituale,
713 3038 748 3091 et
772 3028 850 3090 inde
873 3027 1142 3109 repraesentatio

103 3121 123 3182 ti
147 3120 331 3204 spiritualis
362 3121 510 3197 Domini,
541 3123 737 3185 continetur
765 3123 799 3185 in
831 3118 884 3185 his
913 3121 1023 3185 verbis
1052 3121 1142 3203 apud

103 3232 148 3290 lm,

108 3345 172 3398 Dixit
187 3348 296 3398 Pharao
310 3349 345 3398 ad
359 3363 454 3398 servos
468 3363 541 3406 suos,
560 3348 631 3398 Num
646 3349 817 3398 inveniemus
831 3349 901 3399 sicut
915 3349 986 3397 hunc
1000 3348 1095 3404 virum,
1113 3348 1140 3396 in

152 3429 204 3478 quo
217 3415 330 3476 spiritus
345 3414 413 3464 Dei?
447 3414 480 3463 Et
494 3415 562 3464 dixit
578 3412 682 3463 Pharao
697 3415 732 3463 ad
743 3414 901 3478 Josephum,
918 3412 1063 3477 Postquam
1078 3427 1142 3475 cog·

152 3494 264 3529 noscere
276 3480 341 3528 iecit
354 3479 427 3529 Deus
440 3480 545 3529 tibimet
557 3494 638 3529 omne
653 3481 713 3538 hoc,
727 3494 809 3529 nemo
822 3479 975 3541 intelligens
989 3489 1016 3528 et
1031 3479 1140 3540 sapiens

151 3545 219 3594 sicut
237 3555 283 3601 tu:
304 3556 333 3594 tu
351 3545 404 3594 eris
421 3560 503 3608 super
519 3546 601 3594 domo
619 3558 688 3603 mea,
705 3555 731 3596 et
749 3560 830 3608 super
846 3560 893 3594 ore
911 3555 958 3593 tuo
975 3544 1142 3594 osculabitur

151 3612 239 3660 omnis
253 3611 367 3672 populus
380 3625 473 3667 meus;
491 3621 597 3659 tantum
610 3611 680 3660 solio
693 3624 808 3672 magnus
820 3625 867 3659 ero
880 3624 943 3671 prae
956 3620 990 3659 te.
1029 3609 1062 3657 Et
1073 3609 1141 3658 dixit

153 3673 258 3725 Pharao
270 3677 305 3724 ad
314 3675 471 3740 Josephum,
480 3676 557 3732 Vide,
569 3676 630 3725 dedi
644 3686 670 3725 te
682 3691 764 3739 super
772 3689 881 3725 omnem
894 3685 993 3725 terram
1007 3675 1139 3736 Aegypti:

150 3751 177 3790 et
189 3742 305 3790 removit
318 3741 423 3790 Pharao
436 3743 567 3790 annulum
580 3757 659 3791 suum
679 3756 760 3804 super
771 3755 853 3790 manu
865 3755 922 3798 sua,
937 3751 964 3789 et
975 3740 1049 3789 dedit
1063 3740 1139 3789 illum

151 3820 232 3868 super
250 3820 360 3855 manum
373 3806 493 3870 Josephi,
510 3817 537 3856 et
555 3807 663 3856 vestivit
680 3821 741 3856 eum
759 3807 879 3856 vestibus
896 3806 986 3869 byssi;
1006 3814 1033 3854 et
1050 3806 1141 3867 posuit

149 3882 271 3948 torquem
286 3872 344 3921 auri
359 3887 440 3934 super
451 3872 548 3921 collum
562 3872 629 3934 ejus,
644 3883 670 3921 et
684 3873 745 3921 vehi
760 3872 822 3921 iecit
834 3886 895 3920 eum
910 3872 937 3920 in
952 3885 1031 3919 curru
1046 3885 1140 3919 secun·

150 3937 226 3986 dario
244 3937 289 4000 qui
308 3938 369 3994 sibi,
389 3947 416 3986 et
433 3937 617 3986 clamaverunt
634 3947 697 3986 ante
715 3951 776 3985 eum
795 3936 909 3993 Abrech,
927 3946 953 3985 et
970 3936 1060 3984 dando
1078 3949 1138 3984 eum

149 4016 230 4065 super
242 4017 352 4052 omnem
365 4012 463 4050 terram
477 4003 609 4065 Aegypti:
629 4012 655 4051 et
667 4003 735 4051 dixit
749 4002 854 4051 Pharao
867 4001 900 4050 ad
909 4001 1068 4066 Josephum,
1081 4000 1139 4063 Ego

150 4067 273 4123 Pharao:
292 4079 398 4130 praeter
412 4078 437 4117 te
453 4083 507 4117 non
521 4068 631 4117 extollet
643 4067 684 4117 vir
698 4082 809 4116 manum
822 4082 898 4117 suam
911 4077 938 4116 et
952 4068 1047 4129 pedem
1060 4081 1139 4117 suum

149 4133 176 4182 in
188 4133 263 4182 omni
276 4143 349 4183 terra
362 4134 478 4196 Aegypti
486 4133 500 4152 ”
512 4134 585 4195 (Gen.
597 4132 643 4182 xli.
655 4134 736 4193 38-44
745 4133 762 4195 ς)

107 4269 219 4326 explicata
230 4269 255 4314 iu
266 4269 371 4314 Arcaxr's
382 4269 527 4320 Caelestr'bus,
539 4282 554 4313 a
564 4281 587 4314 n.
598 4265 760 4326 [¹15306-5329
770 4267 916 4326 videantur).

101 4337 146 4420 lh]
174 4343 309 4406 Dicitur
328 4343 419 4425 quod
442 4363 502 4423 per
518 4341 707 4424 Josephum
730 4343 762 4403 in
785 4361 945 4423 supremo
964 4359 1065 4402 sensu
1084 4360 1138 4402 re·

103 4446 254 4499 sentetur
287 4436 452 4497 Dominus
479 4435 590 4517 quoad
619 4435 780 4497 Divinum
806 4432 999 4516 spirituale:
1035 4452 1138 4515 quare
