2684 4988
179 495 258 544 1222
486 491 738 544 APOCALYPSIS
761 493 988 544 EXPLICATA.

174 686 197 722 et
209 690 307 735 quoque
317 691 389 735 supra
399 677 423 721 in
435 677 633 736 explicationibus
644 677 789 737 aliquoties.)
832 660 972 724 Exinde
995 672 1152 725 constare
1170 673 1256 744 polest
1330 720 1342 746 ¹

175 753 265 835 quod
293 773 351 835 per
374 751 548 834 “Proiecit
575 753 783 816 thuribulum
811 752 990 835 impletum
1018 754 1097 835 igne
1119 754 1214 816 altaris
1232 756 1254 816 iu
1327 813 1342 836 ,

175 857 299 909 terram
309 847 323 871 ’⁸
337 846 545 928 significetur
560 847 707 910 influxus
725 848 837 911 Divini
854 847 994 910 Amoris
1010 869 1029 911 e
1045 847 1143 911 caelis
1157 850 1184 910 in
1196 848 1253 912 ini·
1326 905 1342 930 ,

175 942 271 1016 riora,
290 941 345 1005 ubi
364 940 411 1005 illi
428 942 483 1024 qui
500 943 679 1025 separandi
699 954 734 1006 et
751 944 967 1007 removendi:
992 943 1077 1006 infra
1092 946 1171 1009 enim
1184 963 1253 1025 super

175 1037 272 1097 terris
289 1036 332 1099 ibi
352 1047 449 1098 erant
466 1038 653 1099 societates
671 1038 726 1100 ubi
746 1038 825 1100 boni
844 1037 943 1100 simul
961 1047 998 1100 et
1015 1038 1095 1101 mali
1113 1048 1202 1110 erant,
1214 1037 1251 1118 qui

174 1129 217 1190 ab
243 1130 387 1192 invicem
414 1131 593 1212 separandi
620 1141 717 1194 erant
746 1142 930 1214 antequam
954 1131 1111 1194 ultimum
1131 1132 1251 1213 judicium

174 1225 357 1286 existeret:
384 1243 461 1285 narn
481 1244 500 1286 a
520 1233 676 1307 tempore
696 1224 834 1288 Domini
850 1245 954 1308 usque
971 1226 1015 1288 ad
1034 1237 1161 1308 tempus
1175 1223 1251 1288 ultimi

170 1315 284 1396 judicii
308 1318 446 1380 tolerati
471 1328 549 1380 sunt
573 1338 693 1382 omnes
717 1321 772 1406 qui
796 1330 976 1383 externam
1001 1320 1158 1383 moralem
1176 1320 1251 1381 vitan

174 1421 355 1493 potuerunt
386 1412 509 1486 vivere,
539 1423 575 1475 et
605 1414 652 1476 sic
683 1413 845 1476 aemulari
875 1416 981 1477 vitam
1012 1414 1202 1496 spiritualem
1222 1408 1252 1471 ad

173 1504 409 1585 apparentiam
423 1523 430 1564 :
455 1519 532 1576 (quod
544 1521 636 1565 tolerati
648 1521 694 1566 sint
704 1535 780 1579 usque
790 1523 955 1580 adJudicium,
965 1530 988 1566 et
999 1537 1043 1567 cur
1055 1523 1143 1567 tolerati
1153 1517 1254 1571 suntid*

172 1599 226 1637 atur
236 1593 260 1636 in
271 1593 388 1650 opusculo
401 1593 439 1636 De
454 1592 545 1638 Ultimo
558 1592 668 1654 Judicio,
679 1608 703 1640 n.
715 1607 752 1652 59,
763 1596 801 1652 69,
812 1608 854 1650 7o;
871 1603 894 1640 et
905 1596 971 1652 quod
988 1608 1017 1639 ex
1034 1595 1078 1639 illis
1089 1596 1201 1664 formarum
1207 1587 1256 1660 luerit

173 1664 187 1679 ‘¹
195 1668 260 1725 prius
270 1667 386 1719 eaelum.’'
396 1669 464 1724 quod
474 1668 623 1714 destructum
635 1677 678 1721 est,
687 1669 712 1714 in
722 1671 808 1715 eodem
819 1671 945 1728 opusculo,
957 1683 980 1715 n.
992 1670 1068 1727 65-72
1076 1673 1094 1727 :l
1111 1665 1144 1716 et
1157 1671 1218 1735 qula
1230 1663 1256 1707 1ss

173 1743 292 1805 iisdem
311 1744 544 1818 societatibus,
562 1765 621 1808 seu
641 1747 674 1808 in
694 1748 794 1827 priori
814 1746 920 1820 caelo,
937 1747 1043 1809 etiam
1063 1746 1186 1809 suerunt
1198 1742 1259 1804 sim·

173 1836 278 1919 plices
293 1838 383 1911 boni,
401 1839 537 1920 quidam
554 1859 712 1903 unacum
729 1840 794 1903 illis
810 1841 865 1912 ibi,
883 1841 1021 1922 quidam
1037 1839 1117 1902 alibi
1134 1839 1188 1902 sed
1202 1845 1263 1898 cum

173 1931 239 1995 illis
262 1930 431 2014 conjuncii
458 1954 517 2015 per
540 1944 722 1997 externum
745 1932 900 1999 sancium
927 1945 962 1998 et
990 1937 1093 2016 pium,
1117 1938 1268 1999 ettamen

173 2027 253 2091 boni
276 2030 455 2110 separandi
478 2040 575 2092 erant
595 2050 614 2092 a
635 2029 732 2093 malis
753 2040 835 2093 ante
854 2030 1027 2111 judicium,
1047 2042 1085 2095 ut
1108 2031 1153 2093 illi
1174 2029 1271 2093 eleva·

173 2134 289 2187 rentur
315 2124 349 2185 in
374 2123 506 2186 caelum
533 2143 572 2186 ac
601 2122 681 2186 mali
711 2124 958 2204 conjicerentur
985 2125 1018 2186 in
1049 2125 1215 2193 infernum.
1239 2121 1276 2172 ²⁶

174 2219 344 2299 separatio
371 2214 459 2281 facia
485 2227 538 2280 est
569 2237 628 2299 per
654 2217 817 2281 influxum
846 2217 958 2280 Divini
990 2218 1076 2282 Boni
1103 2229 1137 2282 et
1163 2210 1240 2280 Veri
1266 2216 1281 2258 θ

174 2312 276 2375 caelis
295 2315 328 2375 in
347 2312 501 2375 inferiora
520 2312 576 2375 ubi
594 2331 713 2375 omnes
737 2313 784 2375 illi
808 2322 916 2385 erant,
934 2313 1013 2375 inde
1037 2324 1192 2377 constare
1208 2304 1288 2405 90ῖᾷ

174 2408 335 2488 estquod
359 2427 418 2489 per
436 2406 607 2488 “Projecit
628 2406 834 2469 thuribulum
854 2406 1033 2488 impletum
1055 2408 1133 2489 igne
1151 2395 1272 2471 altaris

174 2499 383 2581 significetur
401 2498 459 2561 ille
477 2497 624 2561 influxus
643 2499 676 2560 in
695 2498 861 2560 inferiora.
905 2515 955 2572 (De
966 2516 1107 2573 operatione
1117 2517 1177 2562 uuus
1186 2500 1293 2561 inituxus

172 2596 238 2653 apud
255 2596 339 2647 bonos.
354 2604 378 2639 et
392 2596 422 2639 de
437 2595 575 2652 operatione
591 2595 642 2652 ejus
658 2595 723 2652 apud
741 2595 824 2646 malos,
839 2594 948 2639 videatur
960 2608 1041 2653 supra.
1057 2609 1080 2642 n.
1094 2596 1166 2660 413,
1179 2595 1218 2658 41
1228 2568 1295 2636 Sifli·

172 2658 507 2738 mmmm)

232 2756 336 2838 498.
365 2754 424 2816 Ἢ
436 2755 543 2817 {uem
556 2759 630 2817 tuni
644 2772 734 2816 moos
748 2759 781 2815 ol
794 2754 926 2815 loniirrru
942 2760 975 2816 ol
991 2755 1229 2836 {ulpum.''—Q
1236 2728 1301 2834 11⁰4

174 2848 341 2931 significet
361 2847 625 2910 ratiocinatrones
643 2867 685 2909 ex
707 2846 806 2908 turba
824 2846 1035 2928 affeliionum
1057 2858 1090 2911 et
1110 2849 1185 2911 riade
1203 2844 1304 2911 coi*

174 2944 335 3006 talr'onum
357 2944 397 3005 de
422 2943 502 3004 bono
522 2952 556 3004 et
576 2940 662 3003 malo
684 2962 723 3003 ac
744 2941 784 3003 de
805 2961 884 3003 vero
904 2951 938 3003 et
953 2942 1062 3020 falso,
1087 2952 1245 3007 constat
1279 2933 1309 2983 ex

174 3036 423 3119 significatione
453 3034 637 3106 “vocum”
665 3033 756 3115 quod
785 3034 852 3095 sint
881 3034 1163 3098 ratiocinationes
1190 3034 1315 3110 (atim

173 3145 310 3203 sequitur);
332 3136 367 3189 et
383 3147 428 3189 ex
440 3124 690 3206 significatione
705 3125 922 3185 “tonitruum
935 3133 971 3185 et
987 3124 1189 3205 fulgurum,”
1201 3093 1319 3208 elffii

174 3223 242 3283 sint
262 3216 437 3282 conflictus
456 3228 491 3280 et
511 3217 629 3279 turbae
649 3212 862 3277 affeciionum
886 3226 921 3278 et
945 3216 1024 3279 inde
1043 3205 1321 3298 cogitatioflum

174 3317 217 3378 de
241 3316 331 3377 bono
354 3325 389 3377 et
412 3312 502 3375 malo
520 3331 559 3374 ac
580 3312 622 3373 de
641 3330 721 3373 vero
743 3319 778 3373 et
802 3310 896 3373 falso.
942 3309 1055 3375 Causa
1073 3312 1193 3376 talium
1210 3306 1324 3375 63⁰ss'

175 3408 322 3474 flit‘tuum
342 3419 376 3472 et
397 3407 580 3477 turbarum,
598 3414 650 3467 est
670 3404 759 3486 quod
779 3424 838 3485 per
857 3403 1020 3466 influxum
1039 3426 1058 3468 e
1078 3406 1182 3469 caelis
1199 3427 1226 3470 c
1254 3389 1324 3455 1³¹¹·

174 3507 299 3568 dantur
309 3515 455 3567 externa
464 3502 552 3583 apud
567 3499 675 3562 malos
688 3509 722 3562 et
735 3500 930 3580 aperiuntur
942 3500 1089 3574 interna,
1101 3510 1135 3564 et
1149 3496 1324 3565 extent

174 3601 307 3663 suerunt
330 3619 416 3681 quae
440 3596 681 3659 simulaverunt
706 3594 795 3656 bona
818 3604 853 3657 et
877 3614 966 3667 vera,
990 3604 1027 3656 at
1052 3595 1185 3659 interna
1206 3592 1322 3683 alif

174 3696 413 3776 cogitaverunt
431 3692 521 3754 mala
536 3701 571 3753 et
588 3689 691 3765 ialsa;
715 3688 793 3751 inde
806 3687 927 3751 clausis
944 3691 1099 3752 externis
1115 3701 1151 3753 et
1166 3683 1318 3772 apertis

174 3790 315 3852 internis
343 3788 476 3850 illorum
500 3785 605 3848 oritur
627 3779 802 3846 conflictus
829 3792 864 3845 et
892 3783 991 3845 turba
1016 3781 1268 3847 affectionum
1288 3776 1314 3829 ‘t

173 3885 423 3965 cogitationum
443 3882 486 3944 de
505 3881 596 3942 bono
615 3888 649 3940 et
669 3876 761 3939 malo
780 3896 818 3939 ac
838 3876 880 3938 de
897 3897 977 3939 vero
996 3887 1031 3940 et
1048 3878 1143 3951 salso,
1160 3889 1193 3940 et
1227 3872 1255 3934 i
1261 3862 1311 3928 nde

173 3979 473 4041 ratiocinationes:
491 3974 573 4038 talia
587 3974 619 4036 in
633 3971 759 4035 mundo
772 3971 936 4053 spirituali
948 3972 1132 4035 audiuntur
1143 3984 1178 4036 ut
1189 3973 1310 4035 voces

173 4073 400 4135 multitudinis
412 4068 661 4141 murmurantis,
671 4066 857 4140 stridentis,
870 4066 1030 4127 minantis
1041 4076 1076 4129 et
1088 4054 1309 4149 pugnantisl

172 4179 207 4231 et
236 4176 402 4249 apparent
431 4166 473 4227 ad
502 4163 701 4227 distantiam
730 4160 818 4234 inde,
842 4160 897 4222 ubi
924 4159 981 4222 illa
1010 4181 1078 4223 non
1101 4160 1310 4224 audiuntur·

172 4265 259 4329 sicut
281 4263 432 4323 tonitrua
455 4270 490 4322 et
515 4258 655 4338 fulgura,
676 4265 712 4318 ut
733 4256 883 4318 tonitrua
902 4275 946 4317 ex
966 4252 1123 4318 confliciu
1142 4241 1312 4318 affeetio·

171 4378 261 4431 num,
283 4377 321 4419 ac
343 4368 379 4419 ut
399 4355 530 4436 fulgura
549 4375 593 4414 ex
614 4348 769 4414 conflictu
789 4351 1039 4431 cogitationum
1062 4351 1149 4414 inde.
1191 4342 1312 4435 Qui·

170 4455 259 4516 niam
278 4452 361 4514 haec
379 4452 531 4512 oriuntur
546 4469 591 4510 ex
608 4446 744 4508 defluxu
762 4445 873 4506 Divini
895 4443 979 4506 Boni
999 4453 1034 4508 et
1052 4443 1132 4507 Veri
1150 4424 1312 4507 ocae:hs
