2684 4988
110 484 175 570 ff
419 500 668 554 nociturus
691 498 917 552 exuerem.

110 670 278 754 significat
312 669 515 752 intelligere,
552 668 720 733 “excelsa
753 669 890 732 terrae”
927 678 1007 732 sunt
1041 667 1191 750 spiritate

110 763 297 830 ecclesiae:
329 764 470 829 nutritio
491 764 672 846 spiritualis
695 764 775 827 inde
797 762 1009 845 significatur
1027 784 1084 846 per
1100 758 1188 844 [quoi]

85 911 90 922 .
112 859 266 922 “cibavit
283 879 359 922 eum
380 871 547 941 proventu
566 878 724 941 agrorum
740 881 748 934 ;
773 865 793 891 “
805 860 918 921 cibare
930 856 947 882 ”
963 869 1016 921 est
1035 859 1151 925 nutrire.
1165 864 1187 917 et

111 958 325 1035 “proventus
344 955 525 1034 agrorum”
544 964 622 1015 sunt
642 954 756 1015 omnia
774 953 961 1016 ecclesiae:
990 951 1077 1035 quod
1093 952 1134 1013 eis
1147 949 1191 1011 tu

110 1066 190 1121 num
214 1046 368 1111 naturale
391 1058 426 1112 et
449 1047 576 1110 bonum
600 1047 774 1130 spirituale
796 1066 856 1131 per
880 1046 1040 1110 Divinum
1056 1043 1188 1109 Veruma

111 1140 270 1214 Domino,
295 1140 503 1223 significatur
526 1163 586 1224 per
610 1141 731 1223 “quod
758 1161 879 1222 sugere
905 1138 986 1204 lecit
1012 1159 1086 1203 eum
1109 1138 1188 1201 mele

110 1255 203 1316 rupe,
221 1246 255 1297 et
272 1235 384 1299 oleum
401 1257 420 1299 e
436 1256 523 1299 saxo
539 1235 693 1318 petrae;”
711 1235 831 1298 “”mel
847 1244 901 1298 est
917 1234 1043 1297 bonum
1060 1231 1188 1302 naturale.

112 1324 280 1391 “oleum”
303 1339 355 1393 est
378 1328 505 1393 bonum
529 1328 754 1411 spirituales
763 1326 879 1411 rupis”
901 1336 954 1391 est
980 1327 1127 1391 Divinum
1141 1322 1188 1388 Ve

111 1417 183 1501 rum
212 1443 232 1485 a
263 1418 411 1486 Domino
438 1433 620 1486 externum
643 1418 734 1505 quod
759 1444 819 1505 pro
843 1422 991 1485 naturali
1020 1420 1150 1495 homine,
1166 1428 1188 1481 et

112 1518 261 1579 “saxum
281 1516 424 1599 petrae”
443 1527 496 1580 est
519 1514 678 1580 Divinum
698 1512 827 1580 Verum
847 1537 867 1579 a
887 1514 1064 1579 Domino
1056 1524 1189 1578 internum

110 1608 199 1693 quod
223 1632 284 1692 pro
303 1611 467 1692 spirituali
487 1611 643 1674 homine:
670 1617 790 1693 postea
810 1610 855 1674 ibi
878 1611 992 1692 agitur
1010 1611 1052 1673 de
1070 1607 1189 1672 Ecclesia

108 1700 259 1786 Iudaica,
280 1727 365 1787 quae
382 1726 450 1768 non
474 1707 508 1772 in
527 1706 641 1788 aliquo
661 1704 785 1767 Divino
804 1700 898 1768 Vero
921 1713 1006 1778 erat,
1027 1705 1069 1768 de
1089 1724 1142 1786 qua
1155 1696 1189 1764 ti·

110 1796 206 1871 citur,
223 1797 398 1873 “Petram
416 1821 503 1885 quae
519 1800 638 1881 genuit
655 1810 700 1874 te,
718 1798 879 1862 oblivioni
896 1798 1031 1872 dedisti,
1049 1811 1082 1863 et
1097 1796 1189 1862 oblitus

110 1910 147 1975 es
169 1892 234 1956 Dei
255 1892 495 1967 formatoris,”
514 1916 572 1977 per
592 1915 678 1977 quae
701 1893 911 1976 significatur
929 1895 1019 1976 quod
1044 1893 1188 1956 Dominum

110 1988 146 2053 et
173 1989 251 2051 inde
281 1987 439 2051 Divinum
470 1986 610 2063 Verum,
640 2009 700 2070 per
726 1989 816 2071 quod
842 1989 1042 2052 reformatur
1070 1984 1188 2056 ecclesia

110 2080 341 2164 rejecerint;
346 2080 490 2145 ‘”Petra
509 2093 562 2146 est
587 2081 754 2145 Dominus
772 2081 884 2165 quoad
909 2082 1066 2145 Divinum
1084 2080 1187 2150 Verum.

111 2187 147 2240 et
170 2176 365 2238 reformatio
389 2196 448 2258 per
471 2176 503 2238 id
527 2177 571 2239 ab
595 2176 675 2257 lpso
693 2170 902 2256 significatur
922 2184 1009 2269 per‘
1014 2177 1083 2258 ‘qui
1103 2170 1189 2276 genuit

111 2266 171 2334 ἴθ’
190 2281 225 2334 et
249 2291 308 2353 per
328 2269 467 2334 “Deum
493 2270 768 2333 FormatoremP
790 2270 880 2353 quod
905 2291 1040 2354 prorsus
1062 2263 1189 2351 depriiati

111 2386 192 2427 vero
211 2375 245 2427 et
270 2365 361 2426 bono
384 2375 510 2438 essent,
532 2362 741 2446 significatur
764 2386 823 2447 per
839 2366 964 2492 qqod‘
970 2364 1087 2430 ‘Petra
1105 2376 1188 2426 eorum

112 2459 264 2521 vendidit
281 2479 351 2531 eos,
369 2467 404 2522 et
421 2458 577 2540 Jehovah
594 2459 738 2522 occlusit
757 2460 854 2536 eos;”
879 2460 1032 2523 “''Petra
1048 2459 1188 2533 dretturer

111 2550 192 2615 v'ero
215 2564 249 2616 et
275 2551 481 2634 “Jehovah”
510 2574 554 2616 ex
581 2552 682 2626 b0n0,
710 2554 909 2617 “vendere”
932 2565 967 2617 et
997 2540 1189 2617 “occludere”

110 2656 163 2709 est
180 2647 363 2728 deprivari:
388 2649 478 2730 quod
498 2646 618 2710 salsum
638 2642 703 2710 illis
723 2669 767 2711 ex
786 2647 909 2711 malos
894 2648 1001 2721 fuerit,
1019 2645 1189 2730 significatur

110 2762 169 2835 per
193 2748 290 2803 “non
314 2742 400 2804 sicut
431 2742 531 2805 Petra
556 2753 674 2805 nostra
704 2754 801 2823 petra
824 2763 951 2818 eorum,
977 2763 1084 2825 neque
1103 2739 1188 2813 hostes

111 2837 217 2897 nostri
230 2835 397 2916 judices
418 2841 544 2918 petra
561 2856 678 2898 eorum
687 2835 770 2899 est
788 2834 941 2909 salsum
947 2836 1080 2900 hostes
1094 2816 1189 2897 nostri

110 2939 188 2991 sunt
206 2929 344 3002 mala
354 2950 420 2993 non
433 2929 590 3011 Judrces
606 2924 775 3011 significat
793 2950 860 2993 non
878 2952 957 2993 vera
974 2941 1009 2993 et
1026 2930 1117 2993 bona
1152 2920 1188 2985 El

110 3020 162 3084 his
176 3033 334 3085 constare
348 3031 463 3105 potest
477 3024 587 3106 quod‘
592 3020 732 3086 ‘Petra’
742 3022 910 3104 significet
921 3022 1101 3085 Dominum
1110 3006 1189 3102 quoad

111 3114 270 3178 Divinum
295 3114 434 3190 Verum,
459 3127 494 3180 et
518 3118 552 3180 in
571 3119 731 3199 opposito
754 3130 855 3181 sensu
878 3117 1009 3182 salsum.
1063 3116 1099 3181 In
1118 3107 1190 3177 Lt'ltl

113 3209 258 3274 Secundo
277 3210 453 3285 Samuelis,

161 3343 300 3407 “Spiritus
312 3343 431 3408 Jehovae
445 3345 549 3394 locutus
561 3353 603 3394 est
618 3345 644 3393 in
658 3359 710 3402 me,
723 3353 751 3394 et
768 3358 858 3395 sermo
871 3342 937 3408 Ejus
955 3359 1037 3408 super
1050 3334 1131 3406 lingua
1140 3341 1190 3406 1⁰⁶!

239 3410 306 3458 dixit
325 3409 402 3460 Deus·
410 3409 533 3467 Isrtells.
549 3404 640 3474 [mihi]
659 3411 746 3469 locuta
759 3420 801 3460 est
817 3408 896 3459 Petra
911 3409 1030 3467 Israelis
1043 3395 1190 3460 nominauit

239 3474 398 3524 hominem
387 3485 498 3537 justum
512 3475 658 3525 dominans
670 3475 751 3525 timor
764 3473 834 3523 Dei”
846 3474 930 3536 (xxiii.
943 3487 967 3534 2.
979 3477 1020 3536 3):

110 3586 163 3660 hic
173 3598 351 3661 manifeste
361 3604 382 3631 ‘⁶
391 3598 516 3662 Petra'9
524 3621 585 3680 pro
594 3595 754 3673 Domino,
764 3593 842 3661 nam
851 3618 911 3680 per
919 3604 939 3631 ‘⁴
950 3598 1059 3662 Deum
1071 3579 1191 3662 Israelis

109 3693 142 3752 in
168 3690 284 3753 Verbo
314 3691 517 3774 intelligitur
547 3689 736 3768 Dominus;
770 3710 873 3773 quare
902 3693 1026 3755 dicitur
1055 3685 1192 3771 “Spiritu

107 3783 259 3864 Jehovae
288 3784 423 3847 locutus
451 3796 506 3848 est
537 3787 569 3847 in
596 3806 660 3859 me,
685 3796 720 3848 et
744 3804 856 3848 sermo
882 3784 964 3864 Ejus
989 3805 1088 3868 super
1109 3783 1192 3856 lingua

109 3876 223 3951 mea;”
242 3884 326 3948 tum,
343 3878 471 3942 “Dixit
499 3880 592 3942 Deus
622 3877 767 3951 Israelis,
795 3878 876 3940 mihi
906 3878 1021 3942 locuta
1048 3886 1097 3941 est
1121 3870 1192 3936 petri

110 3970 246 4033 Israelis
261 3971 287 4032 :”
312 3971 486 4053 “Spiritus
507 3973 684 4054 Jehovae‘’
702 3983 738 4036 et
764 3979 904 4037 “sermo
928 3972 1011 4054 Ejus
1022 3973 1037 3996 ”
1059 3960 1191 4052 significat

111 4063 271 4126 Divinum
292 4064 430 4140 Verum,
451 4078 486 4129 et
512 4067 679 4128 Dominus
697 4076 842 4128 vocatur
861 4066 987 4128 “Deus
1007 4056 1191 4129 Israelis''t¹

109 4156 212 4231 cultu,
234 4164 298 4221 et‘
303 4159 419 4222 ‘Petra
440 4160 597 4222 Israelis’'
616 4180 660 4222 ex
681 4159 806 4222 Divino
825 4159 918 4221 Vero
937 4181 982 4222 ex
1006 4181 1073 4242 quo
1093 4153 1191 4220 culus}

109 4252 185 4332 quia
202 4262 255 4314 est
274 4252 439 4314 Dominus
455 4255 512 4335 qui
531 4251 741 4334 intelligitur,
760 4254 836 4315 ideo
852 4254 975 4316 dicitur
990 4254 1101 4336 quod‘
1105 4242 1191 4310 ‘Petri

109 4344 267 4407 Israelis'’
296 4345 412 4408 locuta
439 4349 502 4410 sit:
535 4348 721 4409 dominium
748 4347 856 4428 Ipsius
880 4367 981 4428 super
1006 4348 1082 4410 illos
1102 4357 1146 4424 qul
1168 4329 1189 4388 ¹⁰

107 4439 198 4501 bono
218 4448 296 4502 sunt
316 4450 351 4502 et
371 4441 426 4521 qui
445 4443 477 4502 in
495 4462 575 4503 vero
594 4440 804 4522 significatur
822 4461 882 4522 per
900 4442 1104 4504 “dominans
1117 4432 1188 4507 supet
