2716 4986
123 457 205 521 1244
433 449 681 502 APOCALYPSIS
704 446 928 499 exsulem.

250 622 430 752 ῗὲᾶιὲιιέοειὲι
442 635 529 751 ῗιὲῗίιι,
540 620 699 684 grandinem
709 628 736 669 et
745 631 845 682 prunas
854 615 947 681 ignis”
967 616 1025 679 (Pa.
1036 617 1107 666 xviii.
1117 630 1141 679 9,
1153 625 1215 676 teu

290 724 297 738 ·
335 723 342 739 ·
374 700 433 747 rls
508 701 514 746 ἱ

122 803 209 886 apud
228 803 385 877 eundem,

174 918 192 939 ⁴·
200 913 387 1041 Vemiet)Deua
399 926 492 964 ιιοοιει
502 923 530 963 et
548 909 629 978 [noo]
642 912 748 972 tacebit,
762 911 834 975 ignia
844 925 935 961 coram
949 908 1015 975 ipao
1026 907 1166 960 comedet”
1176 907 1221 970 (ec

262 993 296 1042 ·3
316 995 322 1039 ;

121 1095 212 1178 apud
231 1094 388 1168 eundem,

170 1207 293 1272 Jehovah
307 1207 405 1270 “pluet
422 1220 503 1269 super
519 1205 625 1268 impios,
646 1205 766 1268 laqueos,
785 1204 875 1268 imm
892 1212 920 1254 et
936 1202 1073 1268 aulphnr”
1084 1202 1140 1266 (ee
1152 1200 1227 1263 xiil:

120 1321 211 1402 apud
227 1319 439 1394 Ezechielem,

172 1434 276 1485 “Dabo
288 1434 369 1483 iacies
382 1449 456 1483 meas
468 1444 562 1482 eontra
574 1433 642 1491 illos.
654 1442 683 1482 ιιι
693 1432 800 1482 tametsi
809 1447 842 1481 ex
852 1431 1065 1495 lgneexiverint‚
1075 1432 1145 1494 ignis
1153 1440 1230 1480 tamen

251 1501 374 1549 comedet
385 1514 433 1548 eos
436 1535 505 1555 .....
511 1509 537 1548 et
552 1509 650 1547 terram
663 1499 735 1548 dabo
746 1498 969 1556 devastationem,
986 1498 1051 1562 quia
1068 1495 1230 1561 praevaricati

251 1574 315 1615 aunt
327 1564 571 1627 praevaricationes
579 1563 593 1583 ”
603 1565 658 1625 (xv.
669 1577 695 1623 4,
706 1565 782 1625 o-8>;

123 1681 213 1764 apud
231 1679 358 1754 Mosen,

174 1797 191 1819 ‘⁸
200 1793 277 1857 ignis
289 1807 418 1842 accensus
429 1802 471 1842 eat
484 1793 512 1842 in
523 1792 563 1841 ira
574 1806 643 1849 mea.
657 1802 684 1841 et
695 1793 801 1842 ardebit
812 1806 897 1855 usque
908 1791 943 1841 ad
960 1791 1099 1841 infernum
1112 1790 1232 1844 infimam.

253 1869 280 1908 et
289 1861 410 1908 comedet
420 1869 518 1907 terram
527 1869 741 1921 proventumque
748 1857 808 1920 ejus
819 1872 826 1917 ;
843 1869 870 1907 et
877 1857 1057 1907 inflammabit
1069 1857 1235 1906 fundamenta

253 1924 385 1973 montium
395 1923 409 1942 ''
418 1924 522 1983 (Deutr.
535 1923 615 1972 xxxii.
627 1922 676 1985 aa).

126 2053 225 2118 Talia
243 2064 411 2137 apparent
435 2056 468 2117 in
493 2055 620 2117 mundo
639 2053 814 2136 spirituali,
835 2055 973 2137 quando
992 2055 1154 2118 Divinum
1176 2054 1235 2118 Bo·

124 2168 203 2211 num
228 2159 264 2212 et
285 2149 413 2212 Verum
437 2170 456 2211 e
480 2148 577 2211 caelo
596 2148 774 2211 descendit
797 2169 913 2212 versus
936 2148 1093 2213 inferiora
1115 2151 1169 2225 ibi,
1188 2148 1237 2212 ubi

125 2243 204 2306 mali
224 2253 303 2307 sunt
323 2243 379 2326 qui
399 2243 578 2325 separandi
598 2263 618 2305 a
636 2243 735 2305 bonis
753 2252 789 2306 et
808 2243 1048 2325 dispergendi;
1076 2265 1121 2307 ex
1140 2263 1235 2327 appa·

124 2338 241 2400 rentiis
258 2339 302 2400 ibi
321 2338 379 2400 illa
395 2334 486 2400 dicta
503 2347 593 2401 sunt.
639 2336 685 2400 Et
702 2339 780 2419 quia
795 2338 883 2418 ignis
899 2338 1114 2402 descendens
1133 2358 1236 2403 ecae·

125 2429 176 2500 lis.
196 2432 252 2513 qui
275 2433 308 2494 in
329 2452 388 2494 sua
409 2432 538 2513 origine
557 2441 610 2494 est
630 2430 771 2494 Divinus
791 2431 910 2506 Amor,
931 2442 1092 2516 receptus
1111 2455 1131 2497 a
1149 2432 1237 2496 malis

125 2525 168 2588 ibi
188 2524 225 2587 fit
244 2527 331 2606 ignis
349 2545 563 2599 consumens,
582 2526 658 2588 ideo
678 2526 756 2588 talis
776 2527 863 2607 ignis
883 2527 915 2589 in
932 2526 1051 2589 Verbo
1071 2527 1236 2609 praedica·

126 2631 180 2681 tur
206 2620 249 2682 de
277 2619 442 2701 Jehovah.
489 2619 582 2701 Ignis
611 2620 782 2683 infernalis
810 2640 871 2683 nec
900 2621 1037 2685 aliunde
1064 2632 1118 2685 est
1144 2640 1237 2705 quam

125 2714 272 2777 mutatio
292 2714 404 2776 Divini
426 2714 564 2776 Amoris
588 2715 619 2776 in
640 2734 774 2776 amores
794 2714 903 2777 malos
926 2735 965 2778 ac
990 2717 1024 2778 in
1044 2716 1134 2779 diras
1152 2715 1237 2799 cupi·

126 2808 253 2870 ditates
268 2807 500 2870 malefaciendi
513 2818 548 2871 et
566 2808 720 2871 nocendi.
769 2806 844 2869 Hoc
863 2828 996 2891 quoque
1009 2816 1237 2889 repraesenta·

127 2912 199 2966 tum
218 2911 272 2965 est
292 2922 350 2984 per

176 3038 254 3101 Quod
268 3038 337 3114 ignis
347 3053 365 3164 e)
371 3037 445 3086 caelo
453 3038 579 3099 delapsus
585 3038 784 3099 consumpserit
792 3037 936 3086 Sodomam
944 3046 971 3087 et
979 3037 1160 3086 Gomorrham
1171 3032 1237 3096 (Ges.

259 3118 311 3152 xix.
324 3116 355 3162 2⁴
377 3118 383 3157 ;

177 3169 256 3232 Quod
274 3169 343 3230 ignis
360 3169 558 3229 consumpserit
577 3167 673 3216 Nadab
689 3178 716 3216 et
734 3167 833 3225 Abihu.
849 3167 919 3216 tilios
936 3166 1084 3225 Aharonis,
1099 3167 1161 3232 quia
1177 3165 1239 3215 suffi-

259 3244 354 3282 verunt
367 3235 429 3295 igne
441 3234 531 3281 alieno
543 3233 636 3293 (Laem't.
649 3248 674 3282 ιι.
689 3245 710 3290 1.
721 3233 805 3295 seq.):

130 3389 190 3450 per
211 3367 388 3431 “suffitum
417 3389 461 3430 ex
486 3368 564 3448 igne
587 3366 723 3431 alieno''
746 3365 956 3448 significator
978 3363 1092 3430 cultus
1115 3387 1159 3429 ex
1180 3364 1240 3428 alio

130 3482 245 3525 amore
264 3482 364 3544 quarn
386 3461 542 3525 Domini:
568 3472 641 3524 tum

178 3596 256 3658 Quod
266 3595 336 3656 ignis
346 3595 544 3657 consumpserit
553 3595 749 3644 extremitatem
759 3604 907 3643 castrorum
914 3594 1029 3643 liliorum
1040 3591 1159 3652 Israelis,
1170 3606 1241 3657 prop·

260 3670 301 3708 ter
312 3661 544 3722 concupiscentias
557 3674 650 3708 eorum
660 3661 755 3719 (Num.
765 3660 801 3709 xi.
816 3661 880 3721 1-3).

131 3782 247 3847 Simile
266 3795 538 3867 representatum
558 3794 611 3847 est
632 3805 691 3866 per
708 3784 799 3866 quod

179 3906 307 3970 Aegyptii
320 3908 346 3955 in
362 3906 431 3955 Mari
447 3907 519 3969 Suph
533 3908 669 3969 perierint.
680 3907 787 3970 quando
799 3906 922 3971 Jehovah
932 3908 1071 3969 prospexit
1080 3923 1115 3957 ex
1126 3908 1244 3957 colomna

261 3974 332 4034 ignis
347 3983 374 4021 et
387 3974 466 4021 nubis
479 3974 513 4021 ad
525 3983 614 4021 castra
623 3987 715 4020 eorum
725 3973 818 4032 (Exod.
828 3973 882 4022 xiv.
892 3975 1000 4034 24-27):

133 4104 223 4186 quod
248 4105 304 4167 ille
324 4107 411 4186 ignis
435 4107 467 4168 in
488 4127 547 4168 sua
566 4107 696 4187 origine
715 4105 813 4168 suerit
838 4105 979 4168 Divinus
999 4106 1111 4171 Amor
1134 4106 1243 4171 lucens

131 4219 245 4262 coram
266 4199 340 4262 filiis
361 4201 495 4262 Israelis
519 4203 551 4262 in
572 4198 835 4282 prolei‘tionibus
854 4221 981 4275 eorum,
1003 4211 1038 4264 et
1063 4222 1164 4285 super
1181 4199 1243 4264 Ta·

131 4295 314 4357 bernaculo
333 4305 488 4376 tempore
508 4293 627 4369 nodis,
649 4316 748 4377 supra
771 4297 803 4358 in
827 4295 892 4359 hoc
912 4296 1057 4359 articulo
1075 4309 1244 4360 ostensum

130 4398 204 4466 est;
232 4399 268 4453 at
288 4409 392 4471 usque
412 4387 568 4470 aspectus
589 4390 667 4452 inde
686 4410 705 4452 a
728 4388 883 4470 Jehovah
906 4410 1043 4472 prorsus
1067 4392 1243 4456 conturba·
