2684 4988
116 450 180 553 ἢὸ
418 450 674 538 'inmaturus
696 466 922 536 axrmclra.

114 654 198 719 llaec
214 651 306 718 dieta
323 663 402 717 sunt
417 652 461 718 de
480 654 639 727 Domino,
656 673 695 717 ac
712 653 755 716 de
773 652 870 716 caelo
886 661 923 716 et
942 651 1091 715 ecclesia
1111 651 1228 734 Ipsius}

116 768 194 811 narn
219 769 278 831 per
302 749 527 823 “Davidem,”
550 749 592 812 de
615 768 682 831 quo
703 749 748 811 ibi
772 749 807 810 in
829 766 930 810 sensu
954 747 1094 810 litterae
1118 747 1226 828 agitur:

89 905 93 913 ,
114 840 320 921 intelligitur
331 840 500 903 Dominus
510 853 848 919 (udatusupramosn
867 859 928 920 per
940 845 1091 900 “semen
1104 836 1223 919 ipsius*

115 933 205 1013 quod
223 934 255 994 in
272 943 447 996 aeternum
463 936 537 1007 erit,
551 931 759 1014 significatur
775 931 934 993 Divinum
951 930 1094 1003 Verum,
1107 941 1140 994 et
1152 952 1217 1012 quo

115 1047 179 1108 que
203 1026 435 1107 significantur
455 1028 501 1089 illi
521 1028 575 1109 qui
599 1028 631 1089 id
655 1027 837 1108 recipiunt;
861 1034 920 1106 per
941 1025 1129 1086 “thronum
1150 1023 1212 1104 Ejus

114 1124 169 1204 qui
196 1123 283 1184 sicut
310 1120 361 1183 sol
389 1140 502 1184 coram
532 1120 611 1183 Me”
634 1119 842 1201 significatur
868 1118 1002 1182 caelum
1031 1129 1065 1181 et
1092 1117 1208 1181 ecclesie

115 1215 232 1298 ipsius,
252 1236 336 1297 quae
354 1218 387 1277 in
403 1215 494 1278 bono
509 1215 648 1278 caelesti
664 1225 754 1286 sunt,
770 1214 860 1296 quod
878 1224 931 1275 est
948 1213 1075 1275 bonum
1089 1212 1206 1288 amoris:

114 1330 173 1391 per
187 1319 205 1340 ¹¹
215 1311 373 1372 thronum
388 1310 443 1391 qui
456 1310 541 1371 sicut
555 1309 634 1370 luna
645 1307 758 1369 firmus
771 1309 804 1368 in
817 1318 993 1369 aeternum
1002 1305 1018 1329 ”
1030 1305 1204 1387 significatur

116 1404 246 1467 caelum
266 1415 300 1466 et
320 1402 465 1466 ecclesia
482 1423 569 1486 quae
590 1404 623 1464 in
647 1404 739 1465 bono
756 1400 930 1483 spirituali,
950 1401 1042 1482 quod
1064 1412 1113 1463 est
1134 1400 1200 1463 Diti·

116 1515 195 1560 num
216 1498 364 1573 Verum;
387 1516 446 1578 per
463 1505 617 1559 “testem
636 1497 669 1558 in
689 1497 831 1558 nubibus
849 1494 985 1557 fidelem
994 1493 1010 1519 ”
1029 1493 1200 1576 significatu

115 1591 266 1654 Verbum
295 1592 328 1652 in
352 1610 452 1654 sensu
479 1590 623 1664 litterae,
648 1591 739 1672 quod
763 1588 912 1672 “testis''
935 1600 1077 1652 vocatur
1096 1584 1197 1670 quitid

115 1697 261 1750 testatur
273 1707 281 1762 ;
300 1692 319 1716 “
329 1686 434 1748 nubes
442 1685 457 1708 ”
469 1697 522 1748 est
535 1704 653 1747 sensus
667 1684 802 1747 litterae
815 1683 930 1746 Verbi.
961 1683 1066 1766 Apud
1077 1682 1196 1753 eunden.

166 1837 336 1887 “Timebunt
349 1837 389 1887 'le
400 1818 460 1888 euni
473 1838 544 1896 Sole,
558 1847 584 1887 et
598 1853 688 1886 eoram
708 1837 783 1887 Luna
796 1838 935 1951 {eucratio
949 1837 1194 1899 generationum...

244 1903 348 1952 florebit
362 1902 390 1951 in
402 1898 522 1952 ¹¹1diebus
534 1903 592 1964 ejus
603 1900 700 1965 justus.
714 1913 741 1952 et
753 1918 798 1951 mu
809 1914 837 1951 ta
850 1917 901 1964 pax
913 1916 999 1966 usque
1011 1904 1073 1951 dum
1085 1916 1132 1950 non
1143 1899 1196 1948 tua:

249 1969 360 2018 ....erit
370 1983 469 2017 nomen
484 1968 571 2030 ipsius
583 1970 609 2016 in
620 1979 776 2024 aeternum:
793 1982 882 2019 coram
895 1967 959 2017 Sole
971 1983 1070 2017 nornen
1084 1967 1134 2016 Filii
1142 1965 1197 2013 tube

244 2035 298 2093 bit;
316 2042 342 2082 et
354 2034 545 2084 benedicentur
557 2035 584 2083 in
599 2033 638 2082 Eo
649 2048 745 2083 omnes
756 2043 852 2095 gentes
859 2031 874 2050 '⁹
886 2032 943 2095 (Ps.
955 2033 1029 2083 lxxii.
1042 2046 1064 2094 5,
1076 2045 1097 2092 7,
1110 2034 1152 2092 η);
1189 2080 1191 2085 ,

114 2180 197 2243 haec
214 2200 347 2262 quoque
364 2176 454 2242 dina
469 2190 546 2243 sunt
563 2180 606 2242 de
625 2179 784 2253 Domino,
803 2198 880 2241 nam
900 2180 1014 2260 agitur
1029 2180 1061 2241 in
1079 2188 1143 2241 toto
1157 2171 1196 2237 1113Ι

114 2273 246 2357 psalmo
263 2273 306 2336 de
326 2273 424 2354 Ipso;
447 2283 483 2336 et
498 2275 575 2355 quia
592 2273 757 2335 Dominus
776 2274 809 2336 in
826 2272 921 2336 caelo
938 2283 1077 2355 apparet
1095 2272 1147 2334 illis
1158 2266 1196 2349 qui

113 2366 147 2433 in
163 2367 304 2431 caelesti
319 2387 426 2448 regno
439 2367 546 2450 Ipsius
564 2379 599 2430 ut
616 2366 685 2439 Sol,
699 2377 734 2430 et
751 2368 883 2449 illisqui
899 2369 932 2430 in
949 2366 1108 2449 spirituali
1121 2378 1197 2445 reguo

114 2462 222 2543 Ipsius
246 2471 282 2524 ut
306 2461 413 2536 Luna,
437 2462 514 2524 ideo
537 2461 886 2537 dicitur,“Tirnebunt
909 2461 960 2524 Te
985 2481 1060 2524 curn
1082 2459 1157 2530 Sole,
1172 2458 1196 2517 el

114 2560 227 2617 eoram
256 2554 353 2616 Luna
379 2557 556 2637 generatio
578 2557 836 2636 generationum
848 2555 875 2617 :''
897 2557 988 2638 quod
1014 2553 1156 2617 “florebit
1174 2548 1197 2610 in

114 2650 168 2712 die
187 2649 245 2711 illo
259 2649 378 2729 justus¹
399 2660 434 2712 et
454 2650 561 2713 multa
580 2671 648 2731 pax
670 2651 872 2732 usquedum
892 2670 961 2712 non
981 2648 1086 2722 luna‚'’
1103 2638 1196 2727 signil-

115 2754 210 2806 catur
229 2744 319 2824 quod
339 2744 394 2824 qui
416 2744 584 2806 inaniore
607 2745 640 2806 in
665 2744 848 2807 Dominum
867 2756 958 2818 sunt,
978 2756 1075 2807 erunt
1092 2746 1121 2805 in
1136 2736 1196 2801 veris

113 2858 157 2900 ex
174 2837 232 2899 illo
249 2839 349 2911 bono,
365 2856 442 2900 narn
456 2859 535 2900 vera
550 2839 639 2919 apud
655 2838 732 2900 illos
745 2839 800 2920 qui
814 2840 848 2901 in
864 2859 972 2920 regno
989 2838 1120 2901 caelesti
1132 2839 1195 2902 sunl·

112 2938 171 2994 s'eu
183 2933 238 3013 qui
255 2932 288 2993 in
301 2951 415 2994 amore
432 2933 464 2993 in
479 2931 673 3005 Dominum,
687 2932 752 2995 illis
765 2934 864 2995 insita
877 2943 977 3010 sunt;
1004 2932 1104 3014 “justi
1111 2930 1124 2953 ”
1133 2924 1196 2990 enin

112 3024 268 3107 dicuntur
284 3027 339 3108 qui
358 3027 391 3087 in
410 3024 502 3089 bono
518 3027 652 3099 amoris
669 3037 705 3090 et
722 3033 819 3110 “pax
828 3026 843 3051 '’
859 3026 981 3091 dicitur
997 3028 1040 3090 de
1056 3026 1110 3089 illo
1123 3022 1195 3086 bonu.

114 3114 196 3203 (Sed
225 3132 260 3183 ut
288 3121 413 3183 sciatur
440 3120 613 3202 quomodo
638 3120 701 3184 hoc
730 3120 992 3203 intelligendum
1021 3133 1081 3194 est,
1108 3122 1195 3195 nempe
1233 3146 1236 3181 :

113 3212 132 3297 ’ᾗ
141 3234 245 3294 usque
264 3214 343 3275 dum
364 3233 430 3276 non
455 3213 562 3288 luna,”
581 3214 731 3278 dicetur:
756 3210 816 3277 lux
835 3216 1025 3296 procedens
1043 3236 1063 3278 a
1083 3207 1195 3277 Donin

111 3306 147 3370 rit
168 3305 247 3370 Sole
265 3307 374 3371 differt
393 3328 413 3371 a
432 3306 506 3370 luce
525 3329 611 3391 quae
634 3308 788 3391 procedit
807 3326 827 3372 a
850 3309 1000 3372 Domino
1020 3320 1055 3372 ut
1078 3308 1157 3371 Lura
1171 3287 1194 3361 ll
1230 3326 1236 3371 t

112 3401 224 3474 caelis,
236 3402 322 3464 sicut
333 3402 391 3464 lux
402 3402 483 3464 solis
496 3403 528 3465 in
540 3403 666 3466 mundo
676 3404 821 3466 interdiu
834 3424 853 3466 a
866 3402 940 3466 luce
953 3404 1051 3467 lunae
1061 3405 1093 3467 in
1103 3392 1195 3465 mundi
1233 3430 1236 3481 5

113 3491 234 3573 nodiu;
259 3496 411 3559 similiter
427 3496 654 3577 intelligentia
671 3497 804 3560 illorum
821 3499 876 3580 qui
895 3499 928 3560 in
949 3498 1024 3562 luce
1042 3497 1123 3563 Solis
1136 3483 1196 3556 caeli

111 3602 188 3652 sunt
212 3592 255 3652 ab
278 3591 504 3672 intelligentia
527 3591 658 3654 illorum
683 3593 738 3674 qui
765 3593 799 3655 in
827 3592 901 3655 luce
925 3593 1043 3657 Lunae
1065 3594 1107 3656 ibi
1125 3592 1199 3655 sunt}

110 3705 213 3767 quare
235 3684 282 3746 illi
305 3686 416 3766 quiin
441 3685 514 3748 luce
539 3684 626 3749 Solis
649 3686 693 3749 ibi
716 3697 805 3761 sunt,
828 3688 860 3749 in
885 3687 1010 3750 Divino
1034 3687 1120 3751 Vero
1138 3691 1200 3771 pilli

110 3790 209 3857 sunt;
233 3790 268 3841 at
285 3778 332 3840 illi
348 3780 403 3861 qui
419 3781 451 3842 in
470 3779 543 3843 luce
561 3779 678 3844 Lunae
695 3780 737 3844 ibi
754 3793 843 3856 sunt,
861 3782 894 3844 in
912 3781 1037 3845 Divino
1053 3772 1137 3845 Vero
1150 3784 1204 3840 non

110 3894 193 3957 puro
216 3883 305 3947 sunt,
329 3886 408 3937 sunt
431 3876 521 3937 enim
549 3877 581 3937 in
609 3875 723 3939 multis
750 3874 841 3939 salsis
866 3898 952 3959 quae
980 3885 1148 3941 traxerunt
1169 3877 1209 3929 θ*

110 3988 177 4031 non
196 3965 373 4030 intelletto
390 3967 495 4032 Verbi
514 3990 613 4032 sensu
633 3969 778 4044 litterae,
796 3993 881 4053 quae
900 3971 984 4034 salsa
1003 3993 1105 4054 usque
1121 3978 1215 4051 appa·

108 4073 184 4125 rent
201 4062 247 4124 eis
264 4062 350 4124 sicut
364 4083 461 4125 vera:
487 4084 530 4126 ex
549 4064 599 4126 his
616 4075 773 4128 constare
790 4077 904 4146 potest
918 4067 1009 4148 quod
1026 4087 1084 4148 per
1098 4061 1222 4144 “usque

109 4157 189 4218 dum
217 4176 284 4218 non
312 4155 413 4218 luna”
436 4157 642 4237 significetur
668 4180 771 4240 usque
799 4161 879 4222 dutn
907 4161 997 4242 apud
1025 4160 1101 4223 illos
1127 4130 1231 4242 [nosti

108 4248 226 4313 falsum
243 4271 409 4332 apparens
425 4252 511 4315 sicut
528 4273 653 4326 verum,
668 4255 727 4315 sed
744 4275 858 4316 verum
876 4276 1005 4337 purum,
1019 4258 1109 4338 quod
1125 4245 1236 4318 unusn

108 4344 186 4407 facit
206 4365 280 4407 curn
301 4347 391 4408 bono
409 4348 542 4409 amoris.
587 4346 653 4409 Sed
673 4348 846 4410 sciendum
866 4360 917 4411 est
937 4350 1029 4431 quod
1048 4350 1131 4413 l'alsa
1148 4349 1236 4412 illo'

108 4458 181 4501 rum
196 4441 252 4521 qui
270 4441 303 4501 in
323 4440 447 4503 lumine
464 4441 580 4504 Lunae
596 4443 629 4503 in
647 4442 747 4504 caelis
764 4455 853 4518 sunt,
869 4445 937 4507 sint
956 4445 1040 4508 salsa
1057 4448 1089 4510 in
1107 4447 1230 4531 quibrfi
