<?xml version="1.0" encoding="UTF-8"?>
<!DOCTYPE html PUBLIC "-//W3C//DTD XHTML 1.0 Transitional//EN"
    "http://www.w3.org/TR/xhtml1/DTD/xhtml1-transitional.dtd">
<html xmlns="http://www.w3.org/1999/xhtml" xml:lang="en" lang="en">
 <head>
  <title>
</title>
<meta http-equiv="Content-Type" content="text/html;charset=utf-8" />
  <meta name='ocr-system' content='tesseract 3.04.00' />
  <meta name='ocr-capabilities' content='ocr_page ocr_carea ocr_par ocr_line ocrx_word'/>
</head>
<body>
  <div class='ocr_page' id='page_1' title='image "./apocalypsisexpl00swedgoog_0430.png"; bbox 0 0 2684 4988; ppageno 0'>
   <div class='ocr_carea' id='block_1_1' title="bbox 111 489 919 559">
    <p class='ocr_par' dir='ltr' id='par_1_1' title="bbox 111 489 919 559">
     <span class='ocr_line' id='line_1_1' title="bbox 111 489 919 559; baseline 0.002 -21"><span class='ocrx_word' id='word_1_1' title='bbox 111 491 193 559; x_wconf 81' lang='lat'>1094</span> <span class='ocrx_word' id='word_1_2' title='bbox 419 489 670 541; x_wconf 79' lang='lat' dir='ltr'>APOCALYPSIS</span> <span class='ocrx_word' id='word_1_3' title='bbox 692 490 919 540; x_wconf 78' lang='lat' dir='ltr'><strong>EXPLICATA.</strong></span> 
     </span>
    </p>
   </div>
   <div class='ocr_carea' id='block_1_2' title="bbox 108 655 1173 825">
    <p class='ocr_par' dir='ltr' id='par_1_2' title="bbox 108 655 1173 825">
     <span class='ocr_line' id='line_1_2' title="bbox 169 655 1173 740; baseline -0.002 -21"><span class='ocrx_word' id='word_1_4' title='bbox 169 656 231 739; x_wconf 72' lang='lat' dir='ltr'>[n]</span> <span class='ocrx_word' id='word_1_5' title='bbox 263 655 434 737; x_wconf 87' lang='lat' dir='ltr'><strong>Quoniam</strong></span> <span class='ocrx_word' id='word_1_6' title='bbox 453 657 598 721; x_wconf 90' lang='lat' dir='ltr'>Reuben</span> <span class='ocrx_word' id='word_1_7' title='bbox 617 658 901 740; x_wconf 80' lang='lat' dir='ltr'>repraesentabat</span> <span class='ocrx_word' id='word_1_8' title='bbox 920 677 1037 720; x_wconf 87' lang='lat' dir='ltr'>verum</span> <span class='ocrx_word' id='word_1_9' title='bbox 1052 678 1092 720; x_wconf 89' lang='lat' dir='ltr'>ex</span> <span class='ocrx_word' id='word_1_10' title='bbox 1105 656 1173 726; x_wconf 87' lang='lat' dir='ltr'>bono,</span> 
     </span>
     <span class='ocr_line' id='line_1_3' title="bbox 108 748 766 825; baseline 0.002 -14"><span class='ocrx_word' id='word_1_11' title='bbox 108 769 167 812; x_wconf 92' lang='lat' dir='ltr'>seu</span> <span class='ocrx_word' id='word_1_12' title='bbox 185 748 286 812; x_wconf 84' lang='lat' dir='ltr'>fidem</span> <span class='ocrx_word' id='word_1_13' title='bbox 305 769 350 812; x_wconf 89' lang='lat' dir='ltr'>ex</span> <span class='ocrx_word' id='word_1_14' title='bbox 370 750 547 825; x_wconf 84' lang='lat' dir='ltr'>charitate,</span> <span class='ocrx_word' id='word_1_15' title='bbox 567 750 645 813; x_wconf 90' lang='lat' dir='ltr'>ideo</span> <span class='ocrx_word' id='word_1_16' title='bbox 662 750 766 813; x_wconf 91' lang='lat' dir='ltr'>etiam</span> 
     </span>
    </p>
   </div>
   <div class='ocr_carea' id='block_1_3' title="bbox 157 882 1228 1076">
    <p class='ocr_par' dir='ltr' id='par_1_3' title="bbox 157 882 1228 1076">
     <span class='ocr_line' id='line_1_4' title="bbox 157 882 1228 948; baseline -0.005 -16"><span class='ocrx_word' id='word_1_17' title='bbox 157 882 207 932; x_wconf 86' lang='lat' dir='ltr'>Ille</span> <span class='ocrx_word' id='word_1_18' title='bbox 218 883 375 932; x_wconf 80' lang='lat' dir='ltr'>exhortatus</span> <span class='ocrx_word' id='word_1_19' title='bbox 387 893 428 932; x_wconf 86' lang='lat' dir='ltr'>est</span> <span class='ocrx_word' id='word_1_20' title='bbox 440 883 536 932; x_wconf 79' lang='lat' dir='ltr'>iratres</span> <span class='ocrx_word' id='word_1_21' title='bbox 548 897 624 942; x_wconf 80' lang='lat' dir='ltr'>suos,</span> <span class='ocrx_word' id='word_1_22' title='bbox 633 899 668 932; x_wconf 82' lang='lat' dir='ltr'>ne</span> <span class='ocrx_word' id='word_1_23' title='bbox 677 884 828 932; x_wconf 67' lang='lat' dir='ltr'>oteidnent</span> <span class='ocrx_word' id='word_1_24' title='bbox 837 883 995 948; x_wconf 82' lang='lat' dir='ltr'>Josephum,</span> <span class='ocrx_word' id='word_1_25' title='bbox 1007 884 1094 933; x_wconf 83' lang='lat' dir='ltr'>volens</span> <span class='ocrx_word' id='word_1_26' title='bbox 1103 883 1178 932; x_wconf 79' lang='lat' dir='ltr'>liberare</span> <span class='ocrx_word' id='word_1_27' title='bbox 1225 890 1228 927; x_wconf 84' lang='grc'><strong>;</strong></span> 
     </span>
     <span class='ocr_line' id='line_1_5' title="bbox 238 948 1180 1013; baseline -0.001 -17"><span class='ocrx_word' id='word_1_28' title='bbox 238 948 313 996; x_wconf 86' lang='lat' dir='ltr'>illurn</span> <span class='ocrx_word' id='word_1_29' title='bbox 326 963 341 996; x_wconf 89' lang='lat' dir='ltr'>e</span> <span class='ocrx_word' id='word_1_30' title='bbox 353 962 435 997; x_wconf 83' lang='lat' dir='ltr'>manu</span> <span class='ocrx_word' id='word_1_31' title='bbox 447 963 555 998; x_wconf 87' lang='lat' dir='ltr'>eorum:</span> <span class='ocrx_word' id='word_1_32' title='bbox 574 958 601 997; x_wconf 90' lang='lat' dir='ltr'>et</span> <span class='ocrx_word' id='word_1_33' title='bbox 613 949 690 997; x_wconf 80' lang='lat' dir='ltr'>valde</span> <span class='ocrx_word' id='word_1_34' title='bbox 703 949 788 997; x_wconf 86' lang='lat' dir='ltr'>doluit</span> <span class='ocrx_word' id='word_1_35' title='bbox 800 964 860 997; x_wconf 87' lang='lat' dir='ltr'>curn</span> <span class='ocrx_word' id='word_1_36' title='bbox 872 948 1009 1013; x_wconf 79' lang='lat' dir='ltr'>Josepbus</span> <span class='ocrx_word' id='word_1_37' title='bbox 1027 964 1077 997; x_wconf 83' lang='lat' dir='ltr'>noo</span> <span class='ocrx_word' id='word_1_38' title='bbox 1094 949 1180 998; x_wconf 81' lang='lat' dir='ltr'>iurentur</span> 
     </span>
     <span class='ocr_line' id='line_1_6' title="bbox 238 1012 847 1076; baseline 0.002 -15"><span class='ocrx_word' id='word_1_39' title='bbox 238 1022 280 1061; x_wconf 83' lang='lat' dir='ltr'>est</span> <span class='ocrx_word' id='word_1_40' title='bbox 293 1013 320 1061; x_wconf 89' lang='lat' dir='ltr'>in</span> <span class='ocrx_word' id='word_1_41' title='bbox 334 1012 413 1062; x_wconf 81' lang='lat' dir='ltr'>lovea</span> <span class='ocrx_word' id='word_1_42' title='bbox 424 1013 524 1073; x_wconf 78' lang='lat' dir='ltr'>(Gener.</span> <span class='ocrx_word' id='word_1_43' title='bbox 534 1015 633 1063; x_wconf 82' lang='lat' dir='ltr'>xxxvii.</span> <span class='ocrx_word' id='word_1_44' title='bbox 647 1026 686 1071; x_wconf 68' lang='grc' dir='ltr'>ιι,</span> <span class='ocrx_word' id='word_1_45' title='bbox 699 1026 741 1072; x_wconf 79' lang='lat' dir='ltr'>aa,</span> <span class='ocrx_word' id='word_1_46' title='bbox 752 1026 792 1076; x_wconf 79' lang='lat'>²9·</span> <span class='ocrx_word' id='word_1_47' title='bbox 805 1014 847 1075; x_wconf 77' lang='lat'>³⁰)</span> 
     </span>
    </p>
   </div>
   <div class='ocr_carea' id='block_1_4' title="bbox 28 1152 1183 1395">
    <p class='ocr_par' dir='ltr' id='par_1_4' title="bbox 28 1152 1183 1395">
     <span class='ocr_line' id='line_1_7' title="bbox 108 1152 1182 1214; baseline -0.002 -15"><span class='ocrx_word' id='word_1_48' title='bbox 108 1158 182 1214; x_wconf 83' lang='lat' dir='ltr'>(qnae</span> <span class='ocrx_word' id='word_1_49' title='bbox 190 1156 261 1200; x_wconf 83' lang='lat' dir='ltr'>etiarn</span> <span class='ocrx_word' id='word_1_50' title='bbox 270 1156 388 1213; x_wconf 80' lang='lat' dir='ltr'>explioata</span> <span class='ocrx_word' id='word_1_51' title='bbox 394 1156 550 1200; x_wconf 75' lang='lat' dir='ltr'>videanturin</span> <span class='ocrx_word' id='word_1_52' title='bbox 557 1156 662 1201; x_wconf 74' lang='lat' dir='ltr'>Ananis</span> <span class='ocrx_word' id='word_1_53' title='bbox 671 1156 819 1207; x_wconf 77' lang='lat' dir='ltr'>Caelertt&#39;bus.</span> <span class='ocrx_word' id='word_1_54' title='bbox 827 1169 851 1202; x_wconf 87' lang='lat' dir='ltr'>u.</span> <span class='ocrx_word' id='word_1_55' title='bbox 858 1158 1005 1213; x_wconf 69' lang='grc'>4731-4738,</span> <span class='ocrx_word' id='word_1_56' title='bbox 1011 1163 1034 1200; x_wconf 86' lang='lat' dir='ltr'>et</span> <span class='ocrx_word' id='word_1_57' title='bbox 1041 1152 1182 1211; x_wconf 64' lang='lat' dir='ltr'>nult-47⁶⁶)-</span> 
     </span>
     <span class='ocr_line' id='line_1_8' title="bbox 28 1225 1183 1308; baseline -0.003 -20"><span class='ocrx_word' id='word_1_58' title='bbox 28 1248 32 1259; x_wconf 65' lang='grc'><strong>“</strong></span> <span class='ocrx_word' id='word_1_59' title='bbox 109 1227 278 1308; x_wconf 85' lang='lat' dir='ltr'>Quoniam</span> <span class='ocrx_word' id='word_1_60' title='bbox 299 1225 493 1300; x_wconf 83' lang='lat' dir='ltr'>“Reuben”</span> <span class='ocrx_word' id='word_1_61' title='bbox 513 1247 572 1289; x_wconf 84' lang='lat' dir='ltr'>seu</span> <span class='ocrx_word' id='word_1_62' title='bbox 594 1228 702 1289; x_wconf 85' lang='lat' dir='ltr'>tribus</span> <span class='ocrx_word' id='word_1_63' title='bbox 719 1227 788 1307; x_wconf 86' lang='lat' dir='ltr'>ejus</span> <span class='ocrx_word' id='word_1_64' title='bbox 811 1226 1025 1308; x_wconf 83' lang='lat' dir='ltr'>significabat</span> <span class='ocrx_word' id='word_1_65' title='bbox 1043 1245 1139 1290; x_wconf 89' lang='lat' dir='ltr'>verum</span> <span class='ocrx_word' id='word_1_66' title='bbox 1155 1243 1183 1287; x_wconf 88' lang='lat' dir='ltr'>ex</span> 
     </span>
     <span class='ocr_line' id='line_1_9' title="bbox 109 1318 753 1395; baseline -0.003 -10"><span class='ocrx_word' id='word_1_67' title='bbox 109 1323 197 1385; x_wconf 90' lang='lat' dir='ltr'>bono</span> <span class='ocrx_word' id='word_1_68' title='bbox 216 1340 275 1382; x_wconf 93' lang='lat' dir='ltr'>seu</span> <span class='ocrx_word' id='word_1_69' title='bbox 292 1318 393 1382; x_wconf 89' lang='lat' dir='ltr'>fidem</span> <span class='ocrx_word' id='word_1_70' title='bbox 412 1341 457 1382; x_wconf 84' lang='lat' dir='ltr'>ex</span> <span class='ocrx_word' id='word_1_71' title='bbox 476 1322 653 1395; x_wconf 81' lang='lat' dir='ltr'>charitate,</span> <span class='ocrx_word' id='word_1_72' title='bbox 673 1321 753 1383; x_wconf 89' lang='lat' dir='ltr'>ideo</span> 
     </span>
    </p>
   </div>
   <div class='ocr_carea' id='block_1_5' title="bbox 157 1460 1184 1589">
    <p class='ocr_par' dir='ltr' id='par_1_5' title="bbox 157 1460 1184 1589">
     <span class='ocr_line' id='line_1_10' title="bbox 157 1460 1184 1520; baseline -0.004 -8"><span class='ocrx_word' id='word_1_73' title='bbox 157 1460 253 1512; x_wconf 84' lang='lat' dir='ltr'>Castra</span> <span class='ocrx_word' id='word_1_74' title='bbox 266 1463 338 1511; x_wconf 85' lang='lat' dir='ltr'>iilius</span> <span class='ocrx_word' id='word_1_75' title='bbox 349 1463 433 1512; x_wconf 82' lang='lat' dir='ltr'>tribus</span> <span class='ocrx_word' id='word_1_76' title='bbox 448 1463 475 1511; x_wconf 90' lang='lat' dir='ltr'>in</span> <span class='ocrx_word' id='word_1_77' title='bbox 488 1464 598 1512; x_wconf 86' lang='lat' dir='ltr'>deserto</span> <span class='ocrx_word' id='word_1_78' title='bbox 608 1473 684 1512; x_wconf 84' lang='lat' dir='ltr'>erant</span> <span class='ocrx_word' id='word_1_79' title='bbox 695 1463 729 1511; x_wconf 81' lang='lat' dir='ltr'>ad</span> <span class='ocrx_word' id='word_1_80' title='bbox 741 1464 891 1520; x_wconf 84' lang='lat' dir='ltr'>meridiem,</span> <span class='ocrx_word' id='word_1_81' title='bbox 905 1474 932 1512; x_wconf 86' lang='lat' dir='ltr'>et</span> <span class='ocrx_word' id='word_1_82' title='bbox 944 1475 1031 1513; x_wconf 83' lang='lat' dir='ltr'>castra</span> <span class='ocrx_word' id='word_1_83' title='bbox 1042 1464 1074 1512; x_wconf 84' lang='lat' dir='ltr'>ad</span> <span class='ocrx_word' id='word_1_84' title='bbox 1085 1463 1184 1511; x_wconf 79' lang='lat' dir='ltr'>meridiem</span> 
     </span>
     <span class='ocr_line' id='line_1_11' title="bbox 238 1527 964 1589; baseline 0.001 -14"><span class='ocrx_word' id='word_1_85' title='bbox 238 1529 404 1576; x_wconf 89' lang='lat' dir='ltr'>vocabantur</span> <span class='ocrx_word' id='word_1_86' title='bbox 414 1530 525 1577; x_wconf 77' lang='lat' dir='ltr'>&#39;‘eastra</span> <span class='ocrx_word' id='word_1_87' title='bbox 539 1528 675 1577; x_wconf 84' lang='lat' dir='ltr'>Reubenis</span> <span class='ocrx_word' id='word_1_88' title='bbox 684 1527 698 1546; x_wconf 75' lang='lat'>&#39;⁹</span> <span class='ocrx_word' id='word_1_89' title='bbox 710 1529 804 1589; x_wconf 79' lang='lat' dir='ltr'>(Num.</span> <span class='ocrx_word' id='word_1_90' title='bbox 816 1529 843 1578; x_wconf 91' lang='lat' dir='ltr'>ii.</span> <span class='ocrx_word' id='word_1_91' title='bbox 856 1531 964 1589; x_wconf 81' lang='lat' dir='ltr'>ro-16);</span> 
     </span>
    </p>
   </div>
   <div class='ocr_carea' id='block_1_6' title="bbox 107 1668 1187 2593">
    <p class='ocr_par' dir='ltr' id='par_1_6' title="bbox 107 1668 1187 2593">
     <span class='ocr_line' id='line_1_12' title="bbox 108 1668 1186 1750; baseline -0.006 -19"><span class='ocrx_word' id='word_1_92' title='bbox 108 1670 426 1732; x_wconf 88' lang='lat' dir='ltr'>castrametationes</span> <span class='ocrx_word' id='word_1_93' title='bbox 448 1671 537 1732; x_wconf 91' lang='lat' dir='ltr'>enim</span> <span class='ocrx_word' id='word_1_94' title='bbox 561 1671 707 1732; x_wconf 89' lang='lat' dir='ltr'>tribuum</span> <span class='ocrx_word' id='word_1_95' title='bbox 731 1668 864 1732; x_wconf 78' lang='lat' dir='ltr'>israelis</span> <span class='ocrx_word' id='word_1_96' title='bbox 887 1673 1186 1750; x_wconf 85' lang='lat' dir='ltr'>repraesentaverunt</span> 
     </span>
     <span class='ocr_line' id='line_1_13' title="bbox 108 1762 1186 1843; baseline -0.006 -19"><span class='ocrx_word' id='word_1_97' title='bbox 108 1764 340 1825; x_wconf 90' lang='lat' dir='ltr'>ordinationes</span> <span class='ocrx_word' id='word_1_98' title='bbox 353 1765 555 1826; x_wconf 88' lang='lat' dir='ltr'>societatum</span> <span class='ocrx_word' id='word_1_99' title='bbox 568 1763 796 1843; x_wconf 86' lang='lat' dir='ltr'>angelicarum</span> <span class='ocrx_word' id='word_1_100' title='bbox 812 1763 844 1824; x_wconf 89' lang='lat' dir='ltr'>in</span> <span class='ocrx_word' id='word_1_101' title='bbox 858 1762 955 1825; x_wconf 91' lang='lat' dir='ltr'>caelo</span> <span class='ocrx_word' id='word_1_102' title='bbox 969 1784 977 1839; x_wconf 89' lang='grc'>;</span> <span class='ocrx_word' id='word_1_103' title='bbox 996 1775 1031 1826; x_wconf 88' lang='lat' dir='ltr'>et</span> <span class='ocrx_word' id='word_1_104' title='bbox 1043 1764 1186 1825; x_wconf 87' lang='lat' dir='ltr'>societates</span> 
     </span>
     <span class='ocr_line' id='line_1_14' title="bbox 107 1851 1185 1938; baseline -0.006 -20"><span class='ocrx_word' id='word_1_105' title='bbox 107 1857 283 1938; x_wconf 84' lang='lat' dir='ltr'>angelicae</span> <span class='ocrx_word' id='word_1_106' title='bbox 299 1858 454 1921; x_wconf 90' lang='lat' dir='ltr'>habitant</span> <span class='ocrx_word' id='word_1_107' title='bbox 474 1860 507 1920; x_wconf 93' lang='lat' dir='ltr'>in</span> <span class='ocrx_word' id='word_1_108' title='bbox 527 1858 637 1938; x_wconf 86' lang='lat' dir='ltr'>plagis</span> <span class='ocrx_word' id='word_1_109' title='bbox 654 1857 839 1920; x_wconf 90' lang='lat' dir='ltr'>secundum</span> <span class='ocrx_word' id='word_1_110' title='bbox 856 1866 966 1920; x_wconf 85' lang='lat' dir='ltr'>status</span> <span class='ocrx_word' id='word_1_111' title='bbox 985 1876 1094 1920; x_wconf 90' lang='lat' dir='ltr'>eorum</span> <span class='ocrx_word' id='word_1_112' title='bbox 1108 1851 1185 1936; x_wconf 87' lang='lat' dir='ltr'>quoad</span> 
     </span>
     <span class='ocr_line' id='line_1_15' title="bbox 108 1946 1186 2031; baseline -0.006 -21"><span class='ocrx_word' id='word_1_113' title='bbox 108 1949 237 2012; x_wconf 91' lang='lat' dir='ltr'>bonum</span> <span class='ocrx_word' id='word_1_114' title='bbox 252 1958 288 2012; x_wconf 91' lang='lat' dir='ltr'>et</span> <span class='ocrx_word' id='word_1_115' title='bbox 307 1969 425 2012; x_wconf 89' lang='lat' dir='ltr'>verum</span> <span class='ocrx_word' id='word_1_116' title='bbox 441 1966 561 2024; x_wconf 72' lang='lat' dir='ltr'>(videatur</span> <span class='ocrx_word' id='word_1_117' title='bbox 570 1978 649 2023; x_wconf 80' lang='lat' dir='ltr'>supra.</span> <span class='ocrx_word' id='word_1_118' title='bbox 661 1978 685 2010; x_wconf 88' lang='lat' dir='ltr'>n.</span> <span class='ocrx_word' id='word_1_119' title='bbox 695 1964 823 2026; x_wconf 81' lang='lat' dir='ltr'>422[a]),</span> <span class='ocrx_word' id='word_1_120' title='bbox 839 1968 879 2010; x_wconf 92' lang='lat' dir='ltr'>ac</span> <span class='ocrx_word' id='word_1_121' title='bbox 896 1949 931 2010; x_wconf 92' lang='lat' dir='ltr'>in</span> <span class='ocrx_word' id='word_1_122' title='bbox 946 1949 1050 2031; x_wconf 84' lang='lat' dir='ltr'>plaga</span> <span class='ocrx_word' id='word_1_123' title='bbox 1064 1946 1186 2010; x_wconf 72' lang='lat' dir='ltr'>meridie</span> 
     </span>
     <span class='ocr_line' id='line_1_16' title="bbox 108 2035 1187 2124; baseline -0.002 -20"><span class='ocrx_word' id='word_1_124' title='bbox 108 2041 176 2104; x_wconf 89' lang='lat' dir='ltr'>nali</span> <span class='ocrx_word' id='word_1_125' title='bbox 198 2042 243 2105; x_wconf 91' lang='lat' dir='ltr'>ibi</span> <span class='ocrx_word' id='word_1_126' title='bbox 266 2042 423 2105; x_wconf 90' lang='lat' dir='ltr'>habitant</span> <span class='ocrx_word' id='word_1_127' title='bbox 446 2044 501 2124; x_wconf 90' lang='lat' dir='ltr'>qui</span> <span class='ocrx_word' id='word_1_128' title='bbox 529 2043 561 2104; x_wconf 90' lang='lat' dir='ltr'>in</span> <span class='ocrx_word' id='word_1_129' title='bbox 585 2041 659 2104; x_wconf 89' lang='lat' dir='ltr'>luce</span> <span class='ocrx_word' id='word_1_130' title='bbox 683 2043 752 2104; x_wconf 90' lang='lat' dir='ltr'>veri</span> <span class='ocrx_word' id='word_1_131' title='bbox 777 2062 822 2104; x_wconf 89' lang='lat' dir='ltr'>ex</span> <span class='ocrx_word' id='word_1_132' title='bbox 849 2041 943 2104; x_wconf 90' lang='lat' dir='ltr'>bono</span> <span class='ocrx_word' id='word_1_133' title='bbox 964 2051 1060 2116; x_wconf 88' lang='lat' dir='ltr'>sunt;</span> <span class='ocrx_word' id='word_1_134' title='bbox 1087 2051 1117 2102; x_wconf 90' lang='lat' dir='ltr'>et</span> <span class='ocrx_word' id='word_1_135' title='bbox 1134 2035 1187 2118; x_wconf 77' lang='lat' dir='ltr'>quia</span> 
     </span>
     <span class='ocr_line' id='line_1_17' title="bbox 109 2135 1186 2217; baseline -0.007 -19"><span class='ocrx_word' id='word_1_136' title='bbox 109 2136 215 2198; x_wconf 87' lang='lat' dir='ltr'>tribus</span> <span class='ocrx_word' id='word_1_137' title='bbox 235 2135 407 2198; x_wconf 85' lang='lat' dir='ltr'>Reubenis</span> <span class='ocrx_word' id='word_1_138' title='bbox 426 2136 703 2217; x_wconf 90' lang='lat' dir='ltr'>repraesentabat</span> <span class='ocrx_word' id='word_1_139' title='bbox 722 2154 838 2198; x_wconf 89' lang='lat' dir='ltr'>verum</span> <span class='ocrx_word' id='word_1_140' title='bbox 856 2155 901 2196; x_wconf 85' lang='lat' dir='ltr'>ex</span> <span class='ocrx_word' id='word_1_141' title='bbox 926 2135 1017 2197; x_wconf 89' lang='lat' dir='ltr'>bono</span> <span class='ocrx_word' id='word_1_142' title='bbox 1034 2155 1089 2197; x_wconf 89' lang='lat' dir='ltr'>seu</span> <span class='ocrx_word' id='word_1_143' title='bbox 1106 2147 1186 2195; x_wconf 85' lang='lat' dir='ltr'>verum</span> 
     </span>
     <span class='ocr_line' id='line_1_18' title="bbox 108 2227 1186 2306; baseline -0.007 -13"><span class='ocrx_word' id='word_1_144' title='bbox 108 2230 141 2293; x_wconf 91' lang='lat' dir='ltr'>in</span> <span class='ocrx_word' id='word_1_145' title='bbox 158 2230 243 2306; x_wconf 92' lang='lat' dir='ltr'>luce,</span> <span class='ocrx_word' id='word_1_146' title='bbox 261 2231 337 2292; x_wconf 92' lang='lat' dir='ltr'>ideo</span> <span class='ocrx_word' id='word_1_147' title='bbox 349 2241 593 2294; x_wconf 88' lang='lat' dir='ltr'>castrametata</span> <span class='ocrx_word' id='word_1_148' title='bbox 606 2239 658 2292; x_wconf 88' lang='lat' dir='ltr'>est</span> <span class='ocrx_word' id='word_1_149' title='bbox 675 2229 781 2292; x_wconf 89' lang='lat' dir='ltr'>tribus</span> <span class='ocrx_word' id='word_1_150' title='bbox 797 2228 969 2291; x_wconf 86' lang='lat' dir='ltr'>Reubenis</span> <span class='ocrx_word' id='word_1_151' title='bbox 985 2230 1027 2291; x_wconf 91' lang='lat' dir='ltr'>ad</span> <span class='ocrx_word' id='word_1_152' title='bbox 1044 2227 1186 2291; x_wconf 86' lang='lat' dir='ltr'>meridien.</span> 
     </span>
     <span class='ocr_line' id='line_1_19' title="bbox 110 2323 1186 2406; baseline -0.005 -19"><span class='ocrx_word' id='word_1_153' title='bbox 110 2324 279 2406; x_wconf 86' lang='lat' dir='ltr'>Quoniam</span> <span class='ocrx_word' id='word_1_154' title='bbox 295 2345 410 2387; x_wconf 92' lang='lat' dir='ltr'>verum</span> <span class='ocrx_word' id='word_1_155' title='bbox 427 2345 471 2386; x_wconf 89' lang='lat' dir='ltr'>ex</span> <span class='ocrx_word' id='word_1_156' title='bbox 489 2325 590 2397; x_wconf 90' lang='lat' dir='ltr'>bono,</span> <span class='ocrx_word' id='word_1_157' title='bbox 607 2324 697 2406; x_wconf 91' lang='lat' dir='ltr'>quod</span> <span class='ocrx_word' id='word_1_158' title='bbox 717 2325 823 2386; x_wconf 91' lang='lat' dir='ltr'>tribus</span> <span class='ocrx_word' id='word_1_159' title='bbox 843 2323 1015 2386; x_wconf 89' lang='lat' dir='ltr'>Reubenis</span> <span class='ocrx_word' id='word_1_160' title='bbox 1034 2337 1186 2405; x_wconf 84' lang='lat' dir='ltr'>repraesen-</span> 
     </span>
     <span class='ocr_line' id='line_1_20' title="bbox 109 2416 1187 2492; baseline -0.011 -10"><span class='ocrx_word' id='word_1_161' title='bbox 109 2419 216 2490; x_wconf 87' lang='lat' dir='ltr'>tabat,</span> <span class='ocrx_word' id='word_1_162' title='bbox 234 2420 335 2481; x_wconf 91' lang='lat' dir='ltr'>estin</span> <span class='ocrx_word' id='word_1_163' title='bbox 353 2418 495 2481; x_wconf 90' lang='lat' dir='ltr'>naturali</span> <span class='ocrx_word' id='word_1_164' title='bbox 513 2419 658 2492; x_wconf 89' lang='lat' dir='ltr'>homine,</span> <span class='ocrx_word' id='word_1_165' title='bbox 675 2418 753 2480; x_wconf 91' lang='lat' dir='ltr'>ideo</span> <span class='ocrx_word' id='word_1_166' title='bbox 771 2418 870 2480; x_wconf 91' lang='lat' dir='ltr'>tribui</span> <span class='ocrx_word' id='word_1_167' title='bbox 888 2416 1060 2480; x_wconf 89' lang='lat' dir='ltr'>Reubenis</span> <span class='ocrx_word' id='word_1_168' title='bbox 1073 2416 1140 2479; x_wconf 90' lang='lat' dir='ltr'>data</span> <span class='ocrx_word' id='word_1_169' title='bbox 1152 2419 1187 2474; x_wconf 85' lang='lat' dir='ltr'>est</span> 
     </span>
     <span class='ocr_line' id='line_1_21' title="bbox 109 2512 595 2593; baseline -0.002 -18"><span class='ocrx_word' id='word_1_170' title='bbox 109 2514 280 2576; x_wconf 89' lang='lat' dir='ltr'>hereditas</span> <span class='ocrx_word' id='word_1_171' title='bbox 300 2523 395 2576; x_wconf 87' lang='lat' dir='ltr'>trans</span> <span class='ocrx_word' id='word_1_172' title='bbox 412 2512 595 2593; x_wconf 90' lang='lat' dir='ltr'>Jordanem</span> 
     </span>
    </p>
   </div>
   <div class='ocr_carea' id='block_1_7' title="bbox 158 2647 1187 2783">
    <p class='ocr_par' dir='ltr' id='par_1_7' title="bbox 158 2647 1187 2783">
     <span class='ocr_line' id='line_1_22' title="bbox 158 2647 1187 2782; baseline -0.005 -79"><span class='ocrx_word' id='word_1_173' title='bbox 158 2655 297 2716; x_wconf 87' lang='lat' dir='ltr'>(Videatur</span> <span class='ocrx_word' id='word_1_174' title='bbox 309 2656 393 2732; x_wconf 60' lang='lat' dir='ltr'>Narra.</span> <span class='ocrx_word' id='word_1_175' title='bbox 404 2656 484 2782; x_wconf 47' lang='lat' dir='ltr'>rgxxii.</span> <span class='ocrx_word' id='word_1_176' title='bbox 499 2667 510 2703; x_wconf 88' lang='lat'>1</span> <span class='ocrx_word' id='word_1_177' title='bbox 524 2656 558 2704; x_wconf 89' lang='lat' dir='ltr'>ad</span> <span class='ocrx_word' id='word_1_178' title='bbox 570 2655 631 2704; x_wconf 76' lang='lat' dir='ltr'>fin:</span> <span class='ocrx_word' id='word_1_179' title='bbox 650 2655 743 2703; x_wconf 83' lang='lat' dir='ltr'>Deutr.</span> <span class='ocrx_word' id='word_1_180' title='bbox 754 2655 790 2703; x_wconf 89' lang='lat' dir='ltr'>iii.</span> <span class='ocrx_word' id='word_1_181' title='bbox 803 2667 897 2703; x_wconf 77' lang='lat' dir='ltr'>ta-ao:</span> <span class='ocrx_word' id='word_1_182' title='bbox 920 2654 1019 2720; x_wconf 73' lang='lat' dir='ltr'>Josuae</span> <span class='ocrx_word' id='word_1_183' title='bbox 1032 2654 1083 2703; x_wconf 83' lang='lat' dir='ltr'>xiii.</span> <span class='ocrx_word' id='word_1_184' title='bbox 1096 2651 1140 2702; x_wconf 82' lang='lat' dir='ltr'>tad</span> <span class='ocrx_word' id='word_1_185' title='bbox 1149 2647 1187 2698; x_wconf 58' lang='lat' dir='ltr'>fiat</span> 
     </span>
     <span class='ocr_line' id='line_1_23' title="bbox 241 2732 436 2783; baseline 0.01 -16"><span class='ocrx_word' id='word_1_186' title='bbox 241 2736 298 2783; x_wconf 87' lang='lat' dir='ltr'>cap.</span> <span class='ocrx_word' id='word_1_187' title='bbox 311 2736 384 2769; x_wconf 83' lang='lat' dir='ltr'>xvrrr.</span> <span class='ocrx_word' id='word_1_188' title='bbox 397 2732 411 2780; x_wconf 92' lang='lat'><strong>7</strong></span> <span class='ocrx_word' id='word_1_189' title='bbox 430 2738 436 2769; x_wconf 77' lang='lat' dir='ltr'><em>z</em></span> 
     </span>
    </p>
   </div>
   <div class='ocr_carea' id='block_1_8' title="bbox 111 2843 1187 4063">
    <p class='ocr_par' dir='ltr' id='par_1_8' title="bbox 111 2843 1187 4063">
     <span class='ocr_line' id='line_1_24' title="bbox 111 2843 1187 2933; baseline -0.004 -20"><span class='ocrx_word' id='word_1_190' title='bbox 111 2864 200 2914; x_wconf 86' lang='lat' dir='ltr'>terra</span> <span class='ocrx_word' id='word_1_191' title='bbox 227 2853 316 2913; x_wconf 92' lang='lat' dir='ltr'>enim</span> <span class='ocrx_word' id='word_1_192' title='bbox 344 2852 482 2915; x_wconf 86' lang='lat' dir='ltr'>Canaan</span> <span class='ocrx_word' id='word_1_193' title='bbox 510 2852 786 2933; x_wconf 88' lang='lat' dir='ltr'>repraesentabat</span> <span class='ocrx_word' id='word_1_194' title='bbox 820 2860 855 2914; x_wconf 91' lang='lat' dir='ltr'>et</span> <span class='ocrx_word' id='word_1_195' title='bbox 885 2851 964 2914; x_wconf 90' lang='lat' dir='ltr'>inde</span> <span class='ocrx_word' id='word_1_196' title='bbox 994 2848 1143 2932; x_wconf 88' lang='lat' dir='ltr'>significat</span> <span class='ocrx_word' id='word_1_197' title='bbox 1165 2843 1187 2904; x_wconf 85' lang='lat' dir='ltr'>in</span> 
     </span>
     <span class='ocr_line' id='line_1_25' title="bbox 111 2939 1187 3026; baseline -0.007 -20"><span class='ocrx_word' id='word_1_198' title='bbox 111 2943 227 3007; x_wconf 90' lang='lat' dir='ltr'>Verbo</span> <span class='ocrx_word' id='word_1_199' title='bbox 251 2945 441 3018; x_wconf 87' lang='lat' dir='ltr'>ecclesiam,</span> <span class='ocrx_word' id='word_1_200' title='bbox 460 2965 498 3007; x_wconf 92' lang='lat' dir='ltr'>ac</span> <span class='ocrx_word' id='word_1_201' title='bbox 523 2947 617 3026; x_wconf 85' lang='lat' dir='ltr'>regio</span> <span class='ocrx_word' id='word_1_202' title='bbox 635 2945 705 3024; x_wconf 90' lang='lat' dir='ltr'>ejus</span> <span class='ocrx_word' id='word_1_203' title='bbox 728 2957 821 3008; x_wconf 88' lang='lat' dir='ltr'>trans</span> <span class='ocrx_word' id='word_1_204' title='bbox 842 2945 1026 3026; x_wconf 91' lang='lat' dir='ltr'>Jordanem</span> <span class='ocrx_word' id='word_1_205' title='bbox 1049 2939 1187 3007; x_wconf 86' lang='lat' dir='ltr'>ecclesian</span> 
     </span>
     <span class='ocr_line' id='line_1_26' title="bbox 111 3038 1187 3120; baseline 0.002 -20"><span class='ocrx_word' id='word_1_206' title='bbox 111 3051 301 3111; x_wconf 83' lang='lat' dir='ltr'>externam,</span> <span class='ocrx_word' id='word_1_207' title='bbox 321 3049 355 3101; x_wconf 89' lang='lat' dir='ltr'>et</span> <span class='ocrx_word' id='word_1_208' title='bbox 377 3041 472 3120; x_wconf 88' lang='lat' dir='ltr'>regio</span> <span class='ocrx_word' id='word_1_209' title='bbox 490 3038 559 3118; x_wconf 87' lang='lat' dir='ltr'>ejus</span> <span class='ocrx_word' id='word_1_210' title='bbox 578 3041 624 3101; x_wconf 90' lang='lat' dir='ltr'>cis</span> <span class='ocrx_word' id='word_1_211' title='bbox 646 3038 828 3119; x_wconf 88' lang='lat' dir='ltr'>Jordanem</span> <span class='ocrx_word' id='word_1_212' title='bbox 848 3040 1026 3102; x_wconf 86' lang='lat' dir='ltr'>ecclesiam</span> <span class='ocrx_word' id='word_1_213' title='bbox 1048 3040 1187 3102; x_wconf 77' lang='lat' dir='ltr'>internam,</span> 
     </span>
     <span class='ocr_line' id='line_1_27' title="bbox 111 3131 1187 3215; baseline -0.004 -19"><span class='ocrx_word' id='word_1_214' title='bbox 111 3147 145 3196; x_wconf 89' lang='lat' dir='ltr'>et</span> <span class='ocrx_word' id='word_1_215' title='bbox 168 3134 334 3215; x_wconf 89' lang='lat' dir='ltr'>Jordanes</span> <span class='ocrx_word' id='word_1_216' title='bbox 354 3134 471 3196; x_wconf 90' lang='lat' dir='ltr'>fluvius</span> <span class='ocrx_word' id='word_1_217' title='bbox 491 3134 633 3197; x_wconf 90' lang='lat' dir='ltr'>limitem</span> <span class='ocrx_word' id='word_1_218' title='bbox 652 3135 740 3197; x_wconf 91' lang='lat' dir='ltr'>inter</span> <span class='ocrx_word' id='word_1_219' title='bbox 763 3133 856 3210; x_wconf 89' lang='lat' dir='ltr'>illas;</span> <span class='ocrx_word' id='word_1_220' title='bbox 879 3154 918 3197; x_wconf 89' lang='lat' dir='ltr'>ac</span> <span class='ocrx_word' id='word_1_221' title='bbox 939 3154 1054 3197; x_wconf 89' lang='lat' dir='ltr'>verum</span> <span class='ocrx_word' id='word_1_222' title='bbox 1072 3153 1112 3196; x_wconf 88' lang='lat' dir='ltr'>ex</span> <span class='ocrx_word' id='word_1_223' title='bbox 1126 3131 1187 3192; x_wconf 76' lang='lat' dir='ltr'>bono</span> 
     </span>
     <span class='ocr_line' id='line_1_28' title="bbox 111 3218 1187 3305; baseline -0.003 -15"><span class='ocrx_word' id='word_1_224' title='bbox 111 3250 169 3292; x_wconf 87' lang='lat' dir='ltr'>seu</span> <span class='ocrx_word' id='word_1_225' title='bbox 193 3228 275 3290; x_wconf 86' lang='lat' dir='ltr'>fides</span> <span class='ocrx_word' id='word_1_226' title='bbox 299 3250 343 3290; x_wconf 89' lang='lat' dir='ltr'>ex</span> <span class='ocrx_word' id='word_1_227' title='bbox 363 3229 527 3290; x_wconf 88' lang='lat' dir='ltr'>charitate</span> <span class='ocrx_word' id='word_1_228' title='bbox 552 3227 630 3290; x_wconf 82' lang='lat' dir='ltr'>lacit</span> <span class='ocrx_word' id='word_1_229' title='bbox 654 3227 852 3305; x_wconf 89' lang='lat' dir='ltr'>ecclesiam;</span> <span class='ocrx_word' id='word_1_230' title='bbox 879 3249 996 3290; x_wconf 91' lang='lat' dir='ltr'>verum</span> <span class='ocrx_word' id='word_1_231' title='bbox 1019 3250 1062 3291; x_wconf 89' lang='lat' dir='ltr'>ex</span> <span class='ocrx_word' id='word_1_232' title='bbox 1080 3229 1151 3290; x_wconf 89' lang='lat' dir='ltr'>bono</span> <span class='ocrx_word' id='word_1_233' title='bbox 1166 3218 1187 3278; x_wconf 75' lang='lat' dir='ltr'>ll</span> 
     </span>
     <span class='ocr_line' id='line_1_29' title="bbox 113 3315 1187 3404; baseline -0.009 -19"><span class='ocrx_word' id='word_1_234' title='bbox 113 3323 256 3385; x_wconf 88' lang='lat' dir='ltr'>naturali</span> <span class='ocrx_word' id='word_1_235' title='bbox 280 3323 415 3385; x_wconf 91' lang='lat' dir='ltr'>homine</span> <span class='ocrx_word' id='word_1_236' title='bbox 439 3321 517 3384; x_wconf 83' lang='lat' dir='ltr'>facit</span> <span class='ocrx_word' id='word_1_237' title='bbox 540 3320 719 3384; x_wconf 90' lang='lat' dir='ltr'>ecclesiam</span> <span class='ocrx_word' id='word_1_238' title='bbox 738 3332 939 3398; x_wconf 87' lang='lat' dir='ltr'>externam;</span> <span class='ocrx_word' id='word_1_239' title='bbox 966 3332 1001 3384; x_wconf 93' lang='lat' dir='ltr'>et</span> <span class='ocrx_word' id='word_1_240' title='bbox 1025 3322 1096 3404; x_wconf 90' lang='lat' dir='ltr'>quia</span> <span class='ocrx_word' id='word_1_241' title='bbox 1116 3315 1187 3382; x_wconf 83' lang='lat' dir='ltr'>tribus</span> 
     </span>
     <span class='ocr_line' id='line_1_30' title="bbox 113 3409 1187 3497; baseline -0.007 -18"><span class='ocrx_word' id='word_1_242' title='bbox 113 3416 284 3479; x_wconf 88' lang='lat' dir='ltr'>Reubenis</span> <span class='ocrx_word' id='word_1_243' title='bbox 301 3418 364 3479; x_wconf 94' lang='lat' dir='ltr'>hoc</span> <span class='ocrx_word' id='word_1_244' title='bbox 381 3417 544 3479; x_wconf 91' lang='lat' dir='ltr'>ecclesiae</span> <span class='ocrx_word' id='word_1_245' title='bbox 560 3415 849 3497; x_wconf 88' lang='lat' dir='ltr'>repraesentabat,</span> <span class='ocrx_word' id='word_1_246' title='bbox 866 3416 944 3479; x_wconf 91' lang='lat' dir='ltr'>ideo</span> <span class='ocrx_word' id='word_1_247' title='bbox 963 3416 1011 3479; x_wconf 92' lang='lat' dir='ltr'>illi</span> <span class='ocrx_word' id='word_1_248' title='bbox 1030 3415 1120 3480; x_wconf 92' lang='lat' dir='ltr'>tribui</span> <span class='ocrx_word' id='word_1_249' title='bbox 1133 3409 1187 3472; x_wconf 66' lang='lat' dir='ltr'>data</span> 
     </span>
     <span class='ocr_line' id='line_1_31' title="bbox 111 3509 1186 3591; baseline -0.005 -19"><span class='ocrx_word' id='word_1_250' title='bbox 111 3525 163 3572; x_wconf 87' lang='lat' dir='ltr'>est</span> <span class='ocrx_word' id='word_1_251' title='bbox 183 3512 352 3573; x_wconf 87' lang='lat' dir='ltr'>hereditas</span> <span class='ocrx_word' id='word_1_252' title='bbox 373 3522 465 3572; x_wconf 90' lang='lat' dir='ltr'>trans</span> <span class='ocrx_word' id='word_1_253' title='bbox 482 3510 675 3591; x_wconf 88' lang='lat' dir='ltr'>Jordanem.</span> <span class='ocrx_word' id='word_1_254' title='bbox 721 3509 787 3573; x_wconf 85' lang='lat' dir='ltr'>Cur</span> <span class='ocrx_word' id='word_1_255' title='bbox 805 3509 906 3571; x_wconf 88' lang='lat' dir='ltr'>datae</span> <span class='ocrx_word' id='word_1_256' title='bbox 924 3522 1002 3574; x_wconf 90' lang='lat' dir='ltr'>sunt</span> <span class='ocrx_word' id='word_1_257' title='bbox 1022 3509 1186 3573; x_wconf 70' lang='lat' dir='ltr'>hereditates</span> 
     </span>
     <span class='ocr_line' id='line_1_32' title="bbox 113 3593 1186 3684; baseline -0.007 -18"><span class='ocrx_word' id='word_1_258' title='bbox 113 3616 206 3666; x_wconf 86' lang='lat' dir='ltr'>trans</span> <span class='ocrx_word' id='word_1_259' title='bbox 224 3605 406 3684; x_wconf 87' lang='lat' dir='ltr'>Jordanem</span> <span class='ocrx_word' id='word_1_260' title='bbox 426 3606 527 3666; x_wconf 88' lang='lat' dir='ltr'>etiam</span> <span class='ocrx_word' id='word_1_261' title='bbox 552 3605 650 3667; x_wconf 90' lang='lat' dir='ltr'>tribui</span> <span class='ocrx_word' id='word_1_262' title='bbox 671 3603 773 3666; x_wconf 87' lang='lat' dir='ltr'>Gadis</span> <span class='ocrx_word' id='word_1_263' title='bbox 792 3613 828 3666; x_wconf 91' lang='lat' dir='ltr'>et</span> <span class='ocrx_word' id='word_1_264' title='bbox 851 3603 1010 3666; x_wconf 87' lang='lat' dir='ltr'>dimidiae</span> <span class='ocrx_word' id='word_1_265' title='bbox 1034 3603 1121 3667; x_wconf 90' lang='lat' dir='ltr'>tribui</span> <span class='ocrx_word' id='word_1_266' title='bbox 1137 3593 1186 3659; x_wconf 85' lang='lat' dir='ltr'>Me·</span> 
     </span>
     <span class='ocr_line' id='line_1_33' title="bbox 113 3687 1186 3780; baseline -0.007 -21"><span class='ocrx_word' id='word_1_267' title='bbox 113 3719 238 3772; x_wconf 84' lang='lat' dir='ltr'>nasses,</span> <span class='ocrx_word' id='word_1_268' title='bbox 258 3701 388 3762; x_wconf 90' lang='lat' dir='ltr'>dicetur</span> <span class='ocrx_word' id='word_1_269' title='bbox 403 3700 435 3760; x_wconf 92' lang='lat' dir='ltr'>in</span> <span class='ocrx_word' id='word_1_270' title='bbox 453 3700 680 3780; x_wconf 89' lang='lat' dir='ltr'>sequentibus.</span> <span class='ocrx_word' id='word_1_271' title='bbox 715 3694 916 3778; x_wconf 71' lang='lat' dir='ltr'>Conjunctio</span> <span class='ocrx_word' id='word_1_272' title='bbox 932 3700 1097 3780; x_wconf 91' lang='lat' dir='ltr'>utriusque</span> <span class='ocrx_word' id='word_1_273' title='bbox 1111 3687 1186 3758; x_wconf 79' lang='lat' dir='ltr'>eccle·</span> 
     </span>
     <span class='ocr_line' id='line_1_34' title="bbox 112 3779 1187 3884; baseline -0.004 -30"><span class='ocrx_word' id='word_1_274' title='bbox 112 3795 191 3866; x_wconf 75' lang='lat' dir='ltr'>siae,</span> <span class='ocrx_word' id='word_1_275' title='bbox 211 3815 331 3874; x_wconf 87' lang='lat' dir='ltr'>nempe</span> <span class='ocrx_word' id='word_1_276' title='bbox 348 3804 511 3856; x_wconf 90' lang='lat' dir='ltr'>externae</span> <span class='ocrx_word' id='word_1_277' title='bbox 528 3803 563 3856; x_wconf 89' lang='lat' dir='ltr'>ct</span> <span class='ocrx_word' id='word_1_278' title='bbox 580 3795 742 3868; x_wconf 89' lang='lat' dir='ltr'>internae,</span> <span class='ocrx_word' id='word_1_279' title='bbox 760 3814 844 3875; x_wconf 90' lang='lat' dir='ltr'>quae</span> <span class='ocrx_word' id='word_1_280' title='bbox 861 3804 914 3856; x_wconf 91' lang='lat' dir='ltr'>est</span> <span class='ocrx_word' id='word_1_281' title='bbox 931 3796 1018 3857; x_wconf 89' lang='lat' dir='ltr'>sicut</span> <span class='ocrx_word' id='word_1_282' title='bbox 1038 3779 1187 3884; x_wconf 66' lang='lat' dir='ltr'>conjuulll0</span> 
     </span>
     <span class='ocr_line' id='line_1_35' title="bbox 114 3887 1185 3969; baseline -0.003 -21"><span class='ocrx_word' id='word_1_283' title='bbox 114 3888 275 3950; x_wconf 87' lang='lat' dir='ltr'>naturalis</span> <span class='ocrx_word' id='word_1_284' title='bbox 306 3898 340 3950; x_wconf 92' lang='lat' dir='ltr'>et</span> <span class='ocrx_word' id='word_1_285' title='bbox 370 3888 551 3969; x_wconf 90' lang='lat' dir='ltr'>spiritualis</span> <span class='ocrx_word' id='word_1_286' title='bbox 585 3888 739 3962; x_wconf 90' lang='lat' dir='ltr'>hominis,</span> <span class='ocrx_word' id='word_1_287' title='bbox 767 3887 1092 3968; x_wconf 89' lang='lat' dir='ltr'>repraesentabatur,</span> <span class='ocrx_word' id='word_1_288' title='bbox 1115 3890 1141 3945; x_wconf 88' lang='lat' dir='ltr'>et</span> <span class='ocrx_word' id='word_1_289' title='bbox 1162 3887 1185 3933; x_wconf 77' lang='lat'>1¹¹</span> 
     </span>
     <span class='ocr_line' id='line_1_36' title="bbox 114 3983 692 4063; baseline 0.003 -20"><span class='ocrx_word' id='word_1_290' title='bbox 114 4003 214 4044; x_wconf 90' lang='lat' dir='ltr'>sensu</span> <span class='ocrx_word' id='word_1_291' title='bbox 233 3983 396 4063; x_wconf 91' lang='lat' dir='ltr'>spirituali</span> <span class='ocrx_word' id='word_1_292' title='bbox 416 3983 614 4045; x_wconf 87' lang='lat' dir='ltr'>describitur</span> <span class='ocrx_word' id='word_1_293' title='bbox 633 4002 692 4063; x_wconf 92' lang='lat' dir='ltr'>per</span> 
     </span>
    </p>
   </div>
   <div class='ocr_carea' id='block_1_9' title="bbox 163 4106 1189 4516">
    <p class='ocr_par' dir='ltr' id='par_1_9' title="bbox 163 4106 1189 4516">
     <span class='ocr_line' id='line_1_37' title="bbox 163 4106 1189 4188; baseline 0.003 -16"><span class='ocrx_word' id='word_1_294' title='bbox 163 4126 264 4181; x_wconf 82' lang='lat' dir='ltr'>Altare,</span> <span class='ocrx_word' id='word_1_295' title='bbox 279 4128 349 4188; x_wconf 88' lang='lat' dir='ltr'>quod</span> <span class='ocrx_word' id='word_1_296' title='bbox 362 4126 407 4174; x_wconf 85' lang='lat' dir='ltr'>lilii</span> <span class='ocrx_word' id='word_1_297' title='bbox 422 4125 566 4182; x_wconf 85' lang='lat' dir='ltr'>Reubenis,</span> <span class='ocrx_word' id='word_1_298' title='bbox 581 4125 663 4174; x_wconf 89' lang='lat' dir='ltr'>Gadis</span> <span class='ocrx_word' id='word_1_299' title='bbox 676 4134 702 4173; x_wconf 87' lang='lat' dir='ltr'>et</span> <span class='ocrx_word' id='word_1_300' title='bbox 715 4124 850 4173; x_wconf 81' lang='lat' dir='ltr'>Menassis</span> <span class='ocrx_word' id='word_1_301' title='bbox 861 4125 1038 4175; x_wconf 83' lang='lat' dir='ltr'>aedificabant</span> <span class='ocrx_word' id='word_1_302' title='bbox 1049 4106 1189 4187; x_wconf 58' lang='lat' dir='ltr'>juruloffl·</span> 
     </span>
     <span class='ocr_line' id='line_1_38' title="bbox 244 4165 1188 4257; baseline 0.001 -18"><span class='ocrx_word' id='word_1_303' title='bbox 244 4207 314 4247; x_wconf 87' lang='lat' dir='ltr'>nem,</span> <span class='ocrx_word' id='word_1_304' title='bbox 329 4192 361 4239; x_wconf 91' lang='lat' dir='ltr'>de</span> <span class='ocrx_word' id='word_1_305' title='bbox 376 4206 428 4254; x_wconf 87' lang='lat' dir='ltr'>quo</span> <span class='ocrx_word' id='word_1_306' title='bbox 441 4192 473 4239; x_wconf 90' lang='lat' dir='ltr'>lis</span> <span class='ocrx_word' id='word_1_307' title='bbox 486 4200 542 4239; x_wconf 87' lang='lat' dir='ltr'>erat</span> <span class='ocrx_word' id='word_1_308' title='bbox 557 4192 627 4239; x_wconf 89' lang='lat' dir='ltr'>inter</span> <span class='ocrx_word' id='word_1_309' title='bbox 638 4192 686 4239; x_wconf 89' lang='lat' dir='ltr'>has</span> <span class='ocrx_word' id='word_1_310' title='bbox 698 4192 782 4239; x_wconf 89' lang='lat' dir='ltr'>tribus</span> <span class='ocrx_word' id='word_1_311' title='bbox 795 4201 822 4238; x_wconf 87' lang='lat' dir='ltr'>et</span> <span class='ocrx_word' id='word_1_312' title='bbox 834 4191 965 4252; x_wconf 82' lang='lat' dir='ltr'>reliquas;</span> <span class='ocrx_word' id='word_1_313' title='bbox 987 4192 1034 4239; x_wconf 88' lang='lat' dir='ltr'>sed</span> <span class='ocrx_word' id='word_1_314' title='bbox 1046 4165 1188 4257; x_wconf 61' lang='lat' dir='ltr'>ditltuutfluod</span> 
     </span>
     <span class='ocr_line' id='line_1_39' title="bbox 243 4244 1186 4320; baseline -0.013 -17"><span class='ocrx_word' id='word_1_315' title='bbox 243 4257 326 4304; x_wconf 84' lang='lat' dir='ltr'>altare</span> <span class='ocrx_word' id='word_1_316' title='bbox 339 4257 403 4304; x_wconf 93' lang='lat' dir='ltr'>illud</span> <span class='ocrx_word' id='word_1_317' title='bbox 416 4267 486 4305; x_wconf 90' lang='lat' dir='ltr'>esset</span> <span class='ocrx_word' id='word_1_318' title='bbox 497 4271 545 4318; x_wconf 89' lang='lat' dir='ltr'>pro</span> <span class='ocrx_word' id='word_1_319' title='bbox 558 4266 633 4312; x_wconf 87' lang='lat' dir='ltr'>teste,</span> <span class='ocrx_word' id='word_1_320' title='bbox 644 4267 673 4304; x_wconf 89' lang='lat' dir='ltr'>ut</span> <span class='ocrx_word' id='word_1_321' title='bbox 686 4256 731 4311; x_wconf 90' lang='lat' dir='ltr'>illi,</span> <span class='ocrx_word' id='word_1_322' title='bbox 740 4255 847 4304; x_wconf 89' lang='lat' dir='ltr'>tametsi</span> <span class='ocrx_word' id='word_1_323' title='bbox 858 4265 931 4304; x_wconf 90' lang='lat' dir='ltr'>trans</span> <span class='ocrx_word' id='word_1_324' title='bbox 942 4255 1083 4320; x_wconf 87' lang='lat' dir='ltr'>Jordanem</span> <span class='ocrx_word' id='word_1_325' title='bbox 1092 4244 1186 4301; x_wconf 76' lang='lat' dir='ltr'>habitent·</span> 
     </span>
     <span class='ocr_line' id='line_1_40' title="bbox 243 4305 1188 4385; baseline -0.003 -17"><span class='ocrx_word' id='word_1_326' title='bbox 243 4337 326 4383; x_wconf 88' lang='lat' dir='ltr'>usque</span> <span class='ocrx_word' id='word_1_327' title='bbox 337 4324 469 4369; x_wconf 88' lang='lat' dir='ltr'>servirent</span> <span class='ocrx_word' id='word_1_328' title='bbox 481 4321 600 4385; x_wconf 89' lang='lat' dir='ltr'>Jehovae</span> <span class='ocrx_word' id='word_1_329' title='bbox 613 4319 778 4382; x_wconf 79' lang='lat' dir='ltr'>conjundlim</span> <span class='ocrx_word' id='word_1_330' title='bbox 792 4335 851 4369; x_wconf 91' lang='lat' dir='ltr'>cum</span> <span class='ocrx_word' id='word_1_331' title='bbox 865 4321 989 4383; x_wconf 80' lang='lat' dir='ltr'>reliquis:</span> <span class='ocrx_word' id='word_1_332' title='bbox 1005 4335 1084 4383; x_wconf 85' lang='lat' dir='ltr'>quare</span> <span class='ocrx_word' id='word_1_333' title='bbox 1092 4305 1188 4366; x_wconf 64' lang='lat' dir='ltr'>vocabant</span> 
     </span>
     <span class='ocr_line' id='line_1_41' title="bbox 243 4363 1187 4449; baseline 0.001 -15"><span class='ocrx_word' id='word_1_334' title='bbox 243 4387 307 4434; x_wconf 89' lang='lat' dir='ltr'>illud</span> <span class='ocrx_word' id='word_1_335' title='bbox 320 4387 531 4443; x_wconf 81' lang='lat' dir='ltr'>altare,&#39;&#39;Testis</span> <span class='ocrx_word' id='word_1_336' title='bbox 542 4388 669 4435; x_wconf 89' lang='lat' dir='ltr'>internos</span> <span class='ocrx_word' id='word_1_337' title='bbox 682 4387 752 4449; x_wconf 90' lang='lat' dir='ltr'>quod</span> <span class='ocrx_word' id='word_1_338' title='bbox 761 4386 883 4449; x_wconf 79' lang='lat' dir='ltr'>Jehovah</span> <span class='ocrx_word' id='word_1_339' title='bbox 897 4386 971 4435; x_wconf 84' lang='lat' dir='ltr'>Deus</span> <span class='ocrx_word' id='word_1_340' title='bbox 979 4386 993 4405; x_wconf 89' lang='grc'>”</span> <span class='ocrx_word' id='word_1_341' title='bbox 1002 4387 1045 4449; x_wconf 79' lang='lat' dir='ltr'>(de</span> <span class='ocrx_word' id='word_1_342' title='bbox 1054 4399 1101 4449; x_wconf 83' lang='lat' dir='ltr'>qua</span> <span class='ocrx_word' id='word_1_343' title='bbox 1110 4394 1131 4430; x_wconf 80' lang='lat' dir='ltr'>rt</span> <span class='ocrx_word' id='word_1_344' title='bbox 1139 4363 1187 4435; x_wconf 58' lang='lat' dir='ltr'>wid</span> 
     </span>
     <span class='ocr_line' id='line_1_42' title="bbox 245 4452 665 4516; baseline 0.005 -18"><span class='ocrx_word' id='word_1_345' title='bbox 245 4453 364 4516; x_wconf 83' lang='lat' dir='ltr'>Josuam,</span> <span class='ocrx_word' id='word_1_346' title='bbox 377 4467 433 4515; x_wconf 87' lang='lat' dir='ltr'>cap.</span> <span class='ocrx_word' id='word_1_347' title='bbox 446 4453 508 4501; x_wconf 88' lang='lat' dir='ltr'>xxii.</span> <span class='ocrx_word' id='word_1_348' title='bbox 521 4467 536 4514; x_wconf 85' lang='lat'>9</span> <span class='ocrx_word' id='word_1_349' title='bbox 548 4453 581 4500; x_wconf 91' lang='lat' dir='ltr'>ad</span> <span class='ocrx_word' id='word_1_350' title='bbox 595 4452 665 4514; x_wconf 86' lang='lat' dir='ltr'>fin.):</span> 
     </span>
    </p>
   </div>
   <div class='ocr_carea' id='block_1_10' title="bbox 0 0 1355 4988">
    <p class='ocr_par' dir='ltr' id='par_1_10' title="bbox 0 0 1355 4988">
     <span class='ocr_line' id='line_1_43' title="bbox 0 0 1355 4988; baseline 0 0"><span class='ocrx_word' id='word_1_351' title='bbox 0 0 1355 4988; x_wconf 95' lang='lat' dir='ltr'> </span> 
     </span>
    </p>
   </div>
  </div>
 </body>
</html>
