2684 4988
117 481 196 544 1128
424 490 674 542 Arocaur'rus
697 491 926 544 axamcaru.

113 664 214 726 datur
230 683 289 744 per
301 658 578 724 instructionem:
603 661 693 743 quod
708 662 871 726 “dederit
887 663 1019 746 hospiti
1036 665 1124 729 duos
1137 665 1223 729 dena·

113 759 191 828 rios,
221 767 256 818 et
283 756 407 818 dixerit
438 755 496 828 illi,
525 754 648 818 Curam
676 754 746 837 ejus
775 755 875 832 habe,
905 778 986 821 nam
1015 762 1220 842 quodcunque

113 852 250 931 insuper
266 849 494 930 insumpseris,
513 867 590 929 ego,
608 848 745 930 quando
763 870 919 912 reversus
937 850 1044 925 fuero,
1062 854 1213 916 restituam

112 943 203 1016 tibi‚”
223 941 392 1024 significat
411 943 526 1005 omnia
546 941 724 1005 charitatis
742 954 907 1025 quantum
928 944 1037 1008 valuit
1059 956 1095 1009 et
1116 948 1209 1028 potuit.

114 1037 169 1099 Ex
190 1038 241 1098 his
260 1055 347 1098 nunc
366 1045 524 1098 constare
540 1046 656 1116 potest
673 1037 752 1118 quid
771 1037 916 1113 “Levi'’
933 1040 1072 1103 “tribus
1087 1039 1207 1121 ejus,”et

115 1134 134 1160 ‘¹
146 1126 289 1189 Levitae
298 1125 314 1149 ”
336 1127 369 1187 in
393 1135 539 1208 utroque
560 1146 662 1188 sensu
684 1126 891 1208 significant.
934 1144 1020 1203 (nura
1033 1147 1065 1192 oe
1078 1154 1205 1205 repturio

112 1217 177 1261 tione
188 1224 211 1260 et
227 1216 283 1260 inde
294 1214 465 1272 significatione
476 1221 489 1237 ··
499 1215 580 1266 [κνίΓ
592 1222 616 1260 et
626 1216 703 1261 tribus
712 1216 743 1261 ab
754 1215 795 1261 illo
804 1217 951 1271 nominatae,
962 1219 1089 1264 rideantur
1097 1219 1119 1264 in
1127 1219 1203 1264 Arcas

116 1284 262 1335 (molestatus,
274 1296 297 1328 n.
309 1286 452 1340 3875-3877,
464 1296 531 1340 4497,
542 1294 609 1340 ⁴50²·
620 1294 688 1342 4503,
699 1279 871 1342 ⁶352,16017.)

172 1367 274 1435 445.
303 1352 369 1413 “fr
385 1351 463 1414 tribu
477 1351 652 1414 lrocohorr'r
666 1351 821 1415 duodecim
836 1352 929 1414 millio
943 1351 1199 1436 siponti''—Quod

114 1442 282 1523 significet
297 1442 402 1525 fidem
421 1453 453 1504 ct
470 1442 621 1517 salutem,
641 1454 780 1507 constat
800 1465 845 1507 ex
865 1447 1165 1527 repraesentatione
1177 1453 1200 1506 et

113 1536 191 1598 inde
211 1535 459 1617 significatione
481 1536 720 1600 “Isascharis”
738 1547 774 1600 et
793 1537 863 1618 ejus
882 1539 1002 1611 tribus,
1022 1540 1108 1622 quod
1127 1540 1162 1601 sit
1178 1536 1199 1600 ld

113 1629 204 1710 quod
228 1629 308 1692 iacit
332 1629 464 1692 caelum
488 1639 523 1692 et
547 1629 693 1693 salutem
717 1631 805 1713 apud
829 1631 1016 1707 hominem,
1038 1652 1112 1696 nam
1130 1630 1199 1694 Isos·

114 1722 197 1784 clrar
219 1724 251 1784 in
280 1723 394 1804 lingua
418 1724 573 1804 originali
601 1723 770 1804 significat
798 1726 1004 1799 mercedem,
1029 1737 1063 1790 et
1087 1726 1116 1789 id
1135 1721 1199 1807 quod

113 1816 193 1878 lacit
213 1817 345 1878 caelum
365 1829 399 1879 et
420 1817 565 1880 salutem
586 1818 674 1899 apud
694 1818 869 1881 hominem
889 1829 942 1882 est
962 1840 1058 1883 amor
1075 1830 1108 1883 et
1123 1817 1199 1893 fides;

114 1910 192 1972 inde
217 1920 395 1991 utrumque
419 1910 483 1973 hoc
509 1931 567 1992 per
592 1911 809 1974 “Isascharis
833 1912 983 1975 tribum’'
1006 1911 1198 1995 significatur:

114 2003 146 2065 in
167 2002 284 2066 Verbo
304 2005 393 2066 enim
415 2004 537 2085 pluries
558 2005 751 2067 nominatur
772 2006 961 2080 “merces’'
981 2017 1018 2070 ut
1036 2006 1120 2089 quod
1137 2009 1199 2066 “ac-

114 2098 244 2180 cepturi
269 2097 460 2160 mercedem
471 2097 487 2121 ”
510 2107 545 2160 et
569 2119 628 2181 per
651 2096 743 2161 illam
766 2099 970 2181 intelligitur
992 2101 1062 2163 vita
1083 2110 1198 2168 aeterna,

114 2191 214 2262 salus,
246 2200 281 2253 et
311 2212 330 2253 a
360 2191 528 2274 plerisque
558 2192 716 2273 gaudium
748 2192 921 2271 caeleste;
957 2193 1042 2257 haec
1071 2194 1199 2256 insensu

114 2287 272 2366 proximo
295 2287 398 2348 etiarn
422 2307 481 2367 per
506 2286 729 2349 “mercedem
740 2287 754 2309 ”
777 2285 1022 2368 significantur.
1066 2285 1125 2351 Sed
1144 2283 1199 2367 quia

114 2379 242 2441 homini
272 2379 351 2442 licet
378 2382 531 2460 cogitare
559 2381 601 2443 de
628 2382 699 2442 vita
725 2390 875 2454 aeterna,
904 2380 1017 2444 salute
1043 2391 1077 2445 et
1105 2377 1198 2461 gaudio

114 2473 264 2541 caelesti.
291 2476 316 2535 si
340 2475 446 2535 vitam
475 2474 660 2537 secundum
689 2485 872 2556 praecepta
901 2474 1039 2538 Domini
1065 2477 1138 2556 agit,
1156 2469 1197 2533 sed

114 2588 218 2650 usque
250 2588 317 2630 non
349 2568 428 2630 licet
460 2569 489 2630 ei
517 2569 665 2630 animum
696 2570 828 2630 intense
856 2578 976 2632 tenere
1006 2570 1038 2632 in
1065 2565 1197 2632 mercede,

116 2660 212 2741 (tunc
236 2663 325 2724 enim
350 2683 410 2744 pro
433 2660 498 2724 fine
522 2661 626 2723 habet
648 2663 851 2735 mercedem,
872 2671 908 2724 et
932 2662 1031 2726 facile
1054 2662 1158 2725 labitur
1173 2657 1196 2719 in

113 2756 359 2835 cogitationem
387 2756 477 2837 quod
505 2756 693 2836 pervitam
721 2775 815 2817 suam
844 2767 1016 2818 mereatur
1038 2756 1152 2820 caelum
1171 2759 1195 2812 et

113 2848 270 2921 salutern,
289 2860 324 2911 et
343 2849 427 2912 haec
448 2850 615 2929 cogitatio
634 2849 713 2911 iacit
733 2860 769 2911 ut
789 2850 962 2911 intueatur
982 2859 1089 2913 semet
1105 2850 1132 2910 in
1146 2844 1194 2907 sin·

113 2943 211 3023 guliS,
240 2965 326 3024 quae
356 2945 492 3005 intuitio
523 2953 675 3005 removet
706 2943 799 3005 illurn
829 2963 849 3005 a
879 2943 989 3015 caelo,
1019 2963 1093 3007 nam
1119 2941 1194 3004 horno

112 3049 277 3120 quantum
301 3039 350 3098 sui
373 3039 405 3099 in
429 3035 525 3099 iaclis
550 3034 694 3119 spectat,
721 3048 854 3101 tantum
879 3058 947 3101 non
973 3035 1123 3117 caelum)
1139 3029 1192 3095 inde

113 3143 164 3196 est
184 3133 274 3215 quod
294 3153 352 3213 per
374 3140 392 3162 ‘⁴
404 3133 595 3195 mercedem
607 3131 621 3154 ”
640 3133 672 3194 in
693 3131 809 3194 Verbo
828 3131 1038 3212 significatur
1056 3132 1086 3194 id
1105 3131 1131 3192 in
1145 3141 1191 3207 quo

112 3227 244 3289 caelum
268 3237 303 3289 et
327 3226 417 3288 salus
441 3237 504 3299 est,
525 3227 573 3288 ita
596 3227 629 3288 in
653 3246 779 3306 genere
802 3245 898 3288 amor
921 3237 956 3289 et
981 3225 1073 3299 fides,
1091 3233 1120 3287 et
1136 3215 1189 3282 inde

112 3306 340 3402 intelligentia
361 3331 395 3382 et
415 3320 602 3401 sapientia;
626 3321 659 3381 in
681 3319 732 3382 his
752 3330 804 3382 est
824 3319 914 3382 salus
934 3330 969 3383 et
990 3320 1121 3388 caelum,
1136 3329 1188 3394 pr⁰·

111 3417 189 3478 inde
217 3415 377 3496 gaudium
403 3414 564 3487 caeleste,
588 3424 751 3508 quantum
780 3413 884 3476 homo
913 3434 982 3476 non
1006 3415 1048 3477 de
1073 3402 1188 3475 mercede

111 3511 253 3616 cogitat.
299 3508 355 3570 Ex
379 3508 430 3570 his
455 3518 613 3570 constare
637 3517 753 3589 potest
776 3508 854 3589 quid
883 3529 941 3588 per
967 3491 1188 3570 “masmana''

111 3616 145 3666 et
163 3603 233 3684 ejus
249 3604 373 3666 tribum
390 3600 607 3682 significatur.
654 3600 754 3682 Quod
772 3601 824 3664 hic
842 3600 1052 3681 significetur
1066 3599 1141 3668 fides,
1152 3596 1187 3653 esi

111 3700 187 3780 quia
207 3719 266 3779 per
284 3697 435 3760 “tribum
457 3695 647 3759 Simeonis’
667 3694 1094 3777 significaturobedientia,
1109 3698 1188 3767 elpes

112 3793 266 3854 “tribum
294 3791 401 3854 Levi''
425 3790 658 3871 significantur
681 3791 769 3852 bona
793 3810 906 3871 opera,
931 3800 966 3853 et
991 3792 1045 3873 qui
1071 3791 1100 3852 in
1121 3777 1187 3846 bonis

110 3887 267 3967 operibus
286 3907 329 3948 ex
346 3887 540 3949 obedientia
557 3894 646 3958 sunt,
664 3884 739 3946 illi
731 3904 763 3946 in
784 3883 848 3945 fide
866 3895 965 3946 sunt:
991 3887 1045 3966 qui
1060 3893 1153 3946 autem
1166 3871 1187 3932 iss

110 3981 208 4042 bonis
231 3981 322 4043 vitae
348 4001 392 4042 ex
416 3977 593 4043 afieftione
617 3981 685 4042 veri
709 3989 743 4041 et
771 3978 850 4040 boni
873 3979 1038 4059 spirituali
1066 3984 1140 4045 sunt,
1157 3961 1189 4030 illl

110 4077 142 4136 in
163 4075 270 4137 charit
274 4085 330 4137 ate
351 4085 450 4151 sunt;
475 4076 584 4156 etqui
608 4075 641 4137 in
663 4074 759 4136 bonis
779 4073 868 4134 vitae
889 4092 934 4134 ex
953 4069 1122 4135 affetiione
1136 4081 1190 4129 cae·

111 4169 188 4231 lesti
216 4180 305 4242 sunt,
330 4169 413 4231 illi
406 4190 438 4231 rn
466 4189 581 4231 amore
609 4170 641 4230 in
671 4167 853 4230 Dominum
881 4177 971 4229 sunt.
1018 4167 1071 4230 Ita
1092 4172 1192 4248 quoque

110 4263 223 4344 angeli
247 4264 500 4344 distinguuntur
522 4263 695 4326 incaelis:
720 4264 753 4324 in
777 4262 897 4324 intimo
921 4281 982 4323 seu
1005 4262 1105 4325 tertio
1124 4251 1196 4321 caelo

109 4368 188 4421 sunt
202 4359 257 4439 qui
274 4359 305 4419 in
323 4359 421 4420 bonis
435 4359 526 4420 vitae
540 4379 583 4420 ex
598 4355 774 4419 affectione
787 4355 928 4418 caelesti
942 4366 1042 4435 sunt;
1064 4357 1097 4419 in
1112 4349 1200 4417 medio

109 4474 168 4516 seu
196 4452 345 4515 secundo
369 4452 466 4515 caelo
493 4462 571 4515 sunt
595 4453 651 4534 qui
678 4452 711 4513 in
737 4450 833 4513 bonis
857 4450 949 4513 vitae
977 4470 1023 4514 ex
1050 4444 1204 4515 affeetloue
