2684 4988
197 513 277 565 cnr.
293 515 369 578 vu,
387 517 490 568 vans.
507 506 616 569 8.-u.
631 506 766 590 448[d].
959 528 1037 592 1143

98 682 226 745 eaelum
240 695 276 748 et
293 685 438 749 ecclesia
454 688 565 771 quoad
584 688 722 760 bonum,
740 700 775 753 et
796 711 854 772 per
872 697 1036 772 “posscs-

98 777 224 840 :aelum
237 788 272 841 et
285 780 431 844 ecclesia
443 782 556 863 quoad
572 803 707 846 verum:
735 783 810 866 (per
825 785 910 847 haec
927 784 1037 847 simile

98 892 127 933 ir
154 872 246 954 quod
274 893 333 954 per
361 875 470 956 Ipsius
498 876 635 939 Domini
663 879 775 952 verba,
803 878 893 961 quod
922 880 1037 941 omnia

98 989 106 1026 ι
127 967 196 1029 sint
217 978 251 1029 et
271 969 385 1031 omnia
408 990 468 1032 sua
488 970 607 1046 Patris,
628 982 664 1034 et
686 974 777 1054 quod
799 974 882 1036 data
901 974 944 1036 sit
969 973 1038 1055 Ipsi

101 1080 203 1142 super
230 1062 360 1125 caelum
388 1073 424 1126 et
452 1074 587 1139 terram,
613 1065 693 1139 Joh.
717 1068 796 1129 xvii.
825 1082 881 1144 10;
911 1067 1036 1129 Mattlr.

98 1153 149 1234 32)
169 1155 260 1236 quod
276 1177 321 1219 ex
339 1157 463 1220 Divino
478 1179 539 1220 suo
555 1160 708 1223 detineat
725 1160 839 1223 caelos
857 1181 876 1222 a
893 1160 984 1223 salsis
1001 1172 1036 1225 et

113 1251 213 1321 veris,
233 1261 268 1313 et
292 1253 338 1313 sic
363 1253 422 1314 det
442 1251 535 1315 ¹²¹illis
558 1255 820 1336 intelligentiam
844 1265 879 1318 et
903 1257 1037 1336 sapien·

98 1344 228 1407 :ribitur
244 1366 303 1427 per
315 1346 404 1427 quod
424 1348 593 1411 “vinciret
610 1350 777 1430 principes
793 1349 836 1411 ad
849 1349 1036 1423 arbitrium,

98 1457 128 1498 es
151 1438 239 1500 illius
262 1440 409 1503 erudiret
421 1441 447 1517 ;’'
477 1463 537 1524 per
561 1444 757 1525 “principes
768 1443 782 1466 ”
805 1443 1038 1524 significantur

98 1584 100 1592 ,
124 1533 223 1604 veris
244 1545 279 1596 et
304 1555 362 1616 per
387 1537 566 1599 “seniores
575 1537 590 1561 ’³
613 1538 669 1618 qui
692 1539 725 1599 in
749 1538 979 1618 intelligentia
1002 1549 1037 1602 et

98 1646 104 1687 :
129 1628 221 1708 quod
245 1639 325 1691 tunc
346 1630 490 1693 ecclesia
508 1631 542 1692 in
561 1633 659 1695 terris
678 1633 721 1695 ab
745 1632 824 1714 Ipso
848 1634 1038 1696 instaurata

98 1721 197 1802 igitur
215 1743 274 1803 per
295 1730 403 1787 “tunc
424 1726 517 1788 venit
538 1725 642 1788 lsrael
663 1727 694 1787 in
716 1725 916 1808 Aegyptum
930 1726 956 1803 ;’'
979 1748 1039 1808 per

98 1814 135 1876 1¹⁹
152 1815 360 1896 significatur
376 1819 530 1894 ecclesia,
549 1821 749 1883 instauratio
765 1821 854 1883 enim
872 1820 1038 1885 ecclesiae

98 1930 107 1970 ›
126 1922 385 1990 repraesentata
408 1922 461 1975 est
484 1934 543 1994 per
566 1912 652 1976 filios
676 1914 810 1977 Israelis
833 1915 923 1995 quod
943 1917 1036 1976 veni-

98 2002 299 2085 legyptum,
330 2017 403 2068 tum
435 2009 525 2088 quod
557 2008 723 2070 Dominus
755 2027 830 2071 cum
863 2008 973 2070 inians
1004 2010 1037 2071 in

98 2117 121 2159 n
146 2096 311 2161 dedudtus
335 2102 378 2162 sit
405 2100 543 2182 (Matth.
568 2103 599 2164 ii.
623 2117 748 2182 14,15;
775 2101 1035 2185 Hosclc.xi.1):

98 2193 144 2254 ria
162 2193 329 2256 ecclesiae
353 2204 433 2257 tunc
458 2198 628 2276 perierint,
649 2197 851 2277 intelligitur
870 2217 929 2278 per
946 2197 1036 2278 quod

98 2289 273 2370 eregrinus
295 2287 401 2353 sactus
420 2292 464 2353 sit
487 2293 519 2353 in
540 2302 630 2355 terra
649 2291 769 2355 Chami
782 2291 808 2368 ;”
831 2313 891 2372 per
908 2290 1036 2371 “Jaco-

97 2381 252 2446 nilicatur
274 2384 419 2447 ecclesia
442 2386 531 2467 apud
555 2406 674 2448 omnes
697 2388 752 2468 qui
775 2388 808 2448 in
832 2386 922 2448 bono
946 2387 1037 2449 vitae

98 2496 134 2538 er
147 2483 167 2508 ‘¹
176 2487 302 2541 terram
316 2478 437 2542 Chami
446 2480 460 2502 ”
471 2479 681 2561 significatur
693 2480 838 2543 ecclesia
852 2476 1036 2542 destructa.

99 2570 143 2632 ibi
166 2573 200 2633 in
224 2571 340 2635 Verbo
364 2594 423 2655 per
443 2574 656 2637 “lsraelem''
676 2584 711 2637 et
732 2573 949 2655 “Jacobum''
969 2594 1036 2636 non

101 2674 156 2728 tur
175 2664 232 2727 filii
252 2666 386 2730 Israelis
405 2679 440 2732 et
465 2670 591 2751 posteri
609 2668 738 2748 Jacobi,
759 2669 819 2731 sed
839 2688 958 2731 omnes
977 2669 1036 2742 illi,

98 2780 108 2822 e
133 2770 232 2823 erant
263 2771 298 2824 et
327 2772 417 2833 sunt,
446 2763 534 2843 apud
558 2782 643 2843 quos
667 2762 832 2835 ecclesia;
867 2763 953 2823 sicut
978 2783 1036 2843 per

98 2853 138 2915 n’'
161 2855 194 2916 in
222 2853 338 2917 Verbo
365 2874 433 2917 non
460 2856 662 2936 intelligitur
695 2876 780 2936 gens
801 2855 952 2935 Judaica,
977 2858 1037 2919 sed

98 2944 130 3005 rb
148 2944 216 3007 illis
234 2946 291 3025 qui
309 2947 341 3007 in
361 2966 477 3009 amore
496 2948 529 3008 in
550 2947 736 3009 Dominum
752 2957 831 3010 suut
852 2964 1037 3019 (aequarem-

103 3055 110 3110 ;
128 3053 208 3096 nam
221 3035 312 3114 apud
325 3034 411 3097 filios
428 3035 565 3097 lsraelis
582 3056 641 3098 seu
654 3047 813 3117 posteros
828 3035 948 3116 Jacobi
967 3057 1035 3105 non

98 3146 109 3187 ι
131 3124 288 3200 ecclesia,
309 3127 369 3189 sed
393 3126 502 3188 solum
526 3129 848 3208 repraesentabatur
871 3127 1036 3206 ecclesia;

98 3219 204 3283 ·illos
228 3220 461 3303 significantur
483 3242 602 3285 omnes
625 3224 682 3304 qui
706 3222 750 3284 ab
776 3222 921 3285 ecclesia
944 3233 1035 3296 sunt,

98 3335 133 3377 ›n
151 3315 262 3377 solum
285 3317 318 3377 in
343 3317 550 3397 propheticis
571 3315 675 3379 Verbi
699 3317 759 3380 sed
783 3317 886 3379 etiam
911 3318 943 3378 in
968 3317 1036 3380 his·

98 3429 147 3483 us,
177 3419 214 3471 ut
244 3410 277 3471 in
308 3411 590 3492 praecedentibus
619 3420 796 3474 ostensum
824 3421 896 3472 est:
933 3430 1037 3492 quare

98 3525 110 3566 r
135 3503 348 3585 “Josephum
358 3505 372 3526 ”
399 3515 434 3568 et
462 3506 531 3584 ejus
559 3506 682 3568 tribum
711 3525 778 3568 non
805 3505 974 3585 josephus
1001 3516 1037 3568 et

98 3599 185 3662 ribus
203 3599 415 3680 intelligitur,
436 3600 496 3662 sed
519 3602 551 3661 in
572 3620 730 3682 supremo
749 3620 849 3662 sensu
870 3600 1037 3662 Dominus

98 3694 209 3756 vinum
227 3692 409 3775 spirituale,
428 3704 464 3756 et
482 3694 561 3757 inde
580 3696 730 3756 insensu
749 3691 939 3774 respectivo
958 3714 1036 3774 reg-

98 3788 186 3850 tuale
201 3788 336 3850 Domini
353 3790 385 3850 in
402 3788 505 3851 caelis
522 3799 557 3852 et
571 3790 603 3850 in
621 3789 728 3861 terris,
744 3798 815 3850 tum
830 3808 961 3869 quoque
978 3788 1037 3850 illa

98 3892 147 3947 int
162 3903 304 3963 regnum
321 3882 413 3955 illud,
428 3903 514 3965 quae
531 3894 609 3945 sunt
627 3904 707 3945 vera
720 3880 906 3945 dodtrinae.
941 3881 1036 3963 Quo-

100 3978 121 4039 d
141 3976 344 4040 Ezechielem
363 3978 563 4040 describitur
581 3998 669 4041 nova
688 3978 833 4040 ecclesia
852 3978 1037 4058 spiritualis

98 4090 115 4132 o
137 4071 369 4144 instauranda,
393 4093 479 4155 quae
510 4072 654 4135 ecclesia
682 4092 758 4134 cum
785 4072 855 4151 ejus
882 4070 1037 4136 doctrina

98 4186 121 4228 ir
147 4186 207 4247 per
235 4173 388 4229 “novam
421 4166 567 4241 urbem,'’
593 4172 747 4229 “novum
777 4165 974 4248 templum,’'
1000 4179 1037 4231 et

98 4258 248 4334 terram,”
265 4260 342 4322 ideo
362 4261 494 4335 dicitur,

98 4405 197 4452 rminus
215 4405 249 4452 ad
266 4419 344 4466 quem
369 4405 556 4453 hereditabitis
579 4415 688 4462 terram,
704 4403 781 4466 juxta
794 4402 936 4451 duodecim
951 4403 1037 4452 tribus

98 4470 170 4530 nelis,
184 4469 305 4534 Josepho
317 4470 417 4520 tunes'’
430 4471 497 4534 (cap.
510 4470 584 4521 xlvii.
601 4470 657 4531 13):
