2684 4988
107 434 171 502 688
419 448 670 502 trocltvesrs
692 451 917 502 texentem.

170 615 330 702 357[a]·
364 617 466 699 Quod
491 618 643 681 “arcus'’
661 618 831 701 significet
856 618 1048 683 dodirinam
1072 641 1125 702 pm

111 720 192 785 tem,
213 731 271 773 seu
290 708 478 773 doetrinam
498 733 542 774 ex
559 733 624 792 qua
644 723 813 792 pugnatur
831 724 950 777 contra
973 713 1062 775 mala
1082 724 1116 775 et

111 815 147 869 et
162 805 253 887 quod
268 805 475 885 “sagittae'’
489 805 646 885 “jacula’'
661 816 696 869 et
714 813 733 838 ‘⁴
743 807 834 869 tela'’
847 805 1036 888 significent
1053 828 1125 869 vera

111 900 220 964 trinae
246 920 331 981 quae
362 910 526 980 pugnant,
556 910 712 963 constare
740 912 854 982 potest
884 923 904 964 a
932 902 1126 982 sequentibt

112 992 196 1074 locis
208 993 364 1074 :-Apud
386 992 596 1066 Samarium,

164 1138 182 1159 ‘⁴
191 1134 352 1185 Exscindam
362 1150 466 1184 currum
477 1150 510 1184 ex
522 1135 675 1197 Ephraimo,
687 1148 714 1185 et
726 1152 822 1200 equum
832 1152 865 1186 ex
877 1136 1079 1199 Hierosolyma,
1091 1145 1117 1184 et

242 1202 320 1251 detur
331 1216 409 1250 arcus
421 1202 491 1258 belli,
503 1212 598 1250 contra
610 1203 731 1264 loquetur
743 1218 836 1264 pacem
848 1203 973 1264 gentibus
976 1239 1045 1251 .....
1054 1201 1125 1250 Reve

244 1267 278 1315 ad
291 1267 497 1324 munimentum,
509 1264 590 1316 vineti
604 1268 661 1329 spei
664 1305 733 1323 .....
738 1278 765 1316 et
778 1269 884 1316 tendam
899 1267 965 1315 Mihi
977 1266 1120 1330 Jchudam,

245 1332 363 1394 implebo
375 1331 556 1394 Ephraimum,
568 1343 594 1381 et
604 1334 726 1382 excitabo
736 1332 804 1381 filios
814 1344 882 1386 tuos.
892 1333 957 1381 Zion
962 1369 1031 1385 .....
1037 1347 1100 1379 nam
1111 1331 1125 1396 J

245 1411 325 1458 super
337 1397 368 1445 iis
381 1397 527 1459 apparebit,
539 1407 566 1446 et
578 1398 660 1445 exibit
672 1399 740 1446 sicut
752 1398 842 1459 lulgur
853 1399 933 1446 telum
950 1397 1047 1460 Ipsius,
1059 1408 1085 1445 et
1101 1396 1125 1445 D

245 1462 359 1526 Jehovilt
378 1463 490 1511 buccina
501 1463 615 1524 clanget,
629 1474 656 1512 et
675 1463 780 1512 incedet
799 1464 825 1511 in
840 1463 963 1525 procellis
981 1463 1101 1511 meridiei
1111 1462 1125 1479 ''

246 1529 349 1587 12-14):

114 1670 226 1751 agitur
248 1670 292 1731 ibi
315 1669 358 1732 de
381 1671 573 1733 vastatione
597 1669 774 1732 Ecclesiae
795 1670 955 1750 JudaIcae
978 1680 1012 1732 et
1036 1671 1080 1732 de
1104 1671 1125 1732 ir

115 1765 246 1827 ratione
261 1762 434 1826 Ecclesiae
450 1764 538 1844 apud
554 1763 702 1826 Gentes:
724 1765 871 1826 vastatio
888 1764 1062 1826 Ecclesiae
1075 1764 1125 1844 Jm

116 1859 316 1921 describitur
329 1878 387 1939 per
402 1865 420 1889 “
431 1857 641 1939 Exscindam
655 1878 784 1920 currum
798 1880 841 1920 ex
855 1858 1051 1939 Ephraim0,
1063 1870 1097 1920 et
1112 1879 1125 1919 e

116 1973 161 2016 ex
182 1952 432 2032 Hierosolyma,
449 1965 484 2015 et
504 1953 723 2015 exscindetur
741 1973 838 2015 arcus
858 1951 965 2024 belli,’'
982 1973 1040 2032 per
1060 1973 1125 2033 qua

117 2045 270 2109 nificatur
279 2047 369 2129 quod
383 2066 450 2108 non
463 2068 576 2108 verum
590 2047 622 2108 in
634 2044 786 2109 dodirina
799 2045 951 2127 amplius,
965 2066 1025 2108 nec
1040 2045 1124 2107 intel

117 2140 196 2213 veri,
217 2151 251 2203 et
275 2141 353 2201 inde
377 2160 443 2202 non
464 2161 577 2221 pugna
596 2151 630 2202 et
654 2142 846 2203 resistentia
869 2150 988 2202 contra
1008 2140 1125 2201 salsum

118 2239 137 2265 ‘⁸
147 2254 278 2296 currum
289 2234 303 2257 ”
313 2233 520 2315 significatur
530 2233 683 2298 dod‘trina
693 2236 772 2307 veri,
784 2256 842 2315 per
854 2242 873 2264 ‘¹
883 2254 1004 2315 equum
1014 2234 1028 2255 ”
1042 2232 1124 2295 intel

117 2327 196 2409 ejus,
222 2349 280 2410 per
301 2335 441 2391 “arcum
466 2328 544 2391 belli
554 2329 569 2351 ”
592 2349 705 2410 pugna
729 2339 848 2391 contra
871 2328 990 2390 salsum
1014 2350 1058 2390 ex
1083 2328 1125 2389 do

120 2420 260 2503 (“arcus
273 2422 376 2485 belli'’
387 2423 507 2485 dicitur
517 2425 593 2504 quia
607 2422 807 2503 intelligitur
817 2421 969 2485 dodirina
983 2443 1125 2504 pugnari

119 2515 389 2596 “Ephraimum”
406 2516 613 2597 significatur
632 2516 775 2579 ecclesia
793 2517 904 2598 quoad
925 2514 1125 2578 intellee‘tun

117 2621 152 2673 et
163 2630 221 2691 per
231 2616 250 2641 ‘⁶
261 2610 533 2690 Hierosolymam
542 2611 675 2692 ”quoad
687 2608 875 2674 dostrinam
888 2631 894 2671 :
913 2623 946 2673 et
958 2613 1123 2673 instaurat

118 2702 239 2766 clesiae
255 2706 342 2786 apud
360 2705 489 2767 Gentes
506 2706 705 2769 describitur
721 2726 779 2787 per
799 2706 892 2777 haec,
909 2705 1064 2768 “Contra
1083 2705 1125 2766 lo<

118 2817 237 2879 pacem
251 2800 409 2879 gentibus
422 2820 428 2873 ;
451 2801 654 2862 revertimini
667 2801 710 2862 ad
725 2801 980 2871 munimentum,
990 2797 1092 2861 vind'ti
1105 2821 1121 2860 s

119 2893 258 2955 tendam
287 2893 369 2956 Mihi
397 2893 574 2973 Jchudam,
603 2905 638 2956 et
665 2915 743 2957 arcu
771 2895 919 2975 implebo
947 2894 1125 2974 Ephraimt

118 2988 279 3049 excitabo
290 2986 375 3049 filios
389 2998 476 3059 tuos,
488 2988 600 3060 Zion,''
611 3009 669 3069 per
680 3009 765 3069 quae
776 2986 983 3068 significatur
993 2988 1083 3068 quod
1094 3008 1125 3050 e<

119 3081 336 3143 instauranda
356 3083 398 3143 sit
417 3083 505 3163 apud
525 3081 600 3144 illos
620 3084 675 3163 qui
697 3083 729 3143 in
750 3083 840 3144 bono
859 3084 982 3144 amoris
1001 3084 1033 3142 in
1055 3082 1125 3143 Dor

119 3186 208 3247 sunt,
226 3185 261 3238 et
281 3176 358 3238 inde
378 3177 409 3238 in
427 3179 533 3250 veris;
558 3197 616 3257 per
637 3183 782 3257 “pacem
793 3176 808 3197 ”
824 3176 1031 3256 significatur
1047 3175 1080 3236 id
1101 3177 1122 3237 b

119 3290 178 3351 per
190 3268 374 3350 “jehudam
384 3269 399 3292 ”
409 3269 456 3331 illi
469 3273 522 3351 qui
537 3271 567 3332 in
582 3270 640 3331 illo
653 3271 743 3331 bono
754 3282 842 3341 sunt,
854 3281 887 3333 et
902 3291 960 3350 per
973 3269 1121 3351 '‘Ephrai

119 3362 166 3425 illi
186 3365 240 3446 qui
263 3365 341 3426 inde
363 3366 395 3425 in
420 3361 595 3426 intelle&
615 3365 702 3440 veri;
730 3385 832 3445 quare
852 3364 973 3447 dicitur
992 3365 1033 3425 de
1054 3363 1125 3444 pr

120 3460 209 3540 quod
222 3466 241 3490 ‘⁴
251 3480 329 3521 arcu
340 3459 491 3540 implebit
505 3459 626 3532 illum,’'
637 3461 700 3522 hoc
712 3470 774 3529 est,
787 3457 940 3522 doetrina
951 3461 1037 3521 veri:
1059 3459 1125 3520 illus

120 3552 252 3615 illorum
272 3555 304 3615 in
326 3556 411 3615 veris
436 3554 635 3617 describitur
655 3575 712 3635 per
736 3555 830 3626 haec,
853 3554 1000 3615 “Exibit
1025 3556 1110 3615 sicut

121 3646 226 3709 telum
239 3646 357 3728 Ipsius,
367 3658 401 3709 et
414 3647 579 3710 Dominus
589 3648 732 3729 Jehovih
743 3649 883 3709 buccina
895 3647 1043 3726 clanget,
1053 3667 1090 3707 ac
1103 3647 1125 3706 ir

121 3741 154 3803 in
174 3741 330 3822 procellis
351 3743 498 3804 meridiei
511 3743 536 3817 ;”
561 3742 695 3805 “telum
705 3743 719 3763 ”
737 3743 827 3822 quod
849 3744 961 3802 “sicut
982 3741 1091 3820 lulgur
1110 3762 1125 3801 e

122 3835 288 3916 significat
314 3857 428 3897 verum
454 3835 669 3908 illustratum,
696 3839 742 3898 ita
767 3856 881 3898 verum
909 3857 953 3897 ex
981 3837 1071 3896 bono
1097 3856 1125 3896 at

124 3931 293 3992 “buccina
316 3930 477 4011 clanget''
500 3930 669 4011 significat
698 3933 949 4012 perceptionem
977 3931 1056 3991 boni
1084 3950 1125 3991 m:

123 4032 214 4099 tam;
242 4033 276 4086 et
302 4024 499 4105 “procellae
524 4024 696 4086 meridiei''
719 4024 910 4103 significant
937 4020 1125 4084 intellettur

124 4117 357 4193 manifestum;
384 4116 590 4180 “meridies”
606 4129 658 4180 est
679 4117 737 4179 lux
758 4119 844 4179 veri:
870 4119 981 4198 agitur
997 4118 1040 4178 ibi
1060 4117 1102 4178 de

124 4230 178 4284 no,
199 4211 246 4273 ita
265 4212 353 4293 quod
374 4210 431 4274 illa
449 4232 469 4273 a
489 4212 645 4274 Domino.
691 4211 793 4293 Apud
813 4211 939 4285 Mosen,

175 4361 191 4380 ‘¹
201 4357 282 4407 filius
297 4357 426 4406 fecundae
438 4357 580 4421 josephus,
595 4357 665 4406 lilius
678 4357 808 4406 fecundae
822 4357 898 4418 juxta
910 4357 1029 4411 iontem:
1049 4356 1125 4411 filiae,

254 4437 333 4485 super
342 4438 445 4472 murum
456 4437 462 4482 ;
474 4425 671 4471 exacerbabunt
679 4438 749 4505 eum,
759 4435 785 4472 et
794 4423 988 4484 jaculabuntur,
998 4432 1024 4470 et
1033 4422 1096 4469 odio
1104 4424 1125 4470 lt.
