2716 4986
140 495 221 561 1314
447 490 697 542 APOCALYPSIS
719 488 945 540 EXPLICATA.

135 672 226 754 quod
244 672 287 735 sit
308 671 491 747 Dominus,
521 669 626 752 (quod
646 690 705 750 per
725 667 897 750 “angelos
905 667 921 692 '⁹
939 668 972 731 iu
992 665 1110 730 Verbo
1128 666 1240 730 intelli·

135 776 236 847 gatur
255 766 413 828 Divinum
434 765 561 827 Verum
581 764 767 845 procedens
785 784 806 826 a
828 763 987 835 Domino,
1008 763 1055 824 ita
1080 763 1157 843 Ipse
1179 763 1241 827 Do·

134 859 245 919 minus
268 857 380 939 quoad
404 856 565 918 Divinum
588 855 729 927 Verum,
748 855 906 916 videatur
926 874 1031 935 supra
1053 870 1243 933 (n.130.200.

136 963 229 1026 302);
259 947 313 1009 hic
341 946 509 1008 Dominus
531 946 643 1027 quoad
666 944 981 1008 manifestationem
1004 944 1116 1026 qualis
1141 945 1243 1008 sutura

134 1037 277 1101 ecclesia
303 1039 337 1101 in
366 1037 490 1100 ultimis
514 1038 723 1118 temporibus
745 1037 856 1118 quoad
879 1036 1112 1117 receptionem
1140 1036 1243 1099 Divini

133 1130 214 1194 Veri
228 1132 251 1213 ;)
275 1153 320 1194 ex
333 1130 578 1213 significatione
593 1130 763 1205 '‘volare,”
775 1131 865 1212 quod
878 1131 921 1192 sit
938 1130 1108 1194 illustrare
1120 1141 1155 1195 et
1171 1132 1243 1194 dare

131 1220 345 1286 intellettum
364 1240 464 1297 <nequa
472 1239 542 1283 enam
553 1239 691 1299 sequium
715 1232 750 1285 et
766 1241 811 1284 ex
827 1220 1081 1302 significatione
1099 1223 1162 1284 “in
1177 1242 1242 1285 me·

132 1315 188 1377 dio
201 1315 314 1387 caeli,”
324 1314 414 1396 quod
430 1316 473 1376 sit
490 1315 521 1375 in
541 1316 695 1377 universo
711 1314 817 1387 caelo,
835 1334 893 1376 seu
908 1332 1028 1376 omnes
1044 1315 1102 1396 qui
1121 1315 1154 1378 in
1174 1336 1244 1378 cae·

132 1404 172 1467 llS
187 1426 194 1467 ἰ
215 1423 292 1479 (quod
302 1417 316 1435 '¹
324 1423 347 1466 in
357 1422 438 1466 medio
445 1422 458 1436 ''
467 1422 584 1479 significet
594 1422 618 1466 in
626 1422 737 1466 universo
745 1429 769 1467 et
779 1422 813 1466 sle
823 1434 914 1472 omnes.
921 1421 1119 1480 videatursupm,
1128 1437 1152 1469 n.
1162 1423 1221 1487 213
1230 1425 1244 1482 ι)

130 1518 174 1558 ex
196 1498 245 1560 his
262 1509 418 1561 constare
439 1509 551 1579 potest
569 1498 658 1580 quod
679 1519 737 1579 per
755 1498 864 1560 “Vidi
882 1509 917 1560 et
936 1500 1049 1562 audivi
1069 1519 1171 1562 unum
1190 1521 1244 1562 an·

130 1591 245 1671 gelum
277 1593 450 1655 volantem
481 1595 513 1655 in
547 1593 659 1655 medio
689 1591 797 1655 caeli”
826 1591 1033 1673 significetur
1068 1593 1244 1657 illustratio

130 1687 278 1748 omniurn
298 1688 352 1769 qui
375 1687 408 1749 in
429 1686 529 1749 caelis
547 1688 588 1750 de
612 1695 704 1749 statu
720 1686 883 1750 ecclesiae
903 1687 935 1748 in
955 1684 1020 1748 fine
1039 1686 1131 1768 ejus:
1159 1688 1244 1770 quod

130 1779 309 1843 illustratio
332 1782 373 1843 de
398 1791 489 1843 statu
509 1781 672 1843 ecclesiae
695 1783 727 1843 in
752 1780 817 1843 line
840 1780 920 1861 ejus,
940 1790 993 1843 est
1017 1783 1096 1863 quia
1119 1783 1244 1845 dehoc

130 1874 163 1935 in
187 1877 403 1956 sequentibus
427 1877 547 1956 agitur.
593 1874 693 1956 Quod
718 1864 777 1955 per
797 1876 938 1937 “videre
962 1886 997 1937 et
1020 1878 1136 1939 audire
1146 1877 1160 1900 '¹
1179 1879 1243 1958 sig-

128 1966 281 2030 nificetur
293 1970 420 2049 aperire
437 1966 646 2031 intellectum
664 1970 706 2031 ad
724 1969 986 2050 percipiendum,
1003 1980 1056 2032 est
1075 1972 1152 2051 quia
1170 1972 1243 2033 “vi-

128 2058 233 2121 dere”
259 2059 429 2140 significat
455 2061 660 2142 intelligere,
685 2071 719 2122 et
741 2059 910 2122 “audire'’
933 2062 1120 2142 percipere.
1164 2080 1244 2136 (Quod

127 2149 141 2168 ¹⁸
150 2155 229 2199 videre
237 2155 250 2169 '⁹
265 2155 380 2212 significet
395 2156 533 2213 intelligere,
543 2157 651 2200 videatur
659 2169 738 2213 supra,
749 2170 771 2200 n.
784 2139 860 2208 260,
878 2164 902 2201 et
911 2157 977 2212 quod
987 2153 1001 2169 ‘¹
1009 2158 1095 2202 audire
1103 2158 1116 2173 ''
1128 2160 1242 2216 significet

126 2235 333 2292 perciperentur
343 2248 453 2292 suptar.
469 2235 513 2296 14.
527 2221 604 2292 108.)
635 2219 737 2299 Quod
748 2219 1011 2291 “volare,''cum
1023 2221 1068 2282 de
1082 2220 1241 2296 Domino,

126 2309 293 2390 significet
313 2311 491 2384 illustrare,
509 2325 561 2373 est
581 2313 658 2393 quia
676 2319 694 2343 ⁸⁸
704 2311 818 2374 volare
827 2311 841 2335 ''
855 2312 976 2374 dicitur
994 2312 1038 2373 de
1057 2311 1241 2384 intellectu,

125 2415 160 2466 et
188 2405 229 2466 de
257 2405 326 2484 ejus
354 2408 442 2467 visus
466 2408 667 2468 extensione
695 2407 928 2482 circumcirca;
960 2426 1074 2486 quare,
1098 2426 1175 2468 cum
1203 2407 1242 2469 de

126 2496 283 2568 Domino,
296 2501 436 2561 “volare
447 2499 461 2521 ”
472 2499 637 2579 significat
648 2495 840 2561 intellectus
851 2498 1113 2561 illustrationem
1128 2522 1135 2576 ;
1155 2501 1241 2582 quod

125 2591 298 2664 “volare’‘
311 2613 385 2655 cum
399 2593 441 2655 de
457 2594 614 2664 Domino,
628 2594 795 2674 significet
808 2595 1240 2674 omnipraesentiam,vide-

123 2692 200 2745 atur
227 2704 328 2764 supra
354 2704 388 2754 in.
404 2685 524 2759 Ι’1282);
557 2686 699 2765 proinde
726 2686 831 2746 etiam
858 2685 1140 2759 illustrationem,
1165 2705 1239 2748 nam

123 2775 176 2836 ubi
199 2775 363 2837 Dominus
384 2796 542 2855 praesens
561 2788 613 2839 est
637 2779 681 2839 ibi
700 2789 752 2839 est
774 2776 965 2839 illustratio.
1012 2777 1090 2840 Hoc
1110 2798 1240 2860 quoque

122 2868 329 2949 significatur
350 2891 407 2950 per
427 2870 569 2934 “volare
579 2871 594 2895 '¹
612 2874 700 2952 apud
720 2873 896 2944 Davidem,

174 3019 245 3068 Deus
263 3021 416 3082 “equitavit
431 3035 510 3082 super
525 3022 650 3077 cherubo,
667 3022 767 3069 volavit
781 3032 807 3070 et
822 3019 916 3070 vectus
930 3031 971 3069 est
986 3037 1068 3083 super
1080 3023 1132 3071 alis
1145 3023 1217 3072 venti
1226 3022 1240 3040 ''

252 3085 308 3144 (Ps.
323 3086 396 3133 xviii.
411 3099 437 3132 11
452 3083 497 3149 [B.
508 3089 541 3135 Α.
557 3084 614 3149 10];
634 3088 729 3135 2Sum.
742 3087 805 3135 xxii.
820 3088 872 3147 11):

122 3251 180 3310 per
201 3232 435 3294 “cherubum”
458 3230 664 3312 significatur
687 3233 818 3294 caelum
838 3233 1013 3308 intimum;
1039 3253 1099 3313 per
1119 3234 1238 3316 “equi-

122 3335 194 3386 tare
204 3324 218 3346 ”
234 3325 314 3386 dare
333 3324 542 3387 intellectum
559 3337 594 3387 et
611 3325 798 3401 illustrare;
822 3325 976 3388 similiter
995 3346 1056 3408 per
1074 3328 1216 3391 “volare
1225 3327 1239 3350 ’⁹

121 3430 155 3482 et
176 3440 234 3499 per
255 3421 358 3480 ‘'vehi
378 3440 476 3499 super
494 3421 555 3482 alis
574 3421 666 3482 venti
680 3420 705 3496 ;”
729 3421 788 3481 sed
813 3441 871 3499 per
891 3423 1070 3502 “equitare
1080 3421 1095 3446 ’‘
1114 3421 1238 3503 signifi·

121 3524 216 3576 catur
235 3513 314 3574 dare
339 3511 559 3586 intellectum,
579 3534 617 3575 ac
642 3513 819 3586 illustrare,
840 3514 892 3575 hic
916 3515 1048 3577 caelum
1073 3517 1236 3590 intimum,

120 3608 209 3688 quod
222 3627 279 3687 per
292 3614 309 3637 “
320 3607 501 3669 cherubum
511 3607 525 3629 '¹
537 3607 743 3687 significatur
755 3629 762 3683 ;
784 3627 842 3688 per
854 3613 872 3639 ‘⁴
882 3607 996 3671 volare
1006 3608 1021 3632 ”
1031 3610 1237 3690 significatur

119 3703 222 3762 etiam
244 3701 322 3761 dare
343 3699 622 3775 intellectumac
643 3702 819 3773 illustrare,
840 3702 899 3763 sed
919 3703 1051 3765 caelum
1072 3707 1236 3778 medium;

119 3804 154 3856 at
175 3814 233 3873 per
248 3795 352 3855 “vehi
372 3815 470 3874 super
487 3795 547 3857 alis
564 3797 656 3857 venti
666 3795 680 3818 '⁹
693 3794 899 3877 significatur
916 3797 997 3859 dare
1014 3798 1235 3871 intellectum,

118 3905 156 3947 ac
184 3883 355 3945 illustrare
383 3887 514 3947 caelum
538 3885 715 3947 ultimum:
744 3903 822 3959 (quod
836 3899 986 3960 “muium'‘
1001 3906 1120 3962 significet
1134 3908 1191 3952 dare
1204 3907 1237 3950 in-

118 3979 248 4031 tellectum,
259 3980 366 4023 ridentur
377 3994 455 4036 supra,
467 3995 489 4025 n.
503 3980 609 4044 355[c],
623 3965 735 4043 364[b];
758 3983 824 4039 quod
836 3978 849 3996 ¹⁴
858 3984 979 4029 cherubus
987 3985 1000 4000 '’
1012 3986 1131 4041 significet
1145 3987 1236 4031 caelum

117 4060 235 4108 intimum,
245 4071 324 4115 supra,
336 4073 359 4103 n.
372 4059 481 4122 3l3[a],
493 4060 563 4122 322,
580 4044 749 4122 3624621)
771 4047 862 4126 quod
878 4054 896 4078 “
906 4047 1050 4110 volare„
1066 4049 1235 4130 significet

118 4136 284 4197 illustrare
309 4135 438 4196 caelum
462 4137 619 4209 medium,
640 4146 692 4200 est
716 4139 792 4219 quia
814 4138 847 4200 id
871 4139 1002 4202 caelum
1027 4151 1080 4204 est
1104 4141 1232 4205 caelum

117 4227 298 4309 spirituale,
324 4248 362 4289 ac
388 4230 571 4308 spiritualia
595 4231 627 4291 in
652 4230 767 4293 Verbo
791 4231 1024 4312 significantur
1048 4254 1108 4316 per
1126 4237 1233 4298 varias

119 4330 137 4355 ¹⁶
146 4321 254 4394 aves,”
266 4332 301 4383 et
318 4342 376 4401 per
392 4342 504 4384 earum
520 4329 538 4354 “
548 4323 619 4385 alas
628 4325 641 4345 ”
653 4335 687 4387 et
700 4319 862 4388 “volatus
874 4326 900 4403 ;”
910 4328 1000 4409 quod
1013 4334 1033 4361 ‘⁴
1042 4331 1120 4392 vehi
1137 4351 1234 4411 super

115 4416 177 4479 alis
204 4414 319 4478 venti”
346 4414 512 4496 significet
539 4417 705 4481 illustrare
728 4418 858 4482 caelum
883 4421 1052 4500 ultimum,
1076 4436 1131 4490 est
1156 4426 1232 4508 quia
