2684 4988
369 510 464 560 can.
482 509 539 570 v1.,
556 510 659 560 vans.
674 511 785 576 4-tr.
803 495 927 581 365[b].
1147 511 1208 580 7¹1

123 677 200 740 elueri
217 677 308 758 apud
335 679 614 758 unumquemvis.
661 679 744 742 Inde
769 681 935 761 estquod
960 701 1019 761 per
1038 679 1211 762 “pacem”

124 770 145 832 in
156 790 280 852 supremo
298 791 413 834 sensu
434 769 641 851 significetur
658 772 833 847 Dominus,
851 775 884 836 in
904 794 1013 841 sensu
1021 772 1210 856 respectivo

126 865 208 926 caelum
225 875 264 928 et
283 866 444 927 ecclesia
467 868 499 927 in
523 869 702 941 communi,
723 879 758 930 et
782 889 915 950 quoque
939 869 1069 931 caelum
1094 880 1128 930 et
1153 888 1209 931 ec-

128 959 192 1020 rlesia
206 962 235 1020 in
258 960 465 1041 particulari
489 961 575 1041 apud
600 964 866 1044 unumquemvis.
919 961 1020 1044 Quod
1044 964 1126 1025 haec
1151 983 1211 1044 per

130 1053 249 1132 '‘putem''
268 1057 303 1115 in
326 1054 450 1116 Verbo
473 1053 714 1134 significentur,
733 1068 890 1119 constare
910 1067 1024 1138 potest
1043 1079 1088 1120 ex
1107 1056 1209 1138 pluri·

129 1144 167 1207 bus
185 1145 256 1210 locis
278 1148 338 1220 ibi,
364 1168 509 1229 quorum
536 1150 718 1230 sequentia
745 1150 788 1213 ad
815 1148 1107 1214 confirmationem
1131 1150 1210 1213 volo

129 1239 249 1303 adducere
261 1242 427 1323 :-Apud
447 1241 647 1315 Jolrannem,

162 1371 219 1435 lesus
230 1375 303 1430 dixit,
316 1376 334 1396 ‘⁴
346 1374 443 1422 Pacem
461 1376 583 1438 relinquo
596 1376 682 1435 vobis,
695 1391 788 1438 pacem
802 1390 889 1426 meam
908 1377 944 1425 do
956 1378 1050 1432 vobis;
1074 1392 1128 1425 non
1143 1378 1211 1427 sicut

217 1440 331 1563 pupdps
343 1440 390 1487 dat
404 1439 462 1566 lpgo
475 1441 510 1488 do
522 1442 615 1490 vobis:
635 1457 669 1489 ne
683 1443 804 1490 turbator
816 1457 862 1489 cor
875 1452 1002 1499 vestrum,
1015 1457 1100 1505 neque
1119 1442 1211 1490 lormi-

235 1516 259 1552 et
304 1519 360 1553 xiv.
376 1517 408 1563 27
427 1521 433 1553 :

127 1625 203 1704 agitur
215 1626 254 1689 ibi
273 1627 318 1689 de
336 1629 462 1689 unione
479 1627 614 1691 Domini
634 1649 709 1691 cum
728 1629 838 1703 Patre,
855 1627 920 1691 hoc
940 1639 1003 1702 est,
1021 1630 1063 1691 de
1084 1630 1207 1692 unione

127 1715 204 1782 llivini
227 1719 373 1783 Humani
401 1721 509 1803 Ipsius
536 1742 611 1784 cum
639 1724 712 1804 ipso
736 1722 860 1785 Divino
883 1723 974 1804 quod
1002 1723 1036 1784 in
1060 1723 1140 1805 Ipso
1164 1742 1208 1784 ex

127 1816 323 1895 conceptione.
343 1826 379 1877 et
399 1816 478 1877 inde
497 1816 540 1878 de
559 1813 796 1898 conjunctione
816 1816 954 1879 Domini
973 1836 1049 1879 cum
1070 1816 1210 1898 illisqui

126 1905 147 1965 in
157 1911 226 1970 veris
240 1930 283 1971 ex
301 1910 394 1972 bono
414 1921 513 1986 sunt;
537 1911 615 1973 inde
635 1931 693 1991 per
710 1917 729 1941 ‘¹
741 1930 859 1992 pacem
870 1909 884 1934 '’
900 1910 1101 1992 intelligitur
1118 1921 1210 1974 tran·

125 2000 227 2081 quillum
246 2006 371 2066 mentis
390 2025 435 2067 ex
456 2003 513 2066 illa
528 2002 783 2085 conjunctione:
808 2015 842 2067 et
860 2004 937 2086 quia
955 2025 1014 2086 per
1033 2005 1124 2067 illam
1144 2006 1209 2068 tuti

124 2106 205 2158 sunta
222 2098 314 2160 malis
334 2109 369 2160 et
389 2098 481 2159 falsis
501 2119 585 2180 quae
605 2100 648 2161 ab
667 2098 806 2170 inlern0,
827 2109 959 2160 tutatur
978 2100 1067 2160 enim
1089 2098 1207 2160 Domi·

125 2205 165 2250 nus
177 2190 240 2253 illos
255 2194 310 2275 qui
328 2191 451 2254 Secum
468 2189 636 2273 conjuncti
652 2205 742 2264 sunt,
757 2192 833 2255 ideo
850 2193 942 2262 dicit,
958 2199 976 2222 ‘⁴
987 2191 1038 2254 Ne
1055 2188 1210 2279 turbator

123 2299 163 2343 cor
178 2297 325 2358 vestrum,
352 2307 461 2368 neque
483 2286 672 2349 formidet.’'
727 2286 822 2348 Haec
852 2286 974 2348 Divina
1004 2307 1071 2368 pax
1096 2297 1148 2349 est
1176 2287 1208 2348 in

124 2373 241 2459 homine;
264 2393 298 2443 et
318 2383 399 2462 quia
421 2391 474 2443 est
494 2381 623 2444 caelum
645 2401 720 2443 cum
745 2380 812 2454 illa,
832 2383 935 2443 etiam
959 2401 1018 2461 per
1039 2386 1185 2462 “pacem
1195 2380 1209 2405 ”

123 2469 154 2530 ibi
165 2473 349 2556 intelligitur
365 2474 508 2546 caelum,
526 2486 560 2537 et
577 2477 609 2537 in
627 2495 783 2556 supremo
800 2495 900 2536 sensu
917 2475 1091 2536 Dominus.
1137 2474 1207 2537 Pax

125 2575 207 2628 autern
228 2570 341 2630 mundi
369 2580 491 2631 estex
516 2570 727 2631 successibus
751 2569 806 2640 ibi,
831 2569 879 2629 ita
902 2590 945 2630 ex
971 2567 1207 2648 conjunctione

123 2675 176 2721 rum
188 2665 325 2738 mundo;
349 2684 436 2745 quae
452 2665 528 2744 quia
544 2674 596 2725 est
614 2663 716 2725 modo
732 2673 888 2738 externa,
906 2673 940 2725 et
959 2683 1025 2725 non
1044 2662 1208 2726 Dominus

124 2763 149 2812 et
160 2755 219 2818 inde
231 2778 295 2821 non
310 2758 442 2820 caelum
460 2760 492 2819 in
509 2757 577 2831 illa,
592 2759 676 2838 perit
691 2777 766 2819 cum
780 2759 850 2819 vita
863 2757 1007 2819 hominis
1023 2759 1055 2818 in
1070 2758 1206 2828 mundo,

124 2856 150 2905 et
166 2852 289 2914 vertitur
318 2853 351 2912 in
381 2871 449 2913 non
474 2871 612 2932 pacem3
643 2851 720 2913 ideo
748 2851 829 2913 dicit
855 2850 1031 2922 Dominus,
1057 2851 1207 2914 “Pacem

124 2946 270 3008 meando
294 2947 410 3021 vobis;
443 2937 509 3008 fion
537 2947 621 3008 sicut
652 2946 797 3007 mundus
824 2945 884 3007 dat
912 2944 989 3025 Ego
1019 2945 1064 3006 do
1086 2945 1210 3007 vobis.''

124 3029 199 3115 Apud
215 3041 369 3113 eundem,

159 3167 222 3231 Jesus
236 3173 312 3229 dixit,
331 3176 347 3196 ‘⁴
359 3172 434 3221 Haec
452 3173 557 3221 locutus
575 3187 633 3221 sum
652 3173 738 3229 vobis,
753 3182 783 3222 ut
800 3173 827 3220 in
848 3171 893 3221 Me
911 3187 1004 3235 pacem
1023 3173 1161 3230 habeatis,
1182 3173 1209 3221 in

219 3241 319 3287 mundo
327 3237 500 3287 affiictionem
510 3239 628 3287 habetis:
647 3238 695 3287 sed
705 3238 839 3296 confidite,
853 3237 910 3300 Ego
920 3238 970 3286 vici
980 3238 1110 3286 mundum
1120 3237 1134 3255 ”
1144 3238 1207 3296 (xvi.

223 3307 278 3364 sn:

121 3410 195 3476 etiam
209 3417 258 3480 liic
283 3438 342 3499 per
362 3422 509 3499 “pacem
523 3416 538 3440 ”
557 3416 760 3498 intelligitur
772 3415 956 3497 jucundum
977 3417 1145 3479 internum
1165 3435 1210 3478 ex

122 3507 327 3587 conjunctione
344 3531 421 3573 cum
441 3510 599 3584 Domino,
617 3512 706 3574 unde
723 3512 853 3573 caelum
871 3521 906 3573 et
922 3511 1081 3591 gaudium
1101 3521 1211 3573 aeter·

121 3614 185 3663 num.
224 3603 419 3687 Opponitur
435 3605 487 3666 hic
502 3625 569 3684 pax
588 3602 769 3676 afflictioni.
783 3607 859 3686 quia
873 3624 931 3685 per
945 3611 963 3635 ¹⁶
973 3603 1212 3667 afflictionem

121 3691 295 3771 significatur
315 3699 490 3761 infestatio
511 3720 531 3760 a
552 3700 648 3761 malis
666 3710 701 3761 et
718 3699 820 3772 salsis,
841 3718 926 3779 quae
946 3697 1010 3759 illis
1029 3709 1082 3760 est
1102 3700 1155 3780 qui
1179 3700 1212 3761 in

121 3802 180 3862 pace
200 3793 319 3855 Divina
343 3804 423 3855 sunt
452 3794 612 3875 quamdiu
635 3795 753 3856 vivunt
777 3793 809 3854 in
834 3792 979 3868 mundo;
1009 3813 1087 3855 caro
1111 3794 1211 3880 enim,

121 3896 193 3957 quam
207 3899 284 3951 tunc
302 3887 555 3958 circumierunt,
575 3887 784 3969 concupiscit
804 3885 861 3948 illa
876 3906 962 3968 quae
979 3885 1093 3948 mundi
1113 3897 1212 3962 sunt;

122 3970 176 4037 inde
200 3979 351 4043 afflictio:
384 4002 487 4062 quare
521 3982 603 4044 dicit
636 3981 811 4053 Dominus,
834 3979 913 4042 “Ut
944 3981 976 4041 in
1008 3979 1064 4041 Me
1094 3999 1212 4061 pacem

122 4063 263 4146 habeatis:
290 4078 322 4137 in
344 4077 472 4139 mundo
495 4075 677 4138 afflictione
701 4076 833 4137 habetis
845 4074 870 4136 :’'
894 4084 928 4136 et
953 4075 1030 4156 quia
1048 4073 1213 4139 Dominus

122 4167 206 4239 quoad
236 4169 433 4232 Humanum
464 4191 560 4232 suum
592 4170 768 4252 acquisivit
800 4169 868 4232 Sibi
896 4169 1084 4249 potentiam
1115 4188 1213 4247 super

123 4251 229 4333 inferna,
242 4265 286 4326 ita
299 4286 400 4346 super
414 4265 502 4326 mala
515 4276 549 4327 et
566 4265 648 4327 salsa
662 4285 746 4346 quae
763 4263 840 4326 inde
853 4263 941 4344 apud
955 4263 1213 4343 unumquemvis

124 4365 270 4436 assurgunt
296 4361 328 4421 in
357 4378 496 4422 carnem
520 4371 554 4422 et
582 4360 754 4432 infestant,
780 4359 856 4421 ideo
879 4357 972 4431 dicit,
998 4354 1211 4428 “Confidite,

125 4437 183 4522 Ego
198 4452 255 4513 vici
273 4453 467 4516 mundum.’'
511 4453 613 4536 Apud
632 4453 766 4530 Lucam,
