2684 4988
114 446 176 514 75²
424 447 673 500 aroentvrsrs
696 450 923 505 exscreare.

165 611 272 664 “Mane
290 615 404 665 surrexit
421 615 506 680 Jacob
525 616 552 667 in
570 617 713 676 mantino,
727 628 754 668 et
771 621 888 683 sumpsit
905 621 1023 684 lapidem
1041 637 1115 687 quem
1130 629 1199 686 posu

246 680 296 728 sub
308 680 435 742 capitalia
446 695 503 738 sua,
517 690 545 730 et
557 683 648 744 posuit
660 683 735 732 illurn
748 684 776 732 in
789 693 917 743 statuam,
928 695 956 735 et
967 687 1038 736 ludit
1046 688 1130 736 oleum
1140 696 1199 750 sup*

246 754 327 807 caput
342 745 417 807 ejus;
440 756 467 795 et
483 748 592 797 vocavit
609 761 710 797 nomen
728 750 780 799 loci
797 750 870 800 illius
889 751 984 801 Betbel
994 762 1093 806 :....et
1108 750 1199 810 dixit:

244 810 349 859 rediero
366 811 394 859 10
412 826 478 873 paee
495 812 529 861 ad
546 812 657 861 domum
677 815 761 876 patris
778 815 832 864 mei
835 853 905 871 .....
911 817 980 879 lapis
998 818 1042 866 bic
1059 832 1132 882 quem
1143 827 1199 880 posi

244 884 368 932 statuam,
383 876 434 924 erlt
445 877 542 926 domus
556 876 605 927 Dei
614 877 628 896 ”
640 878 743 940 (xxviii.
756 880 793 937 18,
807 892 845 942 19,
859 876 926 944 [an]
938 884 987 941 00).

114 1005 225 1072 Causa
243 1009 332 1091 quod
356 1010 403 1073 ita
422 1011 580 1073 unxerint
605 1011 745 1092 lapides,
765 1021 839 1076 erat
863 1014 940 1095 quia
963 1034 1023 1096 per
1043 1014 1189 1098 “lapides

114 1101 388 1183 significabantur
407 1125 496 1177 vera,
514 1124 553 1167 ac
571 1125 650 1168 vera
667 1105 795 1188 absque
814 1107 906 1170 bono
922 1128 991 1170 non
1008 1109 1114 1172 vitam
1129 1110 1195 1192 spiri

114 1192 240 1260 t'ualem
257 1196 395 1270 habent,
413 1196 478 1260 hoc
495 1208 560 1273 est,
577 1200 683 1262 vitam
699 1220 720 1261 a
739 1200 884 1278 Divino;
907 1221 984 1264 cum
1001 1223 1082 1266 vero
1097 1203 1199 1285 lapide

113 1290 190 1353 oleo
214 1288 303 1353 une'ti
326 1302 434 1366 erant,
456 1301 535 1355 tunc
559 1295 865 1374 repraesentabant
888 1317 969 1359 vera
991 1317 1037 1359 ex
1060 1297 1158 1370 bono,
1177 1317 1199 1359 a

113 1386 146 1446 in
175 1404 333 1466 supremo
361 1405 462 1448 sensu
492 1385 650 1449 Divinum
678 1387 806 1451 Verum
835 1391 1024 1471 procedens
1052 1410 1074 1452 a
1104 1391 1199 1454 Divin

114 1478 210 1541 Bono
221 1479 368 1551 Domini,
379 1481 434 1561 qui
447 1480 525 1543 inde
538 1477 645 1543 dictus
656 1491 708 1545 est
721 1481 852 1564 “Lapis
864 1483 1026 1547 Israelis.'’
1060 1485 1130 1567 Ipsi
1139 1484 1199 1567 lapi

113 1572 173 1635 des
183 1569 284 1636 eretti
297 1570 376 1636 dieti
388 1573 520 1637 fuerunt
534 1584 681 1649 statuae,
692 1586 728 1638 et
741 1576 957 1640 habebantur
969 1575 1131 1661 sanitaej
1149 1579 1199 1641 ind

114 1687 191 1729 usus
213 1678 402 1730 statuarum
425 1669 513 1750 apud
537 1671 706 1751 antiquos
727 1681 762 1734 et
785 1670 862 1734 dein
878 1672 919 1733 in
939 1692 1057 1736 eorum
1081 1673 1199 1757 templi

113 1760 201 1842 Quia
217 1771 297 1824 tunc
318 1761 401 1844 lapis
418 1762 474 1825 ille
493 1782 513 1825 a
527 1761 657 1842 Jacobo
672 1760 803 1827 ereetus
818 1767 1112 1846 repraesentative
1127 1787 1199 1830 sane

114 1854 259 1919 tificatus
278 1866 361 1930 erat,
379 1857 455 1919 ideo
474 1857 620 1920 vocabat
638 1857 746 1938 Jacob
765 1878 889 1921 nornen
907 1858 974 1922 loci
991 1859 1199 1935 “Bethel‚''e

113 1951 199 2014 dixit
218 1950 308 2032 quod
328 1950 383 2013 ille
404 1950 488 2032 lapis
507 1960 598 2013 esset
620 1951 769 2014 “domus
788 1952 880 2015 Dei.'’
923 1952 1044 2015 Betlcel
1059 1952 1199 2036 significa

115 2045 281 2108 “domum
299 2044 391 2119 Dei‚”
408 2055 443 2108 et
461 2044 610 2107 “domus
627 2044 690 2109 Dei
700 2045 714 2068 '⁹
732 2044 900 2126 significat
917 2047 1101 2111 ecclesiam
1116 2069 1199 2130 quoa

113 2140 249 2213 bonum,
277 2149 313 2203 et
342 2139 376 2202 in
404 2159 560 2221 supremo
587 2159 688 2203 sensu
716 2140 899 2204 Dominum
926 2143 1039 2224 quoad
1067 2142 1199 2207 Divinur

114 2230 313 2293 Humanum
335 2250 431 2292 suurn
455 2230 550 2310 (Jolr.
568 2231 599 2291 ii.
620 2232 749 2312 19-22).
802 2247 918 2306 (neuqua
933 2248 1061 2295 videamur
1074 2251 1190 2309 apum

112 2320 217 2364 Arcanis
230 2319 377 2366 Caelestibur.
410 2319 533 2363 Praeterea
544 2319 615 2363 etiarn
632 2319 672 2371 ibi,
683 2319 757 2375 Quod
772 2326 864 2364 statuae
874 2320 905 2365 ab
920 2322 1025 2379 antiquis
1035 2322 1130 2368 crestae
1145 2322 1199 2369 lueri

113 2388 136 2431 in
147 2388 248 2444 signum,
260 2386 284 2429 in
296 2393 378 2431 testem
390 2393 414 2430 et
425 2386 447 2430 in
459 2385 557 2437 cultum,
570 2399 593 2431 n.
606 2399 673 2443 37²7·
705 2387 779 2443 Quod
789 2387 897 2444 primitus
908 2387 995 2433 tuerint
1005 2388 1082 2434 saneti
1093 2390 1190 2440 termini,

112 2467 179 2512 37²7·
211 2455 285 2511 Quod
295 2454 350 2498 dein
359 2453 435 2498 betae
445 2453 491 2497 sint
501 2453 633 2506 incultum,
645 2466 668 2499 0.
679 2457 747 2510 4580.
780 2455 845 2511 Quid
855 2455 1026 2512 signifionrnnt,
1037 2457 1199 2514 n.4580,1064

111 2523 184 2580 Quod
195 2528 208 2545 ⁴¹
216 2522 307 2580 lapides
314 2522 327 2535 ''
336 2521 469 2579 significent
479 2534 541 2575 vera,
552 2535 581 2566 ae
593 2521 687 2579 “Lapis
700 2521 792 2566 Israelis
800 2521 812 2535 ''
824 2522 956 2567 Dominum
965 2524 1046 2580 quoad
1057 2523 1170 2569 Divinum
1181 2523 1199 2569 V

111 2603 172 2644 rum,
184 2603 207 2635 n.
218 2590 270 2647 643,
284 2591 349 2646 1298,
360 2602 427 2646 3700,
439 2589 506 2644 6406,
517 2589 584 2646 8609,
596 2590 663 2645 9388,
675 2591 742 2646 9389,
756 2589 836 2646 10376.
868 2590 942 2646 Quod
953 2589 1057 2635 fuderint
1067 2590 1148 2635 oleum
1158 2603 1199 2648 sup

112 2665 184 2716 caput
194 2664 293 2709 statuae,
304 2670 348 2701 seu
358 2656 468 2700 unxerint
480 2655 552 2708 illam,
564 2657 632 2712 quod
647 2656 738 2700 fantum
748 2657 777 2700 sit
793 2663 820 2701 ut
835 2656 989 2702 induceretur
1004 2657 1199 2716 repraesentativu

111 2725 159 2770 veri
170 2739 199 2770 ex
211 2725 284 2774 bono,
295 2725 361 2768 etsie
372 2724 524 2768 adhiberetur
534 2723 558 2766 in
569 2724 668 2774 cultum,
680 2736 703 2768 n.
715 2725 782 2780 3728.
793 2724 873 2782 4090.)

177 2797 238 2882 (ii.)
273 2798 369 2877 Quod
391 2798 547 2861 unxerint
573 2819 670 2860 arma
698 2797 783 2871 belli,
813 2799 899 2860 sicut
923 2808 1017 2863 scuta
1042 2809 1075 2863 et
1098 2799 1199 2882 clipeo.

111 2905 250 2959 constat
270 2894 359 2976 apud
377 2891 530 2968 Esaiam,

337 3026 467 3088 ‘'Surgite
480 3026 625 3089 principes,
639 3025 733 3088 ungite
746 3035 851 3075 scutum
860 3025 874 3046 ''
886 3025 951 3087 (¹¹f·
964 3026 1005 3090 5)ἱ

110 3155 145 3209 et
164 3145 197 3208 in
220 3142 324 3205 Libro
343 3142 488 3206 Secundo
507 3140 682 3214 Samuelis,

161 3262 178 3283 ‘¹
188 3259 308 3308 Pollutus
316 3267 358 3307 est
367 3256 467 3318 clipeus
477 3256 598 3312 heroum,
611 3255 714 3317 clipeus
725 3254 812 3303 Saulis
821 3270 876 3303 non
888 3253 985 3305 nntius
994 3265 1035 3305 est
1044 3257 1108 3305 oleo
1115 3256 1131 3276 ”
1140 3257 1167 3318 (i.
1177 3270 1199 3306 01

110 3392 211 3474 Quod
227 3410 320 3453 arma
335 3388 416 3453 belli
435 3386 535 3451 00610
548 3388 680 3462 suerint,
695 3398 768 3451 erat
785 3407 886 3450 causa
899 3388 976 3470 quia
989 3388 1200 3469 significabat

110 3487 396 3567 veralpugnantia
419 3494 539 3546 contra
563 3482 666 3559 salsa;
691 3502 729 3545 ac
754 3503 833 3545 vera
856 3503 901 3546 ex
925 3482 1015 3545 buno
1039 3494 1120 3547 sunt
1145 3507 1199 3568 qur

109 3581 225 3643 valent
239 3589 358 3642 contra
371 3578 438 3650 illa,
451 3598 518 3639 non
533 3587 647 3639 autern
661 3597 740 3639 vera
753 3577 878 3659 absque
891 3578 1002 3640 bono:
1020 3591 1199 3662 quapropn

111 3695 204 3738 arma
226 3674 306 3737 belli
330 3673 633 3755 repraesentabant
657 3692 736 3734 vera
764 3692 822 3752 per
844 3693 931 3754 quae
960 3671 1036 3752 Ipse
1062 3672 1199 3737 Domini

110 3780 239 3853 pugnat
258 3769 346 3850 apud
366 3768 539 3830 hominem
560 3777 680 3830 contra
697 3767 780 3829 salsa
797 3787 844 3829 ex
863 3766 964 3841 malo,
982 3787 1068 3848 quae
1086 3779 1169 3833 sunt
1188 3792 1199 3834 ε

110 3863 252 3926 inferno.
292 3877 377 3936 (Quod
392 3874 405 3888 '¹
414 3890 481 3921 arma
494 3875 571 3921 belli''
586 3876 718 3934 significent
732 3888 787 3919 vera
801 3875 932 3932 pugnantia
945 3882 1028 3919 contra
1040 3874 1109 3928 laisa,
1123 3878 1199 3923 videa·

110 3973 135 4004 n.
153 3961 218 4014 1788,
234 3958 300 4010 0686,
317 3965 341 4002 et
355 3969 434 4014 supra,
449 3969 474 4002 n.
496 3939 691 4019 13l[a],367:
712 3961 736 3999 et
749 3955 816 4011 quod
831 3949 934 3998 ''bella''
951 3953 975 3998 in
991 3966 1080 4010 genere
1096 3955 1199 4014 significi

108 4044 201 4090 pugnas
216 4029 355 4088 spirituales,
367 4043 390 4074 n.
404 4029 469 4085 1⁶⁶4,
482 4029 549 4082 0686,
561 4031 628 4086 8073,
640 4031 711 4085 8095;
728 4041 756 4072 ae
768 4026 890 4072 ''hostes’'
902 4026 965 4070 mala
980 4033 1003 4070 et
1019 4026 1086 4078 salsa,
1103 4028 1128 4071 in
1145 4043 1199 4088 geni

108 4097 206 4149 inferna.
217 4111 240 4143 0.
254 4101 320 4154 2851,
332 4100 400 4154 8089,
411 4097 491 4154 9314.)

173 4171 246 4255 (iii.)
281 4171 377 4250 Quod
390 4172 549 4235 unxerint
565 4171 675 4234 altare
688 4180 720 4233 et
736 4170 846 4233 omnia
863 4170 931 4252 q'us
950 4189 1045 4243 vasa,
1067 4179 1141 4232 tum
1162 4181 1199 4235 tet

108 4269 229 4332 terium
243 4278 426 4341 corruentes,
444 4277 475 4329 et
491 4267 600 4329 omnia
619 4287 702 4348 quae
721 4264 812 4341 inibi,
831 4273 968 4328 constat
987 4263 1078 4343 apud
1098 4263 1199 4329 Mose

158 4400 233 4452 Dixit
243 4401 405 4528 Jebovagad
416 4400 520 4457 Mosen,
533 4403 550 4423 ‘⁴
559 4400 673 4463 Unges”
681 4401 773 4458 altare,
786 4401 803 4422 “
811 4409 837 4448 et
845 4394 1024 4449 sandificaots
1032 4395 1100 4446 illud
1108 4396 1199 4462 ’'(Eaer

242 4482 313 4518 xxix.
327 4480 340 4528 3
376 4482 382 4526 ;
