2716 4986
124 487 203 566 1046
430 498 681 550 arocuuvrsrs
703 499 929 562 exemeras.

119 670 245 732 mundo
269 670 444 751 spirituali,
469 681 504 734 et
532 690 600 733 non
627 671 660 733 in
689 679 808 733 nostro
833 669 971 743 mundo,
996 676 1034 731 ut
1061 675 1216 730 ostensum

117 764 272 825 videatur
293 765 325 825 in
350 764 513 845 opusculo
536 764 587 826 De
613 763 735 827 Ultimo
757 762 933 843 Judr'cio.·)
965 763 1057 844 quod
1083 760 1218 822 “bonurn

117 858 256 920 semen''
284 869 318 921 et
348 857 550 921 “triticum”
576 859 644 921 sint
675 858 765 931 boni,
794 858 849 939 qui
880 857 924 919 ibi
955 865 1123 918 vocantur
1149 851 1219 914 “filii

118 953 242 1032 regni,”
274 962 307 1015 et
342 953 431 1034 quod
465 952 643 1015 “zizania''
677 953 744 1014 sint
779 951 858 1013 mali
892 951 947 1024 ibi,
981 951 1038 1032 qui
1072 956 1220 1011 vocantur

120 1045 204 1108 “lilii
233 1045 342 1117 mali‚'’
365 1056 400 1108 et
428 1046 517 1126 quod
543 1045 714 1108 “messis'’
738 1045 874 1128 quando
901 1044 1074 1126 separatio
1100 1040 1166 1115 fiet,
1186 1040 1221 1101 sit

118 1151 252 1220 tempus
273 1139 382 1202 ultimi
402 1138 526 1220 judicii,
544 1158 622 1202 nam
642 1139 764 1202 dicitur
782 1138 929 1200 “messis
949 1147 1002 1200 est
1022 1152 1221 1199 consumma·

119 1236 168 1295 llo
197 1234 325 1296 saeculi
335 1235 349 1258 '⁹
379 1248 403 1307 ('‘
412 1252 588 1296 consummatio
601 1250 711 1296 saeculi⁰
726 1259 762 1296 est
775 1257 870 1308 tempus
883 1249 961 1295 ultiml
974 1248 1067 1306 Judieii,
1078 1247 1182 1293 videatur
1192 1259 1223 1290 su·

117 1354 166 1397 pm.
182 1353 205 1385 n.
223 1339 315 1403 397rt
349 1324 440 1406 quod
470 1334 552 1386 tunc
577 1323 815 1404 “colligentur
840 1323 969 1385 zizania
995 1323 1030 1384 in
1056 1318 1223 1384 fasciculos

117 1421 159 1482 ad
183 1422 459 1494 comburendum,
477 1440 516 1483 ac
541 1421 690 1483 triticum
719 1419 997 1501 congregandum
1025 1419 1070 1480 sit
1098 1418 1132 1480 in
1157 1416 1223 1477 hor·

117 1515 240 1587 reum‚”
264 1515 432 1596 significat
458 1515 547 1596 quod
576 1514 655 1576 mali
682 1514 866 1577 secundum
894 1532 1022 1593 genera
1046 1522 1083 1574 et
1109 1512 1224 1593 species

118 1609 197 1671 mali
220 1610 310 1690 quod
341 1609 430 1691 apud
461 1609 548 1681 illos,
572 1608 757 1689 colligendi
780 1609 847 1670 sint
872 1617 906 1669 et
930 1606 1104 1687 rejiciendi
1131 1607 1161 1666 in
1183 1606 1224 1664 in·

117 1703 265 1766 ternum:
296 1703 359 1784 (ita
382 1703 418 1765 fit
443 1722 519 1765 cum
542 1703 640 1765 malis
665 1702 801 1784 quando
820 1700 1022 1781 rejicuntur;
1051 1699 1116 1762 hoc
1136 1696 1225 1761 intel·

119 1797 234 1878 ligitur
264 1819 323 1879 per
352 1794 617 1860 “collectionem
645 1799 678 1860 in
708 1796 886 1877 fasciculos
898 1794 940 1876 :'')
973 1805 1008 1858 et
1037 1795 1128 1877 quod
1157 1792 1226 1855 boni

119 1893 342 1953 conservandi
366 1894 444 1964 sint,
469 1891 671 1972 intelligitur
694 1912 754 1972 per
776 1890 1112 1971 “congregationem
1135 1886 1226 1950 tritici

117 1987 149 2047 in
173 1987 329 2048 horreum
339 1986 354 2008 ”
373 1985 574 2066 (“horreum
584 1986 598 2008 '¹
615 1996 666 2048 est
687 1987 742 2047 ubi
762 1981 920 2047 colledlio
939 1982 1135 2064 bonorum).
1178 1980 1226 2043 Ex

118 2080 169 2142 his
189 2091 347 2142 constare
367 2090 481 2162 potest
501 2080 591 2161 quod
615 2080 786 2161 separatio
808 2079 974 2141 bonorum
999 2099 1019 2140 a
1044 2077 1142 2140 malis
1165 2075 1228 2158 ple·

119 2176 211 2236 naria
238 2175 296 2237 fiat
321 2185 475 2256 tempore
498 2174 607 2237 ultimi
631 2173 756 2254 judicii,
782 2184 816 2236 et
840 2173 930 2254 quod
958 2174 1049 2254 prius
1074 2191 1142 2234 non
1168 2168 1228 2232 fieri

119 2271 226 2350 possit
247 2278 385 2350 propter
401 2266 673 2349 conjunctionem
690 2265 928 2350 supradictam,
946 2278 982 2329 et
1003 2267 1094 2349 quod
1115 2263 1229 2346 alioqui

118 2365 264 2444 perirent
279 2363 357 2424 boni
371 2380 446 2424 cum
460 2362 557 2424 malis
571 2384 578 2438 ;
599 2382 676 2423 nam
689 2362 823 2434 dicitur,
837 2361 918 2424 “Ne
931 2361 1019 2423 sorte
1033 2359 1230 2441 colligentes

119 2457 244 2517 zizania
264 2456 442 2517 eradicetis
462 2455 559 2516 simul
580 2475 655 2517 cum
675 2455 740 2517 illis
760 2457 908 2517 triticum
922 2454 947 2530 ;”
967 2465 1002 2517 et
1023 2455 1148 2517 dicitur
1166 2470 1229 2514 am·

118 2549 215 2630 plius,
235 2549 371 2611 “Sinite
391 2569 455 2610 una
475 2569 626 2611 crescere
645 2569 749 2631 usque
768 2549 810 2610 ad
831 2548 1007 2622 messem,”
1026 2548 1091 2611 hoc
1112 2556 1175 2621 est,
1193 2543 1230 2607 ad

118 2645 446 2706 consummationem
471 2645 605 2706 saeculi.
654 2643 751 2705 Nunc
775 2646 852 2724 quia
875 2645 1049 2725 separatio
1073 2643 1230 2705 bonorum

117 2758 136 2798 a
157 2736 253 2798 malis
277 2738 313 2798 fit
338 2758 396 2818 per
415 2737 577 2799 influxum
599 2737 710 2799 lenem
730 2748 764 2800 et
784 2739 960 2800 remissum
981 2737 1097 2801 Divini
1121 2755 1230 2819 proce·

118 2833 230 2892 dentis
252 2852 270 2892 a
295 2830 453 2903 Domino,
471 2851 510 2892 ac
535 2829 655 2911 ejedtio
675 2831 841 2893 malorum
867 2834 898 2893 in
923 2831 1090 2894 infernum
1112 2852 1172 2914 per
1187 2831 1230 2891 in·

118 2924 244 2986 fluxum
259 2925 370 2985 Divini
384 2924 505 2986 fortem
520 2937 554 2987 et
569 2927 750 2998 intensum,
764 2937 923 2988 constare
936 2935 1054 3006 potest
1067 2923 1230 3007 quomodo

120 3020 233 3080 omnia
253 3017 309 3079 illa
329 3038 414 3098 quae
433 3020 651 3081 continentur
668 3021 699 3080 in
721 3020 825 3081 tribus
842 3021 956 3100 primis
973 3019 1128 3081 versibus
1144 3017 1230 3097 hujus

119 3114 239 3193 capitis
271 3112 493 3192 intelligenda
520 3123 609 3185 sunt,
636 3113 713 3174 dum
742 3135 786 3174 ex
815 3134 915 3176 sensu
942 3113 1110 3194 spirituali
1137 3114 1230 3174 scitur

118 3207 196 3287 quid
215 3205 422 3286 significatur
439 3227 497 3287 per
513 3212 665 3269 “ventos
677 3209 731 3288 qui
749 3208 975 3269 retinerentur
988 3226 1030 3268 ne
1048 3205 1230 3269 laederetur

119 3310 219 3374 terra,
235 3321 326 3362 mare
344 3310 378 3363 et
395 3301 503 3374 arbor,
519 3311 701 3382 antequam
719 3303 805 3362 servi
823 3301 886 3363 Dei
903 3301 1029 3380 signati
1047 3310 1128 3363 sunt
1142 3317 1229 3381 super

118 3395 311 3457 frontibus''
357 3394 539 3475 Quomodo
556 3398 627 3476 ipsa
644 3397 813 3477 separatio
829 3395 877 3469 fit,
892 3397 997 3457 etiam
1014 3397 1133 3476 paucis
1149 3397 1229 3458 dice·

120 3500 181 3551 tur.
230 3488 375 3568 Quando
395 3491 474 3552 boni
494 3501 693 3571 separantur
715 3512 733 3552 a
753 3491 860 3562 malis,
879 3489 969 3570 quod
993 3488 1031 3552 fit
1051 3511 1071 3552 a
1092 3491 1230 3552 Domino

118 3604 177 3663 per
196 3584 358 3644 influxum
384 3584 496 3645 Divini
522 3584 628 3665 Ipsius
653 3586 826 3646 remissum
852 3605 889 3646 ac
915 3604 974 3664 per
992 3582 1228 3665 inspectionem

118 3678 150 3737 in
182 3678 239 3739 illa
268 3699 353 3758 quae
384 3689 460 3739 sunt
489 3676 674 3740 affedtionis
702 3679 883 3759 spiritualis
910 3678 1000 3759 apud
1030 3678 1176 3760 angelos
1201 3685 1229 3739 et

120 3773 267 3852 spiritus
297 3783 377 3834 tunc
406 3772 485 3833 lacit
515 3773 679 3834 Dominus
708 3782 744 3834 ut
772 3773 819 3834 illi
847 3774 901 3854 qui
929 3773 1070 3833 interius
1099 3783 1135 3836 et
1163 3771 1230 3834 inde

118 3886 250 3945 quoque
276 3867 425 3928 exterius
454 3867 532 3928 boni
561 3878 650 3940 sunt,
675 3877 810 3929 vertant
839 3887 874 3928 se
902 3867 944 3928 ad
976 3866 1104 3947 Ipsum,
1129 3878 1165 3930 et
1191 3866 1229 3927 sic

120 3968 278 4023 avertant
303 3981 338 4022 se
361 3981 380 4021 a
405 3960 521 4036 malis;
546 3972 580 4023 et
605 3981 680 4022 curn
705 3982 740 4022 se
760 3970 897 4023 vertunt
921 3958 1005 4021 fiunt
1030 3958 1229 4042 inconspicui

120 4052 228 4125 malis
254 4054 318 4115 hoc
343 4055 431 4116 enirn
456 4075 634 4117 commune
662 4065 714 4116 est
742 4056 774 4116 in
799 4055 924 4116 mundo
948 4055 1125 4136 spirituali,
1150 4051 1229 4137 quod

118 4168 193 4209 cum
213 4148 330 4230 aliquis
347 4151 470 4210 avertit
490 4170 525 4212 se
545 4151 588 4211 ab
604 4150 681 4222 alio,
701 4149 759 4211 fiat
780 4150 1037 4230 inconspicuus;
1063 4171 1131 4232 quo
1150 4146 1229 4212 satio

118 4243 196 4303 mali
214 4244 359 4323 separati
376 4254 464 4314 sunt,
481 4264 519 4305 ac
534 4244 631 4305 simul
649 4245 751 4306 etiam
765 4265 783 4305 a
797 4241 916 4305 mutto
928 4244 1019 4323 quod
1037 4244 1071 4306 in
1086 4243 1230 4307 externis

117 4339 252 4400 mentiti
271 4348 360 4412 sunt,
381 4349 415 4399 et
435 4339 481 4399 sic
503 4337 659 4419 spetiant
680 4339 722 4400 ad
746 4339 920 4410 infernum,
941 4359 1008 4419 quo
1028 4341 1134 4402 etiarn
1154 4356 1228 4402 mox

116 4433 351 4514 conjiciuntur.
382 4450 431 4507 (De
440 4451 594 4494 conversione
604 4450 644 4494 illa
650 4451 775 4494 videantur
783 4452 852 4508 plura
861 4452 885 4494 in
894 4464 967 4508 opere
978 4451 1016 4496 De
1027 4452 1097 4497 Caelo
1105 4458 1129 4497 et
1136 4452 1230 4512 Insmo.
