2684 4988
121 477 189 562 ⁶96
434 491 686 543 nrocnurnsrs
709 490 937 544 exemerim.

124 683 170 728 ex
197 660 290 726 salsis
316 671 352 726 et
381 663 657 744 impugnationes
683 662 763 735 veri,
793 659 1015 743 “sagittarii''
1038 680 1094 722 seu
1119 672 1184 720 aren

125 765 285 820 tenentes
301 766 380 820 sunt
397 758 452 838 qui
469 758 670 839 impugnant
687 776 767 818 vera
783 777 828 818 ex
844 754 936 818 salsis
952 751 1137 818 dodtrinae:
1152 751 1184 814 in

99 912 102 917 .
125 850 249 914 dicitur
269 851 382 932 “fugit
407 862 483 915 tota
506 850 614 923 urbs,”
630 861 665 914 et
687 857 793 912 “tota
816 849 896 912 urbs
917 849 1054 912 deserta
1065 847 1091 926 ;”
1110 845 1184 908 “urb

124 943 295 1028 significat
314 942 504 1008 dodtrinam
523 944 699 1008 ecclesiae.
746 943 850 1026 Apud
870 942 1025 1017 Esaiam,

180 1077 302 1144 Jebovab
317 1079 449 1128 “sustulit
466 1080 574 1141 signum
591 1079 717 1141 gentibus
730 1093 745 1127 e
757 1078 907 1141 longinquo
908 1114 979 1135 .....
983 1086 1011 1127 et
1027 1076 1184 1126 ecoeeitorr

258 1146 347 1193 veniet
350 1182 420 1201 .....
426 1142 527 1206 ¹¹¹cujus
541 1144 595 1192 tela
608 1154 694 1200 acuta,
709 1153 735 1193 et
749 1158 846 1192 omnes
860 1157 938 1192 arcus
952 1142 1012 1204 ejus
1026 1141 1112 1199 tensi3
1128 1154 1184 1202 uugi

257 1209 459 1336 {qussmngsju'
470 1211 539 1258 sicut
553 1225 634 1272 rupes
646 1220 812 1271 reputantur,
827 1218 854 1257 et
868 1218 943 1258 rotae
956 1207 1015 1270 ejus
1027 1207 1096 1256 sicut
1107 1219 1183 1269 proce

268 1291 292 1325 v.
339 1289 369 1333 ,2
405 1292 411 1325 ι

127 1424 187 1488 per
198 1405 297 1468 “tela
307 1404 377 1486 ejus
387 1405 518 1479 acuta,”
528 1414 563 1467 et
575 1426 634 1487 per
646 1411 664 1436 ‘⁴
674 1425 773 1468 arcus
781 1404 853 1485 ejus
863 1401 1184 1485 tensos”significan

126 1497 212 1562 falsa
230 1497 404 1562 doctrinae
423 1510 543 1580 parata
566 1499 608 1561 ad
633 1499 877 1561 destruendum
897 1517 996 1560 vera:
1020 1496 1101 1579 quid
1120 1497 1184 1577 sigr

127 1602 224 1658 catur
247 1612 308 1675 per
330 1600 482 1674 “gentes
504 1615 524 1656 e
547 1592 764 1675 longinquo,”
783 1614 842 1675 per
862 1591 1040 1674 “ungulas
1062 1611 1184 1673 equoru

126 1702 214 1770 quae
230 1689 316 1751 sicut
333 1708 431 1770 rupes
448 1698 658 1769 reputantur,
676 1697 711 1751 et
729 1709 789 1770 per
803 1687 950 1751 “rotas''
961 1706 1050 1769 quae
1065 1687 1154 1748 sicut
1171 1705 1184 1766 p

77 1773 83 1782 ’
127 1779 226 1855 cella,
240 1781 394 1845 videatur
406 1784 440 1844 in
453 1802 535 1845 mox
548 1783 712 1864 superiori
727 1781 882 1856 articulo,
897 1781 953 1844 ubi
968 1780 1146 1863 explicata
1159 1800 1184 1841 sr

128 1874 234 1959 Apud
252 1877 370 1952 Amos,

180 2011 197 2033 ⁸¹
207 2009 268 2059 Non
276 2020 372 2059 tenens
381 2025 471 2060 arcum
480 2011 619 2068 consistet,
630 2025 716 2074 neque
728 2011 799 2060 celer
811 2010 928 2072 pedibus
937 2009 994 2058 suis
1007 2009 1104 2073 eripiet
1116 2023 1155 2062 se.
1166 2023 1182 2056 n

259 2076 381 2139 equitans
388 2090 457 2139 equo
463 2076 557 2139 eripiet
565 2077 683 2124 animam
690 2091 776 2133 suam,
785 2077 834 2125 sed
840 2076 920 2125 {ortis
928 2075 1009 2125 corde
1017 2088 1068 2124 sno
1077 2074 1149 2123 inter
1155 2074 1184 2122 br

260 2142 344 2204 lugiet
356 2143 444 2191 nudus
456 2142 483 2190 in
496 2142 539 2190 die
552 2141 620 2191 illo''
629 2142 667 2202 (ii.
679 2142 783 2203 14-1d):

128 2278 183 2343 hic
207 2278 408 2342 describitur
427 2279 561 2360 propria
584 2277 827 2359 intelligentia,
847 2287 883 2342 et
906 2277 986 2340 inde
1004 2275 1128 2339 tiducia
1146 2296 1184 2338 en

107 2362 219 2457 §uod
240 2374 346 2454 possit
366 2374 559 2436 ratiocinari
579 2395 624 2435 ex
644 2373 737 2435 salsis
756 2381 878 2435 contra
896 2392 997 2447 vera;
1021 2391 1081 2453 per
1100 2377 1184 2433 “ten

126 2486 245 2532 arcum
265 2487 333 2529 non
352 2468 530 2539 consistet,
545 2476 579 2529 et
600 2462 691 2530 celer
711 2467 852 2548 pedibus
872 2486 940 2529 non
959 2467 1080 2548 eripiet
1099 2464 1168 2538 se,”

131 2559 285 2624 nificatur
303 2561 393 2644 quod
412 2563 468 2643 qui
491 2564 556 2624 scit
581 2562 739 2624 alacriter
762 2570 797 2624 et
821 2559 965 2624 solerter
988 2559 1184 2623 ratiocinari

129 2650 283 2719 dod'trina
299 2666 334 2719 et
350 2677 396 2718 ex
409 2657 572 2719 memoria
588 2677 676 2738 quae
691 2654 854 2719 naturalis
868 2655 1025 2728 hominis,
1042 2653 1125 2716 nihil
1143 2674 1184 2736 pu

130 2750 306 2815 consulere
322 2750 423 2813 saluti
440 2771 531 2823 suae,
545 2761 580 2813 et
598 2752 785 2813 consistere
799 2749 999 2830 diejudicii;
1019 2748 1130 2811 simile
1147 2750 1184 2829 sig

130 2843 251 2909 beatur
266 2866 325 2928 per
342 2846 527 2928 “equitans
543 2866 631 2927 equo
649 2865 716 2908 non
733 2846 853 2927 eripiet
870 2847 1017 2907 animam
1034 2863 1130 2906 suam
1144 2843 1171 2919 ;”

132 2932 284 3004 “iortem
307 2940 411 3002 corde
433 2941 489 3023 qui
512 2939 618 3021 fugiet
640 2938 779 3021 [nudus]
800 2941 833 3002 in
857 2940 912 3002 die
934 2937 1025 3013 illo,”
1043 2936 1184 3019 significi

130 3035 221 3117 quod
240 3037 296 3116 qui
319 3033 401 3098 fidet
425 3035 487 3097 sibi
511 3055 556 3096 ex
576 3054 617 3096 eo
634 3034 723 3116 quod
744 3034 936 3097 ratiocinari
956 3035 1064 3115 possit
1083 3053 1130 3095 ex
1149 3032 1182 3095 ia

131 3129 328 3212 deprivatus
347 3132 410 3194 erit
428 3131 521 3193 omni
537 3151 618 3192 vero
636 3139 738 3207 tunc;
763 3150 822 3212 per
839 3131 990 3193 “sortem
1007 3129 1111 3192 corde
1119 3128 1135 3152 ''
1151 3130 1184 3191 in

131 3223 247 3307 ligitur
270 3225 325 3307 qui
348 3225 411 3287 sibi
438 3245 483 3287 ex
511 3245 554 3286 eo
577 3223 672 3300 fidet,
697 3233 732 3287 et
756 3245 816 3306 per
840 3224 995 3288 “nudum
1005 3223 1022 3248 ''
1043 3222 1184 3305 signific:

131 3316 328 3400 deprivatus
347 3320 440 3382 omni
458 3339 551 3382 vero.

99 3418 105 3431 '
193 3417 262 3502 [a]
294 3419 401 3502 Apud
418 3420 601 3495 Davidem,

183 3551 284 3601 “Deus
301 3551 388 3615 Judex
405 3552 501 3614 justus,
517 3551 591 3602 Deus
609 3553 729 3603 irascens
740 3561 799 3602 tota
815 3553 875 3608 dle:
895 3553 919 3602 sl
937 3566 992 3601 non
1010 3565 1136 3601 reversus
1153 3550 1184 3600 ln

264 3618 358 3674 malus.
371 3618 517 3695 “gladium
529 3633 607 3696 suum
621 3619 701 3675 acuit,
714 3633 805 3695 arcum
814 3633 891 3667 suum
900 3618 1022 3696 tetendit,
1033 3627 1061 3666 et
1073 3617 1184 3701 4⁸5¹st

263 3685 630 3812 ita-dreafgazivilsigiltm
647 3694 751 3742 morus,
765 3684 819 3733 tela
836 3699 886 3732 sua
901 3684 1023 3732 ardenua
1039 3682 1103 3732 laert
1141 3681 1184 3744 (Pr

132 3878 291 3943 tribuitur
306 3877 361 3942 hic
379 3877 454 3942 Deo
471 3879 561 3961 quod
582 3881 746 3944 irascatur
762 3880 864 3954 malo,
883 3881 973 3964 quod
990 3879 1142 3962 gladium
1160 3902 1184 3942 si

132 3984 246 4048 acuat,
260 3992 374 4037 arcum
388 3994 485 4036 suum
499 3975 620 4037 tendat
637 3986 672 4038 et
686 3975 822 4056 dirigat,
837 3986 1016 4057 praeparet
1029 3996 1110 4037 vasa
1124 3995 1182 4038 mo

132 4077 168 4132 et
193 4067 264 4131 tela
283 4089 343 4131 sua
361 4068 518 4131 ardentia
537 4069 650 4143 saciat,
672 4070 731 4133 sed
757 4069 961 4151 intelligitur
979 4071 1011 4132 in
1033 4089 1136 4132 sensu
1159 4090 1184 4151 s]

133 4161 216 4226 tuali
230 4163 320 4245 quod
335 4163 438 4225 homo
454 4165 503 4226 ita
515 4163 616 4226 iaciat
633 4165 717 4240 sibi;
741 4165 935 4227 tribuuntur
948 4163 1006 4227 illa
1020 4165 1095 4226 Deo
1111 4165 1143 4226 in
1156 4185 1184 4226 s<

133 4256 281 4330 litterae,
298 4259 375 4340 quia
388 4259 415 4320 is
431 4278 549 4320 sensus
565 4268 619 4321 est
634 4259 809 4332 naturalis,
824 4269 858 4321 et
873 4280 933 4340 pro
944 4257 1089 4321 naturali
1103 4258 1184 4320 hom

133 4350 188 4434 qui
207 4352 315 4415 credit
328 4352 418 4435 quod
435 4353 607 4416 timendus
620 4355 664 4416 sit
682 4351 775 4415 Deus
793 4362 984 4436 propterea,
998 4373 1036 4415 ac
1051 4354 1153 4417 timor
1166 4373 1185 4414 a

133 4442 229 4511 illum
247 4457 406 4529 operatur
424 4447 514 4529 quod
534 4467 628 4510 amor
648 4458 770 4530 postea
789 4467 865 4510 cum
885 4447 922 4510 fit
942 4446 1146 4529 spiritualis;
1174 4447 1183 4508 i
