2684 4988
292 472 374 522 cnr.
392 470 573 532 v1„vnns.
594 470 721 537 14-u.
737 455 872 540 405[d].
1081 472 1144 538 913

104 642 177 704 lde
202 641 364 712 Domino,
389 637 558 721 significat
589 638 749 701 Divinum
780 639 956 711 Amorem,
987 636 1143 700 “Hiero-

104 735 182 797 rma”
199 734 381 797 ecclesiam
401 733 513 815 quoad
531 753 621 806 vera,
641 743 676 795 et
696 733 775 795 inde
795 731 916 794 Divina
933 752 1013 795 vera
1032 731 1143 794 eccle-

104 858 114 900 ,
128 839 160 891 et
179 828 347 891 “oriens'’
367 828 527 890 Divinum
547 826 698 889 Bonum:
723 847 782 908 per
803 825 1027 888 “diffindetur
1043 825 1145 888 Mons

104 942 211 994 rarum,
236 942 313 1003 pars
341 921 413 1002 ejus
440 941 555 983 versus
586 932 697 983 ortum
728 931 763 982 et
790 940 905 982 versus
936 939 1028 982 mare
1054 919 1144 982 valle

104 1014 182 1095 gna,'’
197 1013 409 1096 significatur
424 1016 595 1096 separatio
614 1013 747 1076 illorum
764 1015 819 1095 qui
839 1014 872 1075 in
893 1013 984 1074 bono
1003 1023 1082 1075 sunt
1101 1013 1145 1075 ab
1233 1062 1239 1066 .

113 1110 164 1189 qui
182 1109 214 1171 in
231 1107 344 1184 malo;
364 1107 495 1170 “Mons
503 1107 518 1131 ”
533 1109 623 1170 enim
642 1105 875 1177 “Olivarum”
888 1117 924 1168 ut
941 1103 1079 1179 dicium,
1091 1116 1144 1169 est

104 1202 169 1262 inus
187 1200 308 1272 Amor,
330 1207 457 1263 “ortus
465 1201 481 1224 ”
496 1210 549 1263 est
570 1201 624 1263 ubi
643 1200 690 1263 illi
709 1201 817 1282 quiin
838 1199 962 1261 Divino
981 1198 1089 1271 Bono,
1109 1208 1144 1261 et

104 1294 233 1357 are”est
243 1295 297 1356 ubi
307 1294 355 1357 illi
364 1296 419 1376 qui
430 1294 573 1367 inmalo,
583 1314 674 1357 mare
685 1295 774 1357 enim
785 1293 929 1374 inplaga
940 1292 1145 1356 occidentali

104 1389 196 1449 tundo
207 1387 372 1469 spirituali
384 1398 538 1470 separat:
557 1408 615 1469 per
626 1389 789 1450 “recedet
804 1408 881 1468 pars
892 1387 1018 1448 montis
1029 1407 1145 1449 versus

104 1483 296 1543 tentrionem
321 1492 356 1543 et
382 1502 458 1563 pars
484 1481 553 1562 ejus
577 1503 692 1543 versus
717 1481 889 1543 meridiem
899 1480 914 1503 ”
937 1479 1146 1561 significatur

104 1577 197 1637 natio
213 1574 346 1637 illorum
361 1577 415 1657 qui
432 1576 465 1636 in
482 1575 574 1637 salsis
590 1574 668 1636 mali
685 1575 728 1636 ab
742 1574 875 1656 illisqui
895 1575 926 1636 in
941 1575 1028 1636 veris
1044 1574 1123 1636 boni
1137 1597 1144 1649 ;

104 1668 273 1748 rptentrio''
286 1680 339 1731 est
357 1669 412 1730 ubi
432 1669 479 1730 illi
498 1670 554 1749 qui
573 1669 606 1730 in
625 1667 716 1730 falsis
733 1667 823 1742 mali,
840 1669 917 1749 quia
934 1669 966 1730 in
984 1669 1143 1739 tenebris,

107 1762 269 1824 ‘meridies
280 1761 296 1785 ’'
315 1762 370 1823 ubi
394 1761 442 1823 illi
460 1763 515 1843 qui
539 1763 571 1823 in
591 1763 679 1823 veris
698 1761 788 1833 boni,
808 1763 885 1842 quia
908 1762 941 1823 in
965 1761 1061 1823 luce:
1087 1781 1146 1842 per

104 1874 146 1916 inc
168 1854 301 1935 fugietis
330 1875 389 1936 per
411 1854 536 1917 vallem
555 1857 722 1917 montium
746 1854 915 1917 meorum'’
937 1853 1146 1935 significatur

104 1948 217 2011 illunc
237 1950 293 2030 qui
313 1951 345 2010 in
366 1950 452 2010 veris
472 1969 516 2010 ex
536 1949 627 2010 bono
646 1960 724 2011 sunt
748 1950 951 2029 eripientur;
978 1948 1145 2028 “sugere’'

104 2040 194 2104 nificat
215 2044 307 2123 eripi,
331 2041 459 2104 “vallis
480 2044 646 2105 montium
657 2042 672 2065 '’
692 2041 860 2122 significat
885 2042 939 2104 ubi
964 2041 1011 2104 illi
1031 2043 1085 2123 qui
1111 2043 1142 2103 in

104 2136 279 2209 pitionibus
298 2136 368 2198 veri
392 2146 426 2199 et
450 2135 529 2198 inde
551 2137 584 2198 in
603 2137 689 2198 veris
713 2157 758 2197 ex
782 2136 872 2197 bono
895 2145 984 2209 sunt,
1010 2155 1088 2197 nam
1113 2137 1144 2197 in

104 2226 173 2289 libus
201 2228 361 2291 habitant
390 2228 436 2290 illi
461 2230 516 2310 qui
544 2230 576 2290 in
601 2229 851 2308 cognitionibus
875 2231 955 2300 veri,
980 2240 1015 2291 et
1047 2249 1146 2310 super

104 2322 200 2383 utibus
220 2322 267 2384 illi
290 2324 345 2404 qui
371 2324 402 2384 in
430 2323 542 2385 bono:
574 2329 636 2384 “et
661 2324 833 2403 pertinget
857 2322 955 2384 vallis
979 2325 1144 2386 montium

104 2433 140 2493 lue
155 2416 194 2477 ad
214 2415 327 2478 Azal¹'
343 2414 513 2496 significat
533 2417 783 2497 separationem
803 2437 822 2477 a
841 2415 932 2478 salsis
956 2416 1046 2493 mali,
1067 2437 1145 2479 nam

104 2507 173 2570 izal”
188 2508 357 2590 significat
375 2511 624 2590 separationem
641 2519 676 2571 et
691 2509 936 2571 liberationem.
976 2509 1145 2590 Quoniam

104 2598 165 2663 lons
180 2601 380 2665 Olivarum''
395 2604 450 2683 qui
470 2613 543 2665 erat
562 2614 644 2665 ante
662 2602 936 2682 Hierosolymam
954 2604 996 2665 ab
1015 2606 1146 2666 oriente

104 2694 240 2758 nificabat
266 2697 426 2757 Divinum
454 2697 630 2769 Amorem,
655 2708 690 2759 et
716 2697 986 2777 “Hierosolyma
1010 2698 1054 2760 ab
1080 2701 1145 2760 ori-

104 2786 140 2847 :el
151 2789 304 2851 Divinum
320 2789 448 2851 Verum
462 2791 650 2870 procedens
663 2812 707 2852 ex
723 2791 846 2852 Divino
863 2791 959 2853 Bono
978 2791 1029 2872 (ut
1047 2812 1147 2872 supra

104 2893 254 2944 moratum
274 2882 357 2963 est),
376 2883 452 2945 ideo
472 2882 638 2945 Dominus
658 2905 701 2945 ex
723 2885 825 2946 solito
842 2896 1072 2947 commoratus
1091 2897 1144 2948 est

104 2990 138 3035 >er
152 2975 206 3037 illo
226 2986 356 3049 monte,
377 2986 413 3038 ut
434 2986 530 3057 patet
550 2978 638 3058 apud
659 2976 792 3051 Lucam,

104 3103 158 3167 lesus
171 3113 251 3159 ‘'erat
263 3111 359 3159 diebus
372 3109 399 3158 in
413 3110 528 3173 Templo
541 3112 651 3168 docens,
666 3109 790 3161 noeiibus
803 3128 869 3160 vero
881 3113 1023 3174 egrediens
1037 3128 1147 3175 pernoc-

160 3177 223 3253 tagit
236 3177 263 3301 i)n
278 3175 374 3224 Monte
387 3176 431 3238 qui
443 3176 542 3225 dicitur
554 3176 714 3225 Olivarum''
727 3178 790 3238 (xxi.
803 3190 850 3238 37;
869 3193 926 3240 cap.
938 3179 1002 3228 xxii.
1015 3191 1061 3240 39:
1082 3180 1145 3243 Joh.

160 3256 213 3292 vui.
228 3255 239 3290 1
261 3259 267 3292 :

109 3360 141 3425 ibi
161 3364 292 3427 locutus
315 3375 369 3428 est
393 3385 469 3427 cum
493 3365 665 3447 discipulis
684 3367 726 3429 de
749 3367 899 3429 adventu
922 3389 983 3430 suo
1005 3377 1041 3430 et
1064 3387 1146 3430 con-

104 3461 253 3521 nmatione
274 3458 411 3533 saeculi,
432 3458 496 3521 hoc
516 3470 581 3532 est,
602 3460 644 3523 de
664 3460 785 3523 ultimo
800 3461 926 3541 judicio

289 3593 398 3654 (Mam.
408 3593 480 3643 xxiv.
491 3607 514 3653 3,
526 3609 595 3658 seq.;
613 3596 697 3644 Marc.
707 3596 763 3645 xiii.
773 3609 796 3655 3,
808 3594 890 3660 seq.):

104 3732 212 3799 quoque
232 3718 311 3780 inde
331 3718 392 3780 ivit
414 3718 700 3798 Hierosolymam,
721 3730 756 3783 et
777 3741 895 3802 passus

104 3843 189 3906 [Matri.
198 3851 252 3900 xxi.
265 3864 277 3899 1
288 3866 295 3908 ;
313 3865 371 3912 cap.
381 3852 453 3900 xxvi.
463 3864 509 3911 30:
528 3853 613 3902 Marc.
623 3853 658 3902 xi.
671 3865 682 3901 1
693 3868 699 3912 ;
717 3869 776 3916 cap.
786 3855 840 3904 xlv.
849 3855 895 3906 26:
913 3855 977 3906 Luc.
987 3857 1041 3905 xix.
1050 3869 1090 3919 29,
1101 3870 1147 3917 373

159 3917 558 3979 wmmwfflw=

107 4055 153 4116 per
172 4040 234 4103 hoc
259 4038 515 4121 significabatur
541 4043 630 4123 quod
658 4044 772 4105 omnia
799 4064 843 4105 ex
868 4044 992 4106 Divino
1016 4044 1146 4108 Amore

104 4132 151 4204 erit,
167 4140 185 4165 ⁴‘
195 4135 295 4197 Mons
305 4134 320 4157 ”
331 4136 420 4200 enim
439 4133 641 4198 “Olivarum
653 4137 668 4159 ”
685 4136 778 4199 illum
795 4137 1031 4217 significabat;
1052 4140 1145 4219 quic·

105 4219 209 4288 denim
229 4226 395 4287 Dominus
414 4227 447 4287 in
468 4228 593 4288 mundo
609 4227 699 4297 lecit,
717 4229 781 4290 hoc
799 4230 1090 4309 repraesentabat,
1109 4242 1145 4292 et

105 4319 184 4397 cquid
199 4319 334 4382 locutus
347 4329 411 4390 est,
425 4318 649 4400 significabat.
685 4319 785 4401 Quod
799 4323 831 4383 in
845 4325 1145 4404 repraesentativis

109 4408 322 4489 significativis
346 4413 454 4486 luerit,
483 4433 560 4475 cum
587 4416 619 4476 in
645 4415 783 4490 mundo,
811 4426 884 4478 erat
912 4436 1024 4490 causa,
1051 4427 1088 4479 ut
1112 4419 1145 4478 in
