2684 4988
343 470 424 521 cnr.
441 469 502 530 vn,
519 469 621 520 vens.
643 470 770 538 15.-u.
786 456 913 541 4o9[b].
1122 472 1186 545 945

119 637 259 701 '‘servum'‘
292 637 506 719 intelligatur
536 637 722 702 inserviens
757 649 793 702 et
826 638 976 702 efficiens
1009 638 1067 703 illa
1100 661 1187 724 quae

112 733 248 812 spiritualis
271 733 377 796 homo
398 733 471 795 vult
495 742 530 796 et
553 735 698 814 cogitat,
722 735 852 815 opinari
875 744 991 816 potest
1014 737 1104 817 quod
1128 757 1187 818 per

111 827 254 890 “servum’'
277 827 322 889 ibi
349 827 561 908 intelligatur
584 848 700 891 servus
723 829 778 909 qui
805 829 838 890 in
862 830 1026 892 servitute
1050 839 1113 903 est,
1138 832 1187 894 ita

105 923 251 984 secundum
280 941 497 983 communem
525 923 700 984 notionem
725 923 767 985 de
791 944 908 999 servo;
942 924 1001 985 sed
1029 925 1119 1005 quod
1143 926 1186 988 sit

104 1011 251 1078 inserviens
274 1026 309 1078 et
334 1015 486 1078 efficiens
509 1017 564 1097 qui
587 1016 801 1098 intelligitur,
822 1018 953 1098 patebit
977 1038 1022 1079 ex
1047 1017 1129 1080 locis
1152 1020 1186 1081 in

104 1104 194 1182 Verbo,
206 1131 293 1192 quae
307 1130 390 1172 mox
406 1110 627 1172 adducentur.
667 1110 751 1174 Cum
770 1111 937 1173 “servus’'
953 1112 986 1172 in
1004 1112 1068 1174 hoc
1086 1132 1186 1175 sensu

104 1203 231 1266 nVerbo
250 1206 385 1279 dicitur,-
403 1214 483 1267 tunc
504 1205 608 1268 homo
628 1205 801 1279 naturalis,
819 1207 874 1287 qui
891 1205 1062 1286 perillum
1082 1206 1186 1269 intel·

104 1296 191 1377 ¹gitur,
211 1319 280 1361 non
301 1298 401 1362 aliter
420 1309 473 1362 est
492 1320 608 1361 servus
627 1319 728 1380 quam
748 1300 835 1361 sicut
855 1318 976 1380 corpus
996 1310 1048 1362 est
1068 1321 1185 1363 servus

104 1412 148 1454 uae
162 1394 316 1469 animae;
341 1403 375 1455 et
392 1394 468 1474 quia
484 1393 669 1456 inserviens
686 1413 724 1454 ac
742 1392 891 1455 efficiens
907 1393 1110 1474 intelligitur
1125 1414 1186 1474 per

107 1486 259 1556 servum,’'
276 1487 355 1548 ideo
371 1487 474 1548 etiam
489 1487 657 1548 “servus'’
673 1487 795 1548 dicitur
811 1507 879 1548 non
897 1487 1006 1548 solum
1024 1487 1066 1550 de
1083 1498 1184 1550 natu·

104 1579 131 1640 ili
145 1579 281 1641 homine
297 1577 483 1661 respective
497 1580 539 1642 ad
553 1579 773 1661 spiritualem,
787 1580 964 1642 sedetiam
978 1581 1020 1643 de
1037 1580 1184 1644 homini·
1201 1593 1204 1599 '

104 1692 131 1733 us
147 1675 200 1754 qui
219 1673 295 1734 aliis
314 1693 453 1754 operam
473 1683 660 1754 praestant,
681 1673 790 1754 deque
809 1673 940 1754 angelis
958 1675 1013 1754 qui
1034 1674 1184 1739 efficiunt

104 1767 227 1829 laudata
262 1767 338 1839 Dei,
373 1768 477 1828 immo
510 1767 552 1828 de
587 1766 666 1848 Ipso
700 1766 849 1839 Domino
880 1768 991 1848 quoad
1023 1767 1183 1830 Divinum

104 1858 265 1923 [umanum
294 1861 403 1942 Ipsius
426 1880 501 1923 cum
524 1861 585 1923 suit
612 1861 645 1922 in
670 1861 814 1937 mundo;
846 1871 880 1924 et
904 1882 1037 1943 quoque
1061 1863 1183 1925 dicitur

104 1957 214 2018 everis
233 1977 279 2017 ex
303 1955 405 2028 bono,
426 1955 502 2036 quia
524 1955 651 2016 bonum
676 1975 736 2036 per
755 1975 834 2017 vera
852 1956 924 2035 agit
948 1965 983 2016 et
1007 1954 1122 2028 efficit,
1142 1976 1181 2019 ac

104 2049 145 2112 uia
159 2072 237 2113 vera
256 2059 435 2132 praestant
451 2069 588 2130 operam
606 2049 697 2113 bono
713 2050 803 2131 quod
819 2050 891 2111 vult
911 2061 946 2112 et
966 2050 1055 2131 quod
1076 2060 1181 2125 amat,

104 2145 172 2206 tsic
195 2165 306 2226 porro.
352 2143 531 2206 Praeterea
552 2143 720 2205 “servus’'
739 2144 861 2205 dicitur
883 2143 926 2207 de
950 2144 1095 2206 naturali
1119 2144 1181 2206 ho-

104 2239 157 2302 ine
187 2260 232 2301 ex
264 2237 461 2302 obedientia
487 2247 522 2300 et
553 2234 684 2309 effectu,
716 2239 854 2300 tametsi
885 2237 988 2300 homo
1020 2237 1183 2300 naturalis

104 2332 155 2414 pud
176 2342 417 2414 regeneratum
440 2352 545 2413 aeque
569 2341 621 2394 est
646 2330 729 2394 liber
752 2341 787 2392 et
811 2332 1002 2413 spiritualis,
1023 2333 1182 2413 quoniam

104 2447 168 2489 num
190 2438 297 2509 agunt
322 2428 410 2489 sicut
434 2427 618 2508 principale
641 2436 676 2488 et
696 2426 975 2502 instrumentale;
999 2426 1058 2487 sed
1079 2447 1182 2507 usque

104 2522 227 2584 aturalis
244 2522 349 2584 homo
366 2518 555 2603 respective
572 2520 614 2582 ad
629 2519 836 2602 spiritualem
849 2530 992 2582 vocatur
1006 2526 1026 2551 ‘⁴
1036 2520 1182 2591 servus,''

104 2636 239 2689 xcausa,
257 2638 344 2699 quae
364 2613 454 2679 dicta
470 2626 534 2689 est,
553 2615 643 2697 quod
660 2614 822 2677 naturalis
839 2616 998 2676 inserviat
1018 2614 1182 2695 spirituali

104 2708 260 2775 fficiendo:
285 2720 422 2774 atvero
445 2710 534 2791 apud
558 2709 635 2770 illos
654 2709 744 2788 apud
767 2729 851 2790 quos
871 2708 1052 2789 spiritualis
1076 2708 1180 2771 homo
1249 2763 1253 2772 .

104 2804 219 2867 cclusus
242 2817 307 2879 est,
333 2815 368 2867 et
393 2805 495 2867 modo
519 2802 683 2865 naturalis
707 2802 810 2863 homo
833 2813 980 2883 apertus,
1005 2811 1057 2863 est
1086 2812 1180 2863 totus

105 2917 171 2960 omo
192 2919 307 2961 servus
331 2899 365 2958 in
389 2898 559 2959 communi
583 2916 694 2967 sensu,
719 2897 858 2958 tametsi
881 2895 991 2976 quoad
1016 2916 1181 2976 apparen-

104 2992 153 3055 'nm
169 3003 218 3055 est
238 2994 325 3055 sicut
347 2991 449 3067 liber;
470 2993 608 3054 inservit
626 2993 715 3053 enim
732 2992 882 3052 exterior
899 2990 1060 3052 naturalis
1078 2990 1182 3052 homo

104 3086 165 3149 ralis
176 3098 208 3149 et
221 3085 312 3148 falsis
326 3106 412 3167 quae
426 3087 563 3148 interior
576 3084 649 3147 vult
667 3095 702 3147 et
719 3086 862 3165 cogitat,
876 3086 922 3146 sic
940 3086 1029 3147 enim
1047 3084 1181 3147 ducitur

104 3179 265 3254 binlerno,
287 3191 322 3243 et
343 3180 419 3242 duci
438 3179 481 3241 ab
499 3179 628 3242 inlerno
646 3189 698 3241 est
718 3199 852 3260 prorsus
872 3199 1015 3252 servum,
1037 3189 1072 3241 et
1096 3200 1180 3260 quo-

104 3295 137 3354 pe
162 3277 235 3338 talis
266 3276 372 3338 homo
402 3273 439 3336 lit
469 3293 604 3354 prorsus
627 3294 743 3336 servus
767 3284 802 3336 et
826 3273 891 3334 vile
920 3274 1123 3354 mancipium
1147 3274 1180 3335 in
1270 3344 1276 3353 Ἰ

104 3369 194 3433 nlerno
216 3382 295 3453 post
324 3380 491 3445 mortem;
525 3378 604 3449 post
634 3379 779 3430 mortem
807 3369 896 3430 enim
918 3365 1066 3447 jucunda
1089 3368 1181 3430 vitae

104 3461 208 3541 ujusvis
227 3474 408 3526 vertuntur
426 3464 460 3524 in
484 3463 796 3544 correspondentia,
817 3473 852 3525 et
872 3461 1022 3542 jucunda
1044 3461 1124 3522 mali
1147 3462 1180 3523 in

104 3556 203 3618 ervilia
226 3566 261 3617 et
289 3556 322 3616 ln
346 3564 437 3615 tetra
459 3569 579 3627 (videatur
591 3570 616 3613 in
630 3583 702 3627 opere
717 3570 755 3614 De
771 3570 875 3614 Coelae!
889 3570 990 3628 lnsqrno,
1006 3581 1029 3612 n.
1043 3570 1180 3629 485-490);

104 3647 178 3711 uhoc
195 3669 297 3711 sensu
315 3648 418 3709 etiam
436 3647 628 3709 nominatur
641 3653 784 3709 “servus
793 3646 808 3670 ''
825 3647 857 3707 in
875 3645 1001 3708 Verbo
1040 3643 1106 3706 Sed
1127 3644 1180 3708 hic

104 3745 242 3824 raecipue
265 3741 467 3803 ostendetur
489 3740 580 3821 quod
607 3761 665 3820 per
691 3748 852 3803 “servum
862 3740 876 3763 ’¹
899 3741 944 3802 ibi
968 3739 1182 3820 intelligatur

104 3838 249 3899 ueniens
268 3844 304 3897 et
324 3833 484 3908 efficiens,
505 3844 540 3897 et
559 3833 624 3896 hoc
644 3836 676 3896 in
696 3835 787 3896 omni
806 3831 973 3915 respectu.

130 3932 187 4017 [Μ
220 3933 324 4015 Quod
341 3953 401 4014 per
418 3938 581 3994 “servum
590 3931 605 3955 ’⁸
618 3932 833 4013 intelligatur
848 3933 1037 3994 inserviens
1054 3941 1089 3993 et
1108 3931 1181 3994 effi-

104 4022 164 4101 lens,
178 4037 277 4110 patet
292 4024 470 4088 manifeste
483 4044 526 4085 ex
540 4044 592 4097 eo,
607 4024 696 4104 quod
713 4024 879 4085 Dominus
892 4024 1003 4105 quoad
1021 4023 1180 4086 Divinum

104 4118 260 4186 Tumanum
288 4138 385 4182 suum
412 4118 545 4180 dicatur
573 4113 751 4180 “Servus'’
777 4128 812 4180 et
842 4117 1059 4189 “Minister,’'
1085 4128 1121 4181 ut
1148 4120 1180 4179 in

104 4218 281 4300 ‘quentibus
300 4214 353 4275 his
372 4212 455 4274 locis
467 4212 623 4293 :-Apud
643 4211 794 4285 Esaiam,

112 4366 126 4387 ‘¹
135 4364 204 4415 Ecce
217 4362 320 4411 Servus
333 4373 411 4407 meus
423 4358 449 4405 in
462 4373 541 4422 quern
554 4358 689 4414 incumbo,
703 4355 810 4406 Electus
825 4372 901 4405 meus
919 4357 1118 4418 beneplacitum
1135 4358 1182 4406 ha-

185 4432 233 4478 bet
257 4425 355 4476 anima
382 4438 457 4481 mea,
482 4424 543 4473 dedi
564 4423 692 4485 Spiritum
714 4438 803 4472 meum
824 4437 904 4485 super
928 4419 1030 4486 lllurn[,
1048 4421 1180 4483 judicium
