2716 4986
380 505 459 557 cna.
476 506 535 567 vu,
552 505 656 555 vans
672 504 782 572 9.-u.
801 489 924 574 391[b].
1148 490 1213 571 829

97 667 221 736 luerunt
246 674 339 756 apud
362 672 447 737 filios
471 673 626 749 Israelis;
654 694 756 755 quare
780 684 816 736 ut
840 673 991 736 Verbum
1016 673 1078 736 sibi
1101 670 1211 736 simile

104 780 181 831 esset
205 770 240 830 in
264 779 409 850 utroque
432 769 669 840 Testamento,
690 769 793 830 etiam
818 769 850 829 in
874 768 937 830 hoc
963 768 1065 830 Libro
1087 767 1210 833 similia

105 873 180 934 sunt,
193 873 229 925 et
244 864 315 924 visa
327 862 483 941 johanni,
498 873 533 924 ut
547 881 679 943 quoque
695 862 794 936 alibi;
819 873 855 924 ut
869 862 959 942 quod
972 864 1081 923 visum
1098 861 1208 926 altare

104 956 234 1031 suffitus,
252 966 287 1019 et
307 957 397 1039 quod
414 959 474 1019 visi
493 959 556 1038 ipsi
575 956 706 1019 suffitus
726 976 801 1018 cum
822 956 1011 1030 thuribulis,
1030 968 1102 1019 tum
1117 952 1209 1045 guod

102 1053 198 1114 visum
216 1051 485 1121 tabernaculum,
503 1071 542 1113 ac
559 1053 630 1113 visa
646 1072 734 1123 arca,
752 1061 786 1113 et
806 1051 927 1112 similia
943 1051 1028 1126 alia;
1052 1062 1088 1114 at
1108 1051 1209 1122 hodie

101 1145 174 1206 talia
197 1164 363 1226 nusquam
390 1146 488 1207 alicui
515 1145 650 1226 angelo,
676 1165 737 1207 nec
765 1145 863 1207 alicui
890 1144 1017 1207 homini
1044 1147 1096 1208 cui
1118 1147 1210 1209 visus

97 1250 230 1319 apertus
249 1251 302 1301 est
326 1241 358 1300 in
379 1239 521 1314 caelum,
542 1250 717 1320 apparent.
764 1238 864 1319 Quod
889 1259 955 1301 non
980 1239 1099 1312 altare,
1119 1260 1207 1313 arca.

96 1345 126 1396 et
142 1333 276 1407 similia,
294 1333 395 1395 hodie
411 1335 444 1396 in
461 1333 557 1396 caelo
573 1344 771 1414 appareant,
789 1343 842 1395 est
858 1335 936 1415 quia
952 1333 1113 1403 sacrificia
1130 1354 1208 1396 nus·

95 1448 192 1509 quam
209 1438 293 1489 nota
307 1426 441 1490 suerunt
458 1428 616 1508 antiquis,
629 1438 664 1489 et
680 1429 758 1509 quia
775 1439 852 1508 post
869 1428 1054 1489 adventum
1072 1427 1209 1491 Domini

96 1542 227 1602 prorsus
250 1521 401 1594 abolita;
430 1523 566 1602 incepta
589 1523 678 1584 enim
702 1521 833 1583 suerunt
858 1522 900 1583 ab
925 1521 1047 1592 Ebero,
1072 1532 1107 1584 et
1130 1522 1215 1583 dein.

94 1617 179 1698 apud
208 1627 364 1697 posteros
387 1616 469 1695 ejus,
492 1619 548 1698 qui
571 1618 684 1679 vocati
711 1627 789 1678 sunt
815 1616 973 1687 Hebraei,
998 1617 1208 1700 continuata,

95 1722 126 1772 et
143 1710 234 1791 apud
250 1708 336 1772 filios
354 1710 498 1782 israelis,
513 1711 567 1792 qui
584 1731 629 1773 ex
646 1709 760 1772 Ebero
775 1710 919 1782 suerunt,
936 1709 1094 1781 tolerata,
1112 1730 1208 1791 prae·
1287 1765 1294 1776 .

96 1803 187 1885 cipue
217 1804 262 1866 ob
292 1823 427 1865 causam
455 1806 532 1886 quia
561 1803 673 1866 cultus
703 1803 808 1866 semel
838 1806 993 1884 inceptus
1023 1814 1057 1866 et
1088 1805 1209 1865 animis

97 1898 291 1960 irradicatus
311 1918 379 1959 non
399 1898 583 1960 abolitura
604 1897 762 1973 Domino,
780 1899 839 1960 sed
859 1895 1003 1960 fleeiitur
1019 1898 1062 1959 ad
1081 1896 1209 1977 signifi-

97 1990 240 2051 candum
262 1987 420 2051 sasseium
443 1989 618 2070 religionis
641 2007 682 2061 (de
693 2019 742 2061 qua
755 2005 900 2050 revideatur
913 2005 937 2049 in
948 2006 1052 2050 Arcanis
1064 2005 1210 2058 Caelestini,

98 2093 477 2153 n.1¹¹1343.2180‚2srs.10042).
521 2079 622 2160 Quod
638 2078 800 2141 “altare'’
813 2078 982 2159 significet
998 2080 1032 2140 in
1048 2097 1210 2159 supremo

99 2190 191 2246 sensu
212 2171 371 2233 Divinum
393 2171 588 2233 Humanum
609 2171 746 2233 Domini
761 2172 873 2252 quoad
898 2169 1056 2232 Divinum
1078 2170 1209 2233 Bonum

100 2262 205 2327 Divini
219 2264 368 2338 Amoris,
383 2277 417 2327 et
431 2266 520 2346 quod
538 2267 569 2327 in
584 2285 684 2326 sensu
697 2261 885 2345 respe6livo
898 2262 1064 2344 significet
1078 2264 1209 2326 caelum

97 2371 125 2421 et
154 2358 347 2432 ecelesiam,
372 2379 410 2421 ac
438 2361 472 2420 in
499 2378 623 2440 genere
647 2379 783 2420 omnem
809 2357 949 2431 cultum,
974 2368 1008 2420 et
1037 2360 1069 2420 in
1097 2359 1209 2439 specie

96 2450 221 2515 cultum
250 2455 588 2534 repraesentativum,
614 2464 772 2515 constare
800 2463 915 2533 potest
943 2474 964 2514 a
990 2453 1211 2534 sequentibus

92 2542 142 2608 his
162 2547 248 2609 locis
267 2549 301 2609 in
322 2546 437 2609 Verbo
451 2547 608 2628 :—Apud
627 2547 802 2621 Davidem,

140 2679 250 2728 “Mitte
265 2679 352 2728 lucem
367 2689 440 2728 tuam
455 2688 482 2727 et
496 2680 637 2728 veritatem
652 2689 734 2736 tuam,
751 2680 802 2727 bae
816 2655 916 2728 ducant
930 2695 982 2734 me,
997 2679 1098 2727 ducant
1115 2693 1158 2728 me
1175 2677 1210 2727 ad

223 2756 344 2793 montem
352 2743 505 2794 sanelitatis
515 2755 584 2802 tuae,
595 2755 622 2793 et
630 2746 664 2793 ad
675 2746 827 2793 habitacula
835 2756 888 2802 tua,
899 2756 927 2792 ut
938 2746 1073 2806 ingrediar
1082 2745 1116 2793 ad
1125 2745 1210 2793 altare

226 2810 286 2867 Dei,
299 2811 334 2858 ad
348 2809 464 2859 Deum..
475 2847 480 2859 .
491 2809 518 2859 .”
530 2811 585 2870 (Ps.
598 2810 663 2859 xiiii.
676 2824 699 2870 3,
711 2811 751 2871 4):

79 2943 182 3026 quod
196 2963 256 3024 per
270 2948 290 2974 ‘⁴
299 2942 408 3004 altare
421 2942 484 3003 Dei
493 2943 508 2965 ''
521 2942 573 3004 lric
587 2942 799 3022 intelligatur
812 2942 977 3004 Dominus
990 2943 1101 3023 quoad
1116 2942 1210 3004 Divi·

81 3053 171 3099 num
191 3035 399 3108 Humanum,
420 3036 597 3098 manifeste
615 3046 722 3116 patet,
740 3056 818 3098 narn
835 3038 947 3116 agitur
971 3038 1014 3098 ibi
1034 3037 1076 3098 de
1095 3039 1148 3098 via
1167 3037 1210 3098 ad

76 3130 225 3193 caelum
244 3140 280 3192 et
299 3131 342 3192 ad
363 3130 545 3192 Dominum
562 3131 627 3207 ibi;
652 3131 705 3192 via
724 3131 767 3192 ad
787 3132 918 3193 caelum
935 3131 1137 3211 intelligitur
1153 3150 1212 3211 per

80 3224 228 3287 “Mitte
249 3223 358 3286 lucem
377 3235 412 3286 et
429 3226 610 3287 veritatem
631 3235 735 3298 tuam,
754 3224 818 3287 hae
835 3226 961 3287 ducant
982 3245 1035 3287 me
1048 3225 1074 3300 ;”
1099 3224 1212 3286 “lux''

77 3331 144 3385 est
169 3319 354 3382 illustratio
376 3321 410 3382 in
429 3341 495 3401 qua
517 3330 683 3400 apparent
707 3321 889 3382 veritates:
914 3320 1045 3381 caelum
1069 3321 1100 3381 in
1120 3320 1211 3401 quod

79 3417 249 3488 ducatur,
264 3414 465 3494 intelligitur
482 3435 540 3494 per
554 3415 709 3477 “ducant
723 3434 777 3476 me
794 3415 836 3475 ad
853 3424 1005 3476 montem
1019 3411 1212 3477 sanititatis

79 3520 126 3572 et
149 3509 194 3570 ad
219 3507 414 3570 habitacula
433 3518 491 3570 tua
505 3507 531 3585 ;”
552 3513 678 3569 “mons
698 3505 914 3570 sanititati?
934 3519 986 3570 est
1006 3508 1136 3570 caelum
1157 3510 1211 3571 ubi

82 3622 237 3683 regnum
254 3601 402 3664 caeleste
420 3601 557 3663 Domini
573 3612 638 3674 est,
655 3604 688 3664 in
705 3623 771 3683 quo
787 3611 908 3682 regnat
926 3602 1051 3664 bonum
1068 3599 1211 3679 amoris3

87 3694 344 3758 “habitacula''
363 3697 520 3758 dicuntur
538 3695 585 3757 illi
609 3695 694 3757 caeli
718 3696 773 3757 ubi
796 3706 849 3757 est
873 3716 1013 3777 regnum
1038 3696 1213 3777 spirituale

88 3790 244 3861 Domini,
263 3791 378 3870 inquo
395 3800 515 3869 regnat
533 3809 648 3851 verum
664 3810 709 3851 ex
726 3789 785 3851 illo
804 3789 913 3851 bono:
938 3801 973 3852 et
990 3792 1067 3871 quia
1083 3801 1212 3853 utrum·

91 3906 160 3967 que
184 3885 398 3965 intelligitur,
419 3885 495 3946 ideo
518 3885 641 3946 dicitur
665 3890 729 3945 “ut
754 3885 922 3964 ingrediar
944 3885 988 3945 ad
1008 3885 1116 3948 altare
1137 3886 1211 3960 Dei,

91 3980 138 4041 ad
158 3979 269 4043 Deum
282 3978 308 4055 ;”
338 3999 377 4040 ac
396 4000 455 4060 per
477 3978 616 4040 “altare
636 3978 722 4040 Dei'’
742 3978 944 4058 intelligitur
968 3979 1022 4040 ubi
1047 3979 1213 4042 Dominus

99 4085 149 4135 est
170 4075 202 4135 in
222 4074 313 4135 bono
331 4075 465 4145 amoris,
484 4082 518 4134 et
539 4093 596 4152 per
616 4072 754 4133 “Deum
766 4073 779 4095 ”
799 4073 998 4153 intelligitur
1016 4075 1070 4134 ubi
1095 4073 1211 4136 Domi·

104 4186 160 4228 nus
178 4178 230 4230 est
251 4168 284 4228 in
301 4187 381 4228 vero
397 4187 441 4228 ex
461 4166 518 4228 illo
538 4168 637 4238 bono,
656 4186 733 4228 nam
751 4167 915 4228 Dominus
932 4168 1051 4229 dicitur
1069 4174 1087 4198 “
1099 4168 1215 4230 Deus''

102 4280 142 4321 ex
159 4261 282 4324 Divino
296 4260 398 4334 Vero,
412 4281 451 4322 ac
466 4260 668 4340 “Jehovah''
683 4282 727 4322 ex
747 4261 868 4322 Divino
886 4261 989 4323 Bono.
1037 4262 1073 4322 In
1092 4262 1212 4324 Eccle-

104 4354 146 4415 sia
161 4355 300 4435 Judaica
321 4365 417 4417 erant
436 4354 503 4416 duo
521 4375 606 4435 quae
629 4356 661 4417 in
684 4376 840 4436 supremo
860 4376 958 4416 sensu
979 4355 1212 4434 significabant

108 4445 254 4514 Divinum
280 4448 475 4512 Humanum
494 4449 611 4531 ipsius,
632 4469 752 4530 nempe
775 4450 882 4511 altare
903 4459 938 4511 et
957 4449 1139 4530 templum,
1163 4449 1212 4512 al·
