2716 4986
167 469 246 549 ¹30⁸
473 480 722 532 neocauvrffls
744 481 972 532 exsucata.

161 648 363 729 intelligitur
381 657 474 711 totus
493 649 614 711 homo:
638 649 716 713 inde
735 649 889 712 concludi
909 659 1025 731 potest
1044 651 1125 732 quid
1149 671 1208 732 per
1224 649 1276 713 illa

161 742 264 805 verba
280 743 312 804 in
329 744 413 834 serie
430 742 646 824 significatur,
664 762 786 824 nempe
802 744 892 826 quod
911 754 1005 807 totus
1023 744 1129 807 homo
1145 745 1223 808 talis
1237 746 1276 808 sit

161 836 269 918 qualis
288 835 357 916 ejus
376 835 568 900 intelledtus
586 858 631 899 ex
651 836 847 915 voluntate;
871 849 922 901 est
942 839 1032 901 enim
1051 839 1278 902 omnishomo

161 949 256 992 suum
276 951 391 994 verum
415 940 450 994 et
473 951 568 994 suum
592 931 727 1004 bonum,
747 933 825 1015 quia
846 943 898 996 est
922 953 1000 995 suus
1022 953 1120 997 amor
1142 955 1201 996 seu
1222 954 1278 997 sua

161 1021 313 1100 affeffl03
337 1046 439 1107 quare
455 1037 507 1089 est
526 1046 660 1108 prorsus
677 1027 756 1089 talis
775 1047 833 1108 per
849 1037 959 1091 totum
976 1028 1085 1110 qualis
1100 1038 1154 1092 est
1171 1027 1278 1111 quoad

161 1117 371 1183 intelledtum
389 1141 433 1183 ex
450 1121 637 1194 voluntate,
652 1140 752 1184 omne
771 1140 885 1184 verum
902 1122 991 1184 enirn
1008 1133 1061 1186 est
1077 1120 1277 1196 intelledtus

161 1222 196 1275 et
216 1233 316 1275 omne
335 1213 460 1276 bonum
476 1224 528 1276 est
545 1214 752 1290 voluntatis;
775 1234 853 1278 narn
870 1234 990 1296 corpus
1007 1225 1061 1279 est
1078 1216 1182 1281 modo
1200 1218 1277 1280 obe·

161 1305 298 1381 dientia‚
316 1308 392 1389 quia
408 1318 459 1370 est
476 1305 613 1370 efledlus
629 1328 749 1371 causae
765 1308 953 1382 efficientis,
970 1329 1009 1372 ac
1025 1307 1221 1373 intellestus
1236 1332 1277 1373 ex

161 1400 338 1463 voluntate
365 1412 417 1463 est
445 1421 546 1464 causa
571 1401 740 1480 efficiens;
770 1403 848 1466 inde
870 1402 977 1485 qualis
1000 1403 1085 1466 haec
1109 1404 1189 1466 talis
1215 1403 1277 1474 ille.

163 1513 240 1556 nam
253 1492 391 1558 effeetus
403 1515 504 1558 omne
514 1516 609 1558 suum
622 1497 725 1560 habet
738 1518 759 1560 a
771 1518 830 1561 sua
842 1517 942 1561 causa
954 1496 1136 1561 efficiente.
1182 1496 1278 1579 Quod

162 1588 350 1651 cavendum
369 1589 412 1652 sit
432 1609 473 1650 ne
493 1609 606 1652 verum
626 1591 731 1653 semel
754 1589 930 1654 intellediu
948 1602 1149 1672 perceptum
1169 1602 1204 1653 et
1222 1611 1278 1652 vo·

163 1681 294 1746 luntate
322 1695 494 1765 receptum
523 1695 673 1748 vertatur
699 1687 732 1748 in
761 1687 891 1759 salsum,
915 1686 1006 1768 quod
1037 1685 1074 1749 fit
1104 1707 1149 1749 ex
1180 1685 1278 1754 malo.

162 1777 365 1859 intelligitur
380 1798 439 1859 per
453 1778 571 1842 “Vide
587 1800 670 1861 ergo
686 1800 728 1842 ne
745 1780 805 1843 lux
821 1782 955 1863 quaein
972 1790 1007 1843 te
1023 1781 1188 1844 tenebrae
1200 1782 1243 1843 sit
1255 1781 1279 1855 ;”

163 1891 241 1935 narn
269 1872 346 1936 inde
372 1872 456 1935 salsa
482 1872 564 1937 fiunt
592 1873 724 1955 pejora:
756 1894 859 1957 quare
886 1875 974 1956 apud
1002 1874 1226 1950 Matthaeum,
1244 1875 1277 1938 in

163 1966 240 2032 loco
258 1969 361 2031 etiam
381 1987 468 2031 nunc
488 1969 605 2043 citato,
625 1969 747 2032 dicitur

214 2121 267 2170 “Si
281 2136 346 2184 ergo
361 2121 453 2171 lumen
467 2121 537 2185 quod
552 2121 580 2170 in
595 2131 621 2171 te
634 2122 761 2171 tenebrae
775 2122 818 2181 sit,
833 2124 959 2173 tenebrae
972 2131 1090 2186 quantae
1097 2121 1112 2142 ”
1124 2118 1220 2187 ([vera.
1232 2116 1278 2187 21).

163 2269 225 2333 Per
248 2270 434 2333 “tenebras
444 2269 460 2294 ’'
482 2271 584 2333 etiam
612 2268 845 2352 significantur
867 2270 950 2333 salsa
973 2271 1053 2334 mali
1078 2271 1170 2352 apud
1192 2269 1279 2334 Esa-

162 2384 242 2438 ram,

213 2496 305 2546 “Sede
318 2497 345 2544 in
358 2496 473 2552 silentio,
485 2506 512 2545 et
524 2497 594 2546 intra
603 2498 630 2545 in
641 2499 774 2554 tenebras,
786 2497 841 2546 tilla
852 2496 1049 2546 Chaldaeorum
1060 2512 1067 2556 ;
1082 2497 1147 2560 quia
1156 2511 1211 2547 non
1224 2511 1280 2546 am·

292 2563 360 2624 plius
371 2564 505 2610 vocabunt
517 2572 543 2611 te
555 2563 693 2611 dominam
707 2577 851 2624 regnorum
860 2561 874 2581 '’
885 2563 969 2623 (xlvii.
983 2562 1024 2624 5):

162 2731 220 2792 per
234 2709 362 2773 “filiam
381 2711 626 2775 Chaldaeorum
636 2712 650 2735 ”
662 2711 870 2793 significatur
882 2710 1071 2774 falsificatio
1085 2714 1155 2775 veri
1170 2735 1177 2790 ;
1202 2712 1279 2776 inde

163 2825 222 2885 per
250 2805 460 2867 “tenebras’'
486 2805 717 2886 significantur
743 2805 826 2868 salsa
853 2804 941 2878 mali,
965 2807 1125 2886 quoniam
1154 2807 1280 2870 malum

161 2897 315 2964 falsificat
335 2920 459 2962 verum.
505 2900 566 2963 Per
607 2914 615 2933 ·

216 3042 365 3105 caliginem
379 3046 556 3099 tenebrarum.
570 3058 637 3105 quae
651 3042 702 3092 luit
716 3043 743 3091 in
758 3043 833 3091 omni
848 3053 918 3091 terra
932 3042 1050 3105 Aegypti
1066 3052 1121 3092 tres
1133 3045 1202 3104 dies,
1215 3045 1280 3094 dum

292 3109 319 3158 in
332 3110 542 3158 habitationibus
555 3108 669 3157 liliorum
684 3108 792 3158 Israelis
804 3108 854 3157 luit
867 3109 912 3156 lux
924 3109 1019 3167 (Exod.
1030 3123 1056 3158 x.
1070 3111 1172 3171 21-23),

162 3249 368 3333 significatur
391 3254 491 3315 etiam
515 3252 634 3315 salsum
658 3251 756 3313 mali:
789 3261 860 3313 tum
885 3270 943 3331 per
964 3253 1183 3326 “tenebras''
1203 3252 1280 3316 Gen.

163 3367 219 3410 xv.
237 3362 293 3425 17;
317 3356 351 3408 et
372 3346 492 3428 pluries
512 3346 599 3409 alibi.
646 3343 820 3408 Hadieuus
843 3357 1015 3408 ostensum
1036 3357 1090 3410 est
1111 3348 1204 3429 quod
1223 3368 1282 3428 per

164 3440 351 3504 “tenebras
360 3439 375 3464 ”
394 3442 426 3501 in
446 3439 562 3502 Verbo
581 3438 811 3519 significentur
829 3439 912 3501 salsa
931 3439 1029 3501 mali:
1060 3442 1152 3521 quod
1177 3443 1281 3505 etiam

163 3557 221 3618 per
240 3535 426 3597 “tenebras
434 3533 449 3557 ”
468 3532 697 3614 significentur
715 3533 799 3595 salsa
818 3554 885 3596 non
906 3534 995 3606 mali,
1015 3535 1128 3614 qualia
1146 3536 1280 3600 fuerunt

162 3629 246 3692 salsa
265 3629 436 3709 religionis
455 3629 544 3709 apud
566 3638 688 3708 gentes
708 3629 841 3708 probas,
861 3648 946 3709 quae
969 3627 1053 3690 salsa
1075 3630 1124 3690 eis
1147 3629 1281 3694 suerunt

163 3744 208 3786 ex
236 3725 426 3805 ignorantia
449 3720 544 3803 veri[‚
568 3741 656 3784 nunc
684 3720 909 3803 ostendetur].
955 3719 1055 3802 Quod
1086 3722 1171 3786 haee
1199 3724 1283 3788 salsa

163 3818 266 3882 etiam
282 3818 437 3880 dicantur
455 3822 474 3848 “
484 3815 674 3890 tenebrae,”
686 3825 822 3879 constat
838 3836 883 3877 ex
899 3817 1119 3897 sequentibus
1135 3815 1219 3880 locis
1231 3839 1283 3881 :—

163 3911 436 3994 ApudEsaiam,

215 4058 232 4081 ‘¹
242 4056 358 4117 Populus
368 4055 410 4104 hic
419 4055 587 4104 ambulantes
600 4054 626 4101 in
640 4055 756 4102 tenebris
765 4054 888 4102 viderunt
898 4054 984 4103 lucem
998 4069 1141 4115 magnam:
1158 4055 1282 4105 habitan·

295 4132 335 4170 tes
348 4122 374 4169 in
386 4131 457 4170 terra
465 4122 576 4169 umbrae
584 4119 686 4177 mortis,
699 4119 743 4168 lux
755 4119 854 4168 effulsit
865 4133 946 4182 super
954 4118 1024 4168 eos”
1033 4120 1079 4181 (ix.
1093 4133 1105 4169 1
1119 4118 1166 4185 [B.
1177 4124 1215 4171 A.
1227 4118 1282 4186 a]);

164 4251 252 4334 apud
271 4248 494 4321 Matthaeum,

216 4367 359 4431 “Populus
374 4368 472 4416 sedens
487 4367 513 4414 in
529 4366 645 4414 tenebris
657 4365 722 4413 vidit
736 4365 825 4414 lumen
838 4380 980 4428 magnum:
999 4366 1155 4417 sedentibus
1171 4367 1200 4418 ln
1215 4369 1282 4431 regi-

296 4448 348 4482 one
359 4443 386 4482 et
398 4434 494 4481 umbra
505 4432 599 4480 mortis
611 4431 657 4479 lux
668 4441 761 4480 exorta
772 4430 833 4479 est”
845 4429 891 4492 (iv.
905 4431 962 4492 16);
