2684 4988
350 505 432 556 cae.
448 505 507 568 vr..
524 506 627 557 vens.
649 509 775 575 17.-n.
790 512 863 575 4¹4
1079 510 1157 561 toor

104 657 211 750 ingan
222 691 284 752 per
298 671 420 734 “arem
431 671 523 734 nae’
536 672 646 753 Ipsius
657 675 691 735 in
706 675 937 756 Apocalypsi:
959 649 1160 749 (naaman

104 757 162 810 fidum
177 766 265 811 [uotum
281 767 312 812 sit
329 780 345 812 a
362 767 468 812 Domino
484 781 539 815 cum
556 768 599 813 iuit
613 769 637 813 in
652 771 751 822 mundo,
765 771 874 814 ridentur
889 771 913 815 in
930 784 1003 829 opere
1017 771 1056 816 ve
1073 771 1162 821 vum
1264 822 1272 837 ,

104 841 244 903 uuam)
262 830 459 910 subjugatio
470 831 677 894 infernorum
690 833 899 914 significatur
910 834 955 896 ibi
968 854 1028 916 per
1037 840 1057 867 ⁴⁴
1066 832 1160 898 Con·

104 914 174 983 dravi
190 941 249 984 eos
267 922 302 984 in
326 923 374 983 ira
390 941 474 995 mea,
494 933 529 985 et
552 924 712 985 inebriavi
731 945 790 987 eos
814 925 847 986 in
871 925 1179 988 excandescentia*

104 1012 161 1074 ea:”
191 1021 327 1076 “annus
361 1016 639 1096 redemptorum”
668 1017 837 1097 significat
866 1017 1027 1099 judicium
1061 1037 1162 1098 super

104 1122 156 1167 nos
172 1108 224 1188 qui
242 1107 365 1169 salvati
385 1118 474 1170 sunt.
519 1108 624 1189 Apud
642 1111 800 1183 eundem,
873 1148 879 1159 ·

110 1241 124 1261 '⁸
129 1238 233 1302 Spiritus
242 1240 353 1290 Domini
361 1240 475 1304 Jehovib
484 1257 565 1305 tuper
574 1257 640 1299 me..
651 1245 729 1293 ...ad
739 1244 957 1306 proclamandum
965 1259 1066 1293 aunum
1079 1245 1161 1294 bene-

175 1306 263 1367 placiti
280 1306 409 1370 jehovae,
428 1317 455 1355 et
472 1307 543 1356 diem
561 1306 696 1357 vinditiae
715 1309 773 1358 Deo
791 1319 894 1368 nostro,
913 1311 947 1358 ad
964 1308 1159 1360 consolandum

173 1385 269 1420 omues
283 1371 406 1433 lugentes
414 1370 428 1390 '⁹
440 1373 496 1434 (lxi.
509 1369 611 1437 [1‚]2):

104 1483 138 1545 ud
153 1485 307 1558 eundern,

106 1591 334 1722 ''Dies8)vindieiae
347 1594 475 1660 Jehovae,
488 1611 577 1646 annua
592 1598 796 1647 retributionum
811 1613 860 1661 pro
873 1598 919 1648 lite
933 1597 1046 1648 Zionio”
1057 1597 1159 1661 (xxxiv.

104 1784 239 1847 r“diem
258 1782 427 1848 vindistae
444 1785 625 1867 Jehovae,”
643 1787 797 1850 similiter
814 1807 854 1850 ac
878 1807 937 1869 per
953 1786 1071 1850 “diem
1092 1788 1161 1850 irae

107 1879 431 1942 excandescentiae''
447 1880 565 1961 Ipsius,
586 1881 794 1961 significatur
812 1880 966 1944 ultimum
981 1879 1160 1961 judicium

104 1971 197 2034 buitur
212 1973 302 2034 enirn
317 1972 466 2052 Jehovae
482 1995 540 2036 seu
557 1974 705 2036 Domino
718 1971 866 2036 vindi&
881 1995 926 2036 ex
942 1974 1042 2036 simili
1059 1994 1161 2051 causa

114 2083 173 2146 qua
190 2065 239 2128 ira
256 2077 292 2128 et
316 2067 613 2140 excandescentia.
634 2086 755 2147 nempe
778 2088 823 2130 ex
847 2069 1046 2148 apparentia
1067 2067 1177 2150 quod'

113 2158 162 2237 qui
177 2170 345 2239 negarunt
362 2160 531 2233 Divinum,
548 2171 583 2222 et
599 2160 714 2223 hostili
731 2160 833 2222 corde
849 2172 884 2222 et
900 2161 1012 2222 animo
1027 2160 1163 2222 suerunt

104 2261 165 2313 ntra
182 2251 272 2314 bona
291 2265 326 2315 et
346 2274 425 2315 vera
443 2252 617 2325 ecclesiae,
638 2252 778 2333 proinde
798 2264 918 2314 contra
938 2252 1120 2315 Dominum
1140 2274 1161 2314 a

104 2343 195 2417 oilla,
215 2347 270 2427 qui
294 2365 413 2407 omnes
432 2356 509 2408 sunt
528 2347 584 2428 qui
608 2346 695 2409 maie
714 2346 844 2419 vivunt,
863 2347 896 2408 in
914 2345 1080 2408 infernum
1099 2346 1161 2409 de·

104 2436 196 2499 antur
207 2459 215 2514 ;
239 2439 329 2519 quod
347 2440 423 2520 quia
441 2437 478 2501 fit
495 2459 570 2501 curn
589 2439 655 2501 illis
673 2441 760 2501 sicut
779 2458 855 2500 cum
874 2438 1038 2511 hostibus,
1055 2439 1160 2501 tribu-

104 2524 271 2590 rDomino
282 2527 433 2591 vinditia
445 2530 533 2591 sicut
545 2530 594 2592 ira
604 2545 827 2603 (aequaresupra)
840 2548 846 2588 :
866 2535 1003 2590 “annus
1014 2528 1160 2591 retribu-

104 2619 196 2680 num”
207 2618 375 2700 significat
391 2621 499 2682 simile
515 2620 605 2702 quod
619 2621 721 2682 “dies
734 2617 901 2682 vindictae
915 2619 940 2695 ;'’
963 2621 1022 2682 sed
1040 2620 1162 2684 dicitur

107 2708 197 2784 falsis,
210 2723 248 2777 at
258 2714 359 2775 “dies
371 2711 561 2776 vinditiae’¹
572 2715 614 2776 de
627 2713 741 2775 malis:
764 2720 782 2744 ⁸¹
793 2712 833 2774 lis
845 2712 982 2774 Zionis”
992 2711 1160 2793 significat

104 2801 255 2869 titionem
279 2809 349 2869 veri
375 2817 410 2869 et
437 2808 515 2868 boni
542 2806 705 2869 ec'ciesiae
733 2805 887 2887 (“Zi0n”
913 2816 965 2868 est
990 2806 1160 2889 ecclesia).

104 2909 220 2961 nterea
239 2910 374 2981 tempus
393 2900 501 2963 ultimi
520 2899 633 2980 judicii
652 2899 725 2961 aliis
746 2901 778 2960 in
798 2899 882 2961 locis
900 2910 1040 2962 vocatur
1060 2899 1161 2962 “dies

104 2990 218 3066 iovae,”
232 2994 333 3055 “dies
349 2992 578 3067 visitationi5‚”
592 2993 694 3055 “dies
708 2992 916 3067 occisioni5,”
931 3004 967 3055 et
985 2993 1083 3055 “dies
1099 2993 1160 3056 ad·

104 3095 165 3148 ntus
175 3087 201 3148 :”

107 3211 181 3263 ''Dius
191 3216 325 3264 adventus
339 3214 475 3271 Domini‚”
486 3215 558 3277 apud
571 3214 733 3263 Malachiam
743 3214 810 3277 (oep.
821 3214 856 3264 iii.
867 3213 900 3276 2).
910 3224 937 3262 et
948 3215 1019 3277 apud
1030 3215 1161 3265 Marthae-

171 3296 215 3328 *κ
228 3282 297 3343 (⁶²1³-
307 3281 379 3330 xxiv.
390 3293 413 3341 ³.
424 3293 464 3339 27.
475 3293 515 3340 ³7.
525 3285 576 3342 3ο).

113 3422 196 3491 414.
217 3409 279 3472 “fr
290 3409 358 3490 qais
367 3415 569 3489 potestatam
576 3408 760 3490 ?''-Quod
775 3407 944 3488 significet
956 3407 1041 3485 Quis
1052 3410 1159 3471 susti·

104 3494 174 3562 biset
187 3502 303 3563 vivet?
322 3512 458 3564 constat
474 3523 518 3564 ex
535 3499 782 3582 significatione
796 3500 944 3574 “stare‘’
956 3520 1032 3561 cum
1045 3520 1159 3563 coram

104 3594 198 3669 anino,
215 3595 307 3678 quod
326 3597 369 3656 sit
388 3597 551 3658 sustinere
570 3604 605 3657 et
624 3595 757 3670 vivere;
780 3593 833 3655 hic
852 3613 919 3655 non
940 3614 1038 3674 posse
1058 3596 1159 3656 susti·

104 3702 130 3745 re
145 3699 174 3750 et
190 3690 314 3750 vivere.
360 3688 459 3762 Nam,
477 3700 512 3751 ut
532 3708 631 3769 supra
647 3684 773 3749 dietum
790 3696 854 3759 est,
872 3686 950 3748 mali
970 3708 1014 3748 ex
1031 3686 1159 3750 influxu

112 3776 172 3844 inde
192 3782 385 3862 praesentia
405 3781 550 3854 Domini,
570 3781 633 3843 hoc
653 3790 717 3852 est,
738 3779 850 3842 Divini
873 3778 959 3841 Boni
982 3800 1020 3842 ac
1046 3780 1158 3844 Divini

104 3872 276 3939 insaniter
295 3886 330 3937 et
354 3886 513 3955 potenter
531 3875 688 3937 exeuntis
709 3882 744 3936 et
768 3873 982 3954 procedentis
1001 3874 1044 3935 ab
1067 3874 1157 3954 Ipso,

104 3969 225 4032 amodo
244 3971 278 4032 in
294 3980 459 4031 tremores
475 3991 520 4032 ex
537 3970 724 4042 formidine,
741 3969 800 4030 sed
820 3968 922 4029 etiam
941 3968 973 4028 in
994 3969 1159 4030 cruciatus

104 4059 250 4126 :interiori
271 4060 429 4125 εοηῆίἃυ
445 4063 601 4125 veniunt:
626 4083 728 4144 quare
745 4063 806 4123 nisi
826 4061 903 4123 inde
919 4060 1048 4139 fugiant
1068 4071 1103 4123 et
1122 4081 1159 4123 se

104 4146 206 4231 iciant,
223 4178 293 4220 non
314 4167 456 4238 possunt
472 4158 603 4232 vivere;
627 4158 764 4219 obvenit
784 4157 872 4217 enirn
893 4175 937 4215 ex
957 4164 1103 4215 tremore
1123 4164 1158 4218 et

104 4247 188 4312 uciaru
197 4254 283 4315 sicut
295 4271 387 4313 mors
399 4271 406 4311 :
427 4252 617 4331 praesentia
629 4251 718 4312 enirn
733 4250 843 4310 Divini
858 4246 1037 4309 mortificat
1049 4246 1157 4308 malos

104 4346 137 4401 :ut
152 4345 293 4407 vivificat
322 4344 440 4406 bonos.
486 4343 541 4405 Ex
568 4344 632 4406 hoc
660 4354 752 4405 statu
780 4362 893 4404 eorum
921 4351 1001 4402 tunc
1025 4340 1157 4413 dicitur,

104 4422 157 4508 bis
172 4449 286 4521 potest
305 4448 397 4500 stare
408 4437 437 4498 ?”
481 4437 530 4501 Ut
550 4458 681 4521 quoque
700 4436 788 4518 apud
807 4434 1022 4508 Malachiam,
