2684 4988
113 484 192 564 1158
421 495 672 547 nroenurrsrs
696 496 921 549 sxr‘rren‘rn.

108 679 198 744 452:)
227 674 261 726 et
290 684 335 725 ex
364 662 617 744 significatione
645 663 902 744 “linguarum''
930 665 1026 746 quod
1056 666 1127 730 sint
1152 685 1221 729 con·

110 757 273 820 sessiones
296 755 430 819 illorum
454 777 498 818 ex
523 755 706 837 religione;
731 777 790 837 per
810 756 999 839 “linguas’'
1020 760 1110 821 enim
1132 757 1214 820 intel·

111 850 261 931 liguntur
292 849 458 933 loquelae,
489 859 525 913 et
557 855 576 881 “
591 847 727 932 loquela
740 848 756 874 ”
782 849 955 932 significat
985 852 1209 915 confessionem

110 957 145 1008 et
173 946 383 1027 religionem,
413 966 458 1008 ex
486 965 590 1008 causa
616 945 695 1026 quia
723 944 838 1027 lingua
865 944 1039 1028 eloquitur
1066 957 1100 1010 et
1125 944 1206 1008 cond·

111 1049 202 1102 tetur
226 1039 283 1102 illa
307 1060 393 1122 quae
418 1038 590 1121 religionis
615 1049 704 1101 sunt.
750 1038 790 1100 In
816 1038 936 1103 Verbo
962 1039 1087 1122 pluries
1108 1040 1203 1103 dicitur

112 1133 296 1207 “labium'’
322 1133 412 1196 “os'’
437 1143 472 1197 et
498 1133 641 1215 “lingua
655 1133 681 1209 ;’'
711 1144 747 1196 et
772 1154 832 1215 per
857 1134 1016 1198 “labium
1026 1135 1040 1158 ”
1064 1133 1198 1216 significa·

112 1239 165 1291 tur
188 1225 352 1300 doetrina
373 1249 432 1309 per
453 1227 542 1290 '‘os''
566 1229 745 1309 cogitatio,
770 1237 806 1290 et
833 1249 892 1310 per
917 1228 1118 1311 “linguam''
1137 1247 1195 1291 con·

111 1322 234 1384 sessio:
270 1342 372 1384 causa
403 1320 503 1405 quod'
526 1321 714 1397 “labium'’
749 1327 818 1386 “os
830 1321 845 1346 '¹
875 1333 912 1386 et
945 1322 1113 1404 “lingua”
1137 1322 1193 1384 talia

110 1415 315 1497 significent,
340 1426 393 1478 est
420 1416 497 1498 quia
526 1414 583 1477 illa
606 1425 752 1478 externa
782 1416 930 1478 hominis
954 1428 1032 1480 sunt
1060 1438 1113 1498 per
1135 1435 1192 1496 quae

111 1509 333 1591 propalantur
356 1511 500 1582 interna,
521 1530 560 1573 ac
585 1510 719 1573 interna
743 1520 821 1573 sunt
846 1531 934 1592 quae
958 1513 990 1573 in
1015 1514 1138 1574 interno
1155 1529 1192 1570 seu

111 1603 274 1684 spirituali
306 1623 406 1666 sensu
436 1602 679 1685 significantur.
736 1603 890 1667 Verbum
924 1606 1017 1667 enim
1050 1607 1083 1667 in
1112 1604 1192 1666 littera

112 1698 270 1760 consistit
294 1699 337 1760 ab
362 1699 515 1761 extemis
539 1718 625 1780 quae
648 1708 814 1780 apparent
835 1718 952 1761 coram
972 1699 1078 1762 oculis
1095 1710 1124 1762 et
1143 1716 1192 1781 per·

112 1792 280 1873 cipiuntur
303 1792 477 1867 sensibus;
509 1793 587 1854 inde
612 1791 763 1854 Verbum
786 1793 819 1854 in
850 1792 966 1856 littera
989 1804 1043 1856 est
1066 1789 1192 1859 naturale.

112 1896 147 1948 et
164 1884 228 1948 hoc
243 1897 434 1968 propterea,
450 1896 485 1948 ut
503 1885 663 1948 Divinum
677 1885 816 1959 Verum,
831 1887 921 1968 quod
939 1889 1104 1959 continet,
1121 1883 1193 1949 ibisit

112 1981 144 2042 in
173 1980 304 2055 ultimo,
329 1990 364 2043 et
392 1981 438 2044 sic
467 1981 500 2044 in
528 1980 649 2063 pleno:
685 1981 745 2044 sed
775 1991 922 2044 externa
948 1981 1018 2057 illa,
1042 1985 1194 2065 quaesunt

113 2074 290 2150 naturalia,
308 2075 605 2158 comprehendunt
622 2076 655 2138 in
675 2096 710 2138 se
730 2076 874 2150 interna,
892 2097 979 2158 quae
998 2088 1076 2139 sunt
1096 2075 1194 2159 spiritu·

112 2170 189 2246 alia,
203 2191 289 2252 quae
305 2171 420 2253 itaque
437 2181 516 2233 sunt
534 2191 619 2252 quae
636 2168 878 2252 significantur.
925 2168 1027 2252 Quod
1046 2163 1194 2251 “linguae”

113 2263 305 2344 significent
319 2265 550 2328 confessiones
567 2285 611 2327 ex
628 2264 791 2346 religione
804 2274 840 2327 et
857 2265 1046 2328 secundum
1061 2259 1195 2347 religionis

113 2358 291 2439 dogmata,
320 2369 479 2422 constare
510 2369 627 2442 potest
653 2379 698 2421 ex
728 2359 949 2441 sequentibus
977 2351 1194 2440 locist-Apud

113 2451 266 2529 Esaiam,

165 2589 286 2638 “Veniet
299 2600 403 2651 tempus
418 2591 452 2638 ad
464 2590 682 2652 congregandum
695 2604 791 2638 omnes
802 2600 898 2653 gentes
912 2599 940 2639 et
954 2589 1069 2654 linguas,
1082 2600 1108 2640 ιιι
1118 2585 1195 2638 renisu!

244 2656 404 2717 videantque
416 2655 529 2717 gloriam
543 2671 631 2704 meam
640 2655 653 2673 ''
666 2656 738 2716 (lxvi.
752 2657 806 2714 ru:

113 2795 197 2858 haec
221 2796 263 2857 de
282 2795 433 2858 adventu
457 2796 614 2873 Domini;
637 2817 697 2878 per
717 2803 869 2878 “gentes
888 2807 923 2860 et
949 2796 1103 2879 linguas''
1118 2789 1193 2874 signi·

112 2889 256 2953 ficantur
275 2911 395 2953 omnes
412 2893 466 2973 qui
484 2893 517 2953 in
534 2892 624 2954 bono
641 2894 731 2954 vitae
748 2893 935 2956 secundum
951 2893 1124 2974 religiones
1139 2901 1192 2949 suas

112 2994 191 3046 sunt
206 3007 212 3062 ;
235 2992 254 3016 ‘⁶
264 2984 422 3066 linguae''
436 2985 629 3066 significant
646 2986 828 3067 religiones
843 3007 863 3048 a
875 2986 1103 3049 confessione:
1119 2994 1192 3064 quare

112 3079 245 3151 dicitur,
265 3087 329 3141 “ut
349 3080 488 3141 veniant
509 3080 716 3161 videantque
731 3081 876 3161 gloriam
896 3100 1008 3144 meam
1021 3081 1048 3158 ;''
1068 3067 1193 3161 “glorid

112 3172 279 3255 significat
298 3174 456 3235 Divinum
474 3173 613 3248 Verum,
631 3195 690 3256 per
705 3176 795 3258 quod
812 3176 969 3239 ecclesia.
1003 3175 1104 3257 Apud
1115 3162 1191 3235 oni·

110 3268 201 3341 elem,

162 3404 256 3453 “Ecce
274 3419 334 3452 cum
352 3405 468 3452 nubibus
486 3403 620 3452 caelorum
640 3401 732 3469 [sicut]
748 3403 829 3453 Filius
847 3399 1189 3462 lrominis;....llnied¹t1¹m

241 3480 282 3518 est
300 3471 448 3519 dominium
467 3480 493 3518 et
510 3470 596 3530 gloria
613 3480 639 3519 et
656 3485 778 3532 regnum,
798 3480 828 3518 ut
845 3485 941 3520 omnes
960 3471 1060 3534 populi,
1079 3462 1189 3530 lingwet

241 3547 335 3598 gentes
350 3536 440 3598 Ipsum
453 3535 593 3585 colerent”
605 3537 660 3597 (vii.
674 3533 807 3600 [13‚]14);

110 3668 199 3749 quod
224 3689 283 3749 per
304 3667 455 3731 “Filium
475 3668 651 3741 hominis,”
669 3669 725 3752 qui
744 3679 908 3731 venturus
931 3670 965 3732 in
990 3669 1122 3732 nubibus
1135 3673 1187 3723 cae·

110 3761 229 3834 lorum,
245 3762 457 3842 intelligatur
470 3762 647 3834 Dominus,
663 3772 821 3840 constat;
841 3772 876 3825 et
891 3784 951 3845 per
968 3765 1097 3826 “nubes
1107 3750 1186 3822 caelo·

109 3875 181 3916 rum
191 3856 205 3879 ”
218 3856 430 3937 intelligatur
441 3855 592 3919 Verbum
606 3858 638 3919 in
653 3857 778 3932 littera,
791 3858 823 3920 in
843 3878 910 3939 qua
923 3858 1185 3921 diciturventunn

109 3950 186 4030 quia
197 3948 349 4012 Verbum
363 3951 405 4012 de
420 3950 499 4032 Ipso
512 3953 595 4033 agit,
610 3972 648 4015 ac
667 3952 699 4014 in
714 3971 815 4014 sensu
831 3952 954 4014 intimo
969 3951 1013 4015 de
1030 3953 1102 4034 Ipso
1114 3939 1185 4041 5⁰¹⁰.³

108 4063 211 4124 quare
231 4045 352 4107 dicitur
367 4043 501 4107 “Filius
518 4046 695 4119 hominis,”
708 4066 786 4108 nam
801 4045 971 4108 Dominus
983 4047 1098 4109 dicitur
1109 4030 1185 4099 “FV·

109 4158 146 4198 us
170 4137 339 4199 hominis”
363 4159 407 4200 ex
432 4139 557 4202 Divino
580 4140 684 4217 Vero,
706 4140 796 4223 quod
819 4150 873 4203 est
898 4139 1069 4204 Verbum:
1097 4131 1142 4198 sed
1157 4121 1185 4185 de

108 4228 171 4290 hac
194 4249 229 4290 re
252 4230 434 4292 videantur
452 4231 550 4312 plura
570 4253 672 4317 supra
691 4249 725 4308 (n.
739 4231 801 4311 36),
822 4232 878 4295 ubi
896 4231 1090 4315 explicatur
1103 4226 1151 4290 hoc
1163 4213 1184 4276 5¹¹

107 4318 316 4401 Apocalypsi
333 4322 365 4403 (i.
383 4323 430 4403 7),

222 4459 238 4479 ¹¹
248 4457 316 4507 Ecce
329 4460 401 4506 venit
415 4474 474 4508 cum
488 4461 612 4519 nubibus,
627 4471 654 4511 et
666 4461 766 4511 videbit
780 4460 871 4524 Ipsum
883 4461 976 4511 omnis
987 4461 1078 4511 oculus
1085 4457 1106 4511 :''
