2684 4988
76 1840 83 1873 i

76 1886 82 1937 l

387 120 472 170 car.
489 120 548 181 vn,
566 120 669 170 vens.
690 108 817 172 16.—u.
832 109 970 194 mm.
1174 129 1236 197 995

135 281 212 353 den
231 299 264 353 et
287 292 561 372 septentrionem
570 291 585 317 ''
607 269 850 373 significentur,
872 304 926 358 est
949 296 1027 377 quia
1052 296 1085 358 in
1112 297 1240 362 mundo

132 384 279 463 qirituali
306 385 339 446 in
371 385 477 465 plaga
503 385 713 450 meridionali
741 399 821 451 sunt
847 389 903 470 qui
932 389 965 452 in
995 388 1069 453 luce
1095 392 1166 455 veri
1193 411 1240 456 ex
1287 418 1294 430 ·

132 468 265 541 Domino
279 487 370 551 sunt,
388 488 425 540 et
445 479 507 540 sub
522 478 587 541 illis
605 480 638 542 in
658 480 793 544 infernis
811 482 856 544 ibi
872 484 928 564 qui
946 484 980 546 in
999 483 1124 547 lumine
1139 494 1239 550 natu·

130 569 182 634 nli
198 590 259 652 per
275 573 367 654 quod
386 592 425 634 se
444 572 728 638 confirmaverunt
746 576 781 638 in
799 575 910 654 falsis;
932 586 969 640 et
987 578 1021 640 in
1040 578 1144 660 plaga
1160 599 1239 662 sep·

131 667 310 729 tentrionali
328 677 411 729 sunt
432 667 481 728 illi
499 669 555 749 qui
578 670 611 730 in
629 669 775 732 obscuro
792 672 863 733 veri
884 692 905 733 a
928 671 1078 736 Domino
1095 680 1185 747 sunt,
1201 682 1240 738 et

125 760 181 823 nb
193 760 258 823 illis
273 761 306 823 in
322 762 461 824 infernis
476 762 521 823 ibi
537 763 592 843 qui
608 763 641 824 in
657 762 759 837 salsis,
776 765 836 826 sed
853 784 921 828 non
937 766 971 827 in
986 766 1100 848 aliquo
1115 767 1239 831 lumine

124 854 259 918 amali
278 874 337 936 per
352 855 446 938 quod
462 855 747 919 confirmaverunt
764 877 824 919 sua
843 857 936 921 salsa.
980 858 1085 940 Apud
1101 858 1238 935 Joelem,

169 1000 290 1052 “Coram
299 1003 346 1052 illo
356 1003 494 1066 trepidant
503 1003 603 1066 populi,
613 1017 710 1052 omnes
719 1003 802 1053 iacies
810 1014 1001 1055 contraxerunt
1008 1003 1191 1069 atrorem”stl.
1198 1006 1240 1070 6);

124 1145 228 1225 agitur
248 1146 293 1208 ibi
316 1145 359 1208 de
383 1145 480 1209 malis
505 1154 540 1209 et
567 1145 659 1208 salsis
682 1147 896 1209 vastantibus
919 1146 1111 1222 ecclesiam,
1133 1169 1173 1212 ac
1196 1150 1239 1213 de

124 1232 236 1314 judicio
254 1260 354 1321 super
374 1242 507 1321 eosqui
531 1242 564 1302 in
584 1240 669 1316 illis;
693 1239 741 1302 illi
759 1242 815 1321 qui
838 1242 871 1303 in
894 1240 985 1303 falsis
1003 1251 1093 1316 sunt,
1113 1242 1239 1324 signiti-

126 1344 235 1397 cantur
256 1353 316 1415 per
336 1334 511 1415 “populos
529 1335 585 1416 qui
606 1334 778 1414 trepidant
793 1334 819 1409 ;”
841 1335 1001 1397 interiora
1019 1354 1135 1398 eorum
1153 1357 1239 1418 quae

125 1423 261 1490 lnlalsis
285 1428 365 1490 mali
392 1426 624 1508 significantur
646 1447 706 1508 per
730 1428 861 1489 “iacies
885 1447 970 1509 quae
994 1440 1239 1493 contraxerunt

83 1558 87 1563 ·
125 1531 263 1585 atrorem
278 1523 304 1599 ;”
331 1521 489 1585 “iacies'’
508 1521 591 1584 'sunt
615 1522 784 1594 interiora,
809 1532 844 1584 et
869 1522 1018 1584 “atros'’
1040 1532 1093 1585 est
1118 1522 1239 1586 falsum

123 1616 214 1694 utali3
236 1619 341 1679 etiam
361 1614 541 1678 infernales
558 1616 612 1696 qui
632 1616 665 1677 in
685 1616 775 1678 salsis
791 1637 836 1678 ex
856 1615 947 1678 malo
965 1625 1054 1690 sunt,
1073 1628 1238 1698 apparent

123 1712 181 1776 atri
196 1713 229 1775 in
249 1712 323 1774 luce
342 1710 439 1774 caeli.
485 1707 590 1790 Apud
608 1709 791 1784 Danielem,

167 1859 222 1910 “In
234 1861 404 1909 extremitate
417 1858 493 1920 regni
511 1872 613 1916 eorum,
628 1872 688 1906 cum
703 1857 736 1906 ad
754 1871 889 1906 summum
908 1864 1088 1919 pervenerunt
1106 1860 1239 1921 praevari-

243 1937 358 1984 catores,
373 1934 500 1986 exsurget
511 1938 559 1972 rex
570 1924 653 1972 durus
666 1923 785 1972 laciebus
793 1923 807 1941 '⁹
819 1923 884 1984 (viii.
897 1925 954 1983 23):

119 2041 197 2132 llaec
215 2064 307 2132 dieta
325 2076 406 2130 sunt
425 2067 468 2129 de
486 2075 631 2147 quatuor
647 2066 803 2129 comibus
822 2065 915 2139 hirci,
932 2085 991 2145 per
1007 2085 1092 2147 quae
1111 2064 1237 2129 intelli-

76 2152 78 2212 ἶ
121 2173 238 2245 guntur
253 2164 298 2226 ibi
312 2168 487 2243 “quatuor
503 2179 610 2242 regna
623 2159 649 2237 ;‘’
667 2160 727 2222 sed
745 2179 804 2239 per
819 2165 954 2241 “regna
962 2158 977 2183 ’⁸
992 2160 1037 2221 ibi
1054 2179 1119 2222 non
1136 2159 1237 2223 intel·

121 2252 263 2339 flgrrntur
291 2276 408 2337 regna,
437 2257 497 2318 sed
528 2266 638 2318 status
668 2253 852 2330 ecclesiac;
886 2274 963 2317 nam
993 2274 1052 2335 per
1080 2253 1237 2316 “hircum

76 2410 80 2421 .
121 2366 287 2434 caprarum
296 2352 312 2375 ’¹
327 2350 531 2431 intelligitur
550 2348 634 2412 fides
650 2360 809 2429 separata
826 2369 846 2410 a
865 2349 1041 2421 charitate,
1058 2369 1144 2429 quae
1163 2349 1237 2411 sola

76 2458 80 2468 '
122 2441 199 2509 fides
218 2457 379 2509 vocatur:
410 2445 641 2506 “extremitas
664 2444 760 2523 regni
783 2442 922 2505 eorum”
945 2441 1112 2522 significat
1135 2441 1236 2504 linem

76 2580 79 2615 :
124 2540 287 2613 ecclesiae,
312 2540 448 2621 quando
472 2558 540 2600 non
568 2537 651 2599 fides
674 2538 752 2618 quia
776 2556 843 2598 non
867 2536 1033 2599 charitas:
1064 2542 1168 2599 “cum
1192 2538 1235 2599 ad

76 2664 78 2676 ·
124 2651 278 2697 summum
311 2644 537 2715 pervenerunt
570 2631 880 2712 praevaricatores”
903 2629 1070 2711 significat
1098 2632 1234 2711 quando

76 2748 91 2801 ξ·
124 2744 184 2790 non
198 2729 340 2809 amplius
357 2746 472 2788 verum
489 2736 524 2788 et
544 2727 668 2788 bonum
687 2725 747 2786 sed
766 2724 885 2787 salsum
903 2734 937 2786 et
957 2724 1102 2801 malum;
1125 2724 1232 2787 simile

76 2818 80 2825 ’
127 2839 177 2900 per
191 2822 247 2885 illa
265 2822 370 2885 verba
392 2819 601 2902 significatur
619 2820 709 2903 quod
734 2838 793 2899 per
814 2825 918 2881 “cum
943 2829 1176 2882 consummata
1198 2831 1234 2884 et

76 2952 80 2979 r
126 2914 288 2996 completa
306 2923 360 2976 est
379 2911 572 2995 iniquitas,”
590 2912 633 2973 de
652 2932 718 2993 qua
736 2930 838 2991 supra
857 2927 891 2984 (n.
904 2925 996 2990 397):
1023 2916 1113 2972 “rex
1131 2911 1234 2975 durus

76 3003 83 3067 i
127 3001 280 3070 henou?
303 3004 472 3087 significat
496 3025 564 3068 non
589 3024 704 3067 verum
727 3003 788 3064 sed
816 3002 935 3065 salsum
963 3003 995 3064 in
1023 3003 1233 3068 interioribus

127 3116 239 3176 eorum,
259 3107 351 3164 “rex
360 3100 375 3124 '’
394 3100 484 3162 enim
507 3097 675 3178 significat
698 3117 815 3161 verum
838 3106 873 3160 et
897 3098 929 3158 in
953 3098 1111 3176 opposito
1133 3117 1234 3162 sensu

127 3188 242 3268 falsum,
263 3192 417 3257 “iacies’'
439 3191 631 3274 significant
659 3189 827 3265 interiora,
851 3201 886 3253 et
912 3191 1041 3252 “durus
1064 3190 1234 3255 faciebus”

130 3284 278 3367 fignificat
294 3287 353 3351 illa
368 3288 495 3368 absque
514 3286 627 3364 bono;
651 3286 706 3349 ubi
724 3288 812 3349 enim
830 3305 897 3347 non
914 3285 1038 3347 bonum
1056 3285 1100 3346 ibi
1117 3307 1232 3350 verum

130 3383 320 3459 estdurum3
345 3402 424 3444 nam
441 3399 557 3442 verum
576 3401 621 3441 ex
640 3381 731 3442 bono
747 3380 850 3443 molle
869 3390 932 3452 est,
950 3380 1026 3460 quia
1042 3381 1173 3457 vivum;
1196 3393 1232 3445 et

132 3469 275 3539 ldterum
291 3495 397 3557 usque
413 3483 466 3536 est
486 3473 606 3535 salsum
624 3474 657 3535 in
674 3473 885 3536 interioribus
901 3491 959 3533 seu
975 3473 1007 3533 in
1024 3473 1232 3553 cogitatione

130 3583 235 3646 mum,
248 3572 409 3654 quoniam
427 3568 468 3630 de
485 3566 544 3630 illo
561 3586 629 3629 non
643 3568 798 3649 cogitant
815 3565 1031 3646 spiritualiter
1047 3567 1105 3628 sed
1124 3579 1232 3631 mate·

99 3692 102 3697 ·
133 3658 243 3740 daliter,
262 3666 341 3748 quia
359 3684 404 3725 ex
424 3662 594 3749 corporeis
613 3670 648 3724 et
668 3662 845 3724 mundanis
864 3671 899 3723 et
922 3660 999 3722 inde
1020 3680 1064 3722 ex
1088 3659 1229 3724 fallaciis

133 3769 274 3823 &usuum
319 3757 425 3839 Apud
444 3754 661 3831 Ezechielem,

320 3900 407 3951 “Filii
420 3899 479 3950 duri
491 3899 617 3957 iaciebat,
632 3908 660 3949 et
671 3898 804 3948 obfirmati
817 3897 919 3948 corde”
931 3897 968 3960 (il.
980 3897 1022 3961 4):

131 4044 287 4119 ptr“filios
297 4045 401 4108 duros
412 4041 559 4104 faciebus
567 4041 582 4063 '⁹
592 4039 822 4123 significantur
832 4039 878 4103 illi
889 4041 944 4123 qui
957 4041 990 4103 in
1001 4041 1088 4103 veris
1098 4041 1227 4125 absque
