2684 4988
113 465 197 533 1026
422 455 673 529 avoc'atvrsrs
697 481 923 534 laxamenta.

108 659 207 713 catur
218 648 437 712 ratiocinatio
449 668 494 710 ex
511 647 654 710 fallaciis
668 650 758 712 unde
774 649 869 712 falsa.
905 666 1170 727 (Qnaoetquuutmt

107 745 217 790 videatur
227 758 307 802 supra.
318 757 341 789 n.
352 729 449 807 283[e]
460 751 484 788 et
494 743 511 806 3
514 727 610 806 76[g].
622 744 663 789 vbi
674 745 793 802 explicata
803 746 878 804 sunt)

158 869 251 919 Simile
259 869 340 918 etiam
351 882 399 931 per
409 870 545 917 “ventum
555 868 583 917 in
591 868 643 917 alls
651 868 665 888 '⁸
673 869 843 931 significatur
850 871 921 932 apud
932 871 1072 919 Sachara'm
1079 867 1173 934 (optut

111 994 216 1076 Apud
235 993 432 1068 Jmmiam,

160 1107 272 1157 “Erunt
290 1106 384 1155 cameli
405 1120 499 1155 comm
520 1106 548 1155 in
569 1105 707 1168 praedam,
726 1116 754 1157 et
776 1108 919 1158 multitudo
940 1124 1063 1172 pecorum
1079 1123 1148 1158 eumn
1161 1107 1179 1153 ln

239 1172 409 1298 ῖξιιῖὲίυὲιέὶεοῑ
423 1171 577 1234 dispergam
592 1185 640 1221 eos
658 1171 686 1220 in
701 1186 812 1221 omnem
828 1184 948 1231 ventum,
965 1176 1092 1224 abscissos
1104 1170 1180 1235 anguli*

110 1389 170 1449 per
180 1368 404 1449 “dispergere
416 1388 475 1430 eos
488 1368 521 1429 in
534 1387 671 1430 omnem
685 1377 825 1431 ventum
834 1369 850 1392 ”
860 1368 1068 1450 significatur
1078 1372 1105 1432 in
1117 1386 1184 1432 omne

109 1459 232 1522 salsum
255 1470 290 1522 et
309 1459 448 1533 malum,
468 1460 642 1541 dissipatis
662 1461 750 1522 veris
771 1471 807 1522 et
829 1461 939 1523 bonis.
984 1479 1186 1535 (Renqmmanu

109 1567 229 1625 explicata
239 1580 318 1624 snpra,
329 1580 353 1612 n.
363 1564 486 1629 417[b].)
528 1549 633 1631 Apud
651 1549 869 1623 Ezechielem,

161 1693 178 1716 “
186 1691 306 1818 Tergiam
317 1700 421 1818 mitem
430 1690 570 1754 disperges
580 1691 608 1740 ln
617 1700 736 1748 ventum,
749 1700 776 1740 et
785 1691 905 1753 gladium
915 1692 1066 1753 evaginabo
1074 1700 1126 1754 post
1134 1683 1189 1738 illu'

251 1771 276 1806 v.
289 1769 312 1814 2,
326 1770 355 1805 12
375 1771 381 1807 :

109 1895 194 1959 haec
211 1893 302 1958 di8ta
317 1905 395 1958 sunt
413 1896 456 1958 de
472 1894 603 1977 capillis
620 1894 742 1977 capitis
758 1904 793 1958 et
810 1894 947 1969 barbae,
964 1916 1048 1977 quos
1064 1888 1191 1958 novacula
1229 1924 1232 1941 ·

111 2010 156 2052 ex
183 1989 349 2052 mandato
375 1989 523 2066 abrasit;
554 1998 589 2051 et
616 2009 677 2070 per
700 1987 872 2069 “capillos
883 1987 898 2012 ’⁹
920 1988 997 2051 illos
1024 1987 1191 2070 significatur
1229 1964 1232 2049 i

111 2083 267 2147 ultimum
286 2083 355 2146 veri
379 2084 413 2145 in
436 2082 600 2159 ecclesia;
625 2102 703 2144 nam
727 2084 918 2144 universum
943 2083 1073 2145 caelum
1094 2093 1124 2145 et
1143 2079 1192 2142 uni·

111 2198 209 2240 versa
225 2176 369 2241 ecclesia
385 2188 464 2239 sunt
481 2196 595 2240 coram
616 2176 764 2239 Domino
783 2178 870 2238 sicut
891 2196 975 2238 unus
994 2176 1111 2251 hom0;
1131 2172 1192 2236 unic

112 2274 226 2335 omnia
249 2271 334 2334 caeli
357 2280 392 2333 et
416 2271 580 2333 ecclesiae
602 2270 869 2350 correspondent
894 2269 1050 2332 omnibus
1072 2268 1192 2334 hominis.

112 2377 184 2430 tam
213 2366 278 2428 illis
301 2386 387 2448 quae
414 2374 516 2427 extra
542 2364 636 2427 illum
660 2375 739 2427 sunt
763 2383 864 2445 quam
887 2384 974 2446 quae
1001 2365 1086 2426 intra
1109 2362 1192 2433 illum

112 2475 154 2532 (de
165 2487 214 2532 qua
224 2474 434 2531 correspondentia
444 2473 553 2517 videatur
564 2473 587 2516 ln
598 2485 672 2530 opere
684 2473 722 2517 De
735 2472 803 2517 Caelo
813 2477 836 2515 et
847 2473 948 2531 laser-no,
958 2485 979 2516 n,
992 2474 1080 2527 87-102
1088 2474 1103 2529 :l
1118 2469 1192 2536 quart

114 2550 255 2632 “capilli
279 2549 424 2631 capitis’'
448 2558 482 2611 et
509 2548 692 2621 “barbae”
716 2550 792 2630 quia
821 2548 940 2610 ultima
967 2547 1107 2610 hominis
1130 2551 1192 2637 sunt

112 2645 380 2726 correspondent
409 2643 536 2705 ultimis
559 2644 628 2705 veri
656 2652 690 2705 et
719 2642 818 2704 boni:
851 2641 971 2704 ultima
994 2643 1062 2705 veri
1087 2652 1116 2703 et
1139 2639 1193 2700 boni

112 2750 191 2801 sunt
210 2737 322 2820 qualia
346 2748 424 2798 sunt
448 2758 528 2799 vera
552 2736 671 2798 ultima
695 2757 812 2799 sensus
837 2736 972 2799 litterae
995 2736 1111 2810 Verbi;
1131 2730 1194 2815 quod

112 2833 196 2895 haec
225 2831 343 2893 ultima
370 2850 390 2891 a
416 2829 552 2910 Judaeis
580 2850 748 2911 perversa,
772 2828 950 2892 falsificata
976 2841 1011 2892 et
1038 2828 1194 2891 adulterata

112 2926 245 2998 fuerint,
259 2923 468 3005 significatur
481 2944 540 3004 per
553 2923 610 2985 illa
623 2945 708 3005 quae
721 2923 763 2985 de
777 2923 907 3005 capillis
920 2925 1007 3006 capit
1016 2925 1042 2985 is
1054 2934 1087 2986 et
1102 2919 1193 2983 barbae

113 3019 303 3102 Prophetae
321 3018 364 3080 ibi
383 3017 558 3079 dicuntur:
583 3018 673 3099 quod
689 3017 926 3098 “dispergeret
945 3017 1080 3079 tertiam
1095 3024 1193 3097 partem

112 3112 182 3194 ejus
195 3114 228 3175 in
241 3131 377 3174 ornnem
391 3111 555 3174 ventum'’
566 3111 734 3192 significat
748 3111 1005 3192 dissipationem
1019 3111 1120 3173 omnis
1130 3106 1192 3175 veri;

112 3218 147 3270 et
166 3209 244 3290 quia
267 3207 432 3288 dissipato
456 3226 537 3267 vero
560 3207 764 3287 arripiuntur
783 3225 874 3267 mera
897 3205 991 3277 salsa,
1013 3205 1088 3266 ideo
1105 3201 1193 3264 dicitur

113 3301 301 3365 “Gladium
322 3300 512 3381 evaginabo
536 3311 614 3381 post
638 3300 714 3362 illos
727 3299 754 3376 ;”
779 3299 965 3380 “gladius''
984 3297 1139 3380 significat
1152 3291 1191 3352 de·

112 3391 335 3458 struetionem
346 3393 416 3455 veri
430 3412 489 3473 per
499 3391 622 3453 salsum
636 3407 754 3465 (videatur
763 3421 841 3465 supra.
850 3420 874 3453 n.
889 3406 1007 3470 131[b]).
1039 3389 1105 3452 Nisi
1119 3385 1191 3448 'scire-

113 3498 167 3548 tur
194 3485 283 3568 quod
312 3484 404 3557 talia,
431 3504 516 3565 quae
543 3504 643 3564 supra
671 3480 797 3545 dietum
825 3494 915 3557 sunt,
945 3505 1004 3565 per
1034 3467 1192 3562 “capillos”

112 3579 354 3661 significentur,
376 3581 449 3661 quis
468 3575 702 3640 intelledturus
721 3588 812 3640 esset
832 3578 911 3659 quid
933 3578 1115 3640 involveret
1131 3561 1192 3668 qutd

113 3676 311 3736 mandatum
329 3684 419 3736 esset
438 3673 639 3754 Prophetae,
654 3673 744 3754 quod
761 3672 969 3734 “abraderet
985 3672 1120 3755 capillos
1130 3679 1192 3741 cap·

112 3771 156 3831 tis
180 3771 229 3830 sui
257 3780 291 3829 et
320 3768 444 3830 barbae
468 3788 558 3840 suae,
583 3777 618 3829 et
643 3768 780 3829 tertiam
805 3777 937 3848 partem
962 3767 1156 3829 combureret
1172 3751 1193 3812 il

112 3863 224 3926 medio
242 3862 340 3935 urbis,
356 3864 493 3924 tertiam
511 3871 643 3942 partem
660 3869 852 3941 percuteret
870 3858 988 3939 gladio
1004 3860 1121 3921 circum
1134 3861 1193 3914 ean.

112 3968 147 4020 et
168 3958 303 4019 tertiam
325 3968 456 4037 partem
476 3957 687 4037 dispergeret
707 3956 739 4017 in
760 3973 897 4016 ornnem
917 3963 1070 4025 ventum,
1087 3961 1116 4014 et
1133 3932 1195 4028 quod

112 4051 245 4132 gladius
265 4052 502 4130 evaginaretur
526 4061 603 4131 post
628 4047 744 4111 illos”?
790 4046 891 4128 Quod
915 4044 1104 4109 falsificatio
1120 4036 1197 4137 veri.a

109 4145 246 4226 Judaeis
263 4165 321 4225 per
337 4145 370 4204 id
388 4144 605 4224 significetur,
620 4154 716 4226 patet
731 4141 909 4204 manifeste
925 4162 945 4202 a
962 4139 1165 4222 sequentibus
1176 4139 1198 4187 ll

111 4260 153 4302 eo
172 4241 295 4320 capite,
317 4238 371 4300 ubi
392 4240 481 4301 inter
500 4238 565 4301 alia
584 4240 707 4302 dicitur

162 4382 250 4432 “Hoc
264 4381 457 4444 Hierosolyma
467 4397 484 4439 ;.
496 4420 501 4431 .
512 4419 517 4432 .
528 4382 654 4432 mutavit
666 4382 766 4443 judicia
776 4395 837 4429 mea
849 4380 877 4429 in
891 4380 1062 4441 impietatem
1075 4392 1134 4442 prae
1143 4362 1203 4445 gelli·

242 4450 300 4506 bus,
315 4457 341 4496 et
353 4458 454 4496 statuta
467 4462 527 4496 mea
539 4462 602 4511 prae
616 4448 693 4496 terris
706 4461 774 4511 quae
787 4447 888 4496 circum
900 4459 962 4494 eam
972 4446 986 4465 '’
999 4448 1082 4508 (vers.
1096 4458 1116 4506 5,
1126 4445 1148 4500 t,
1160 4438 1198 4495 ibt)-
