2684 4988
285 529 362 580 cna.
379 528 455 590 vn,
472 526 575 578 vens.
592 525 702 596 9.—u.
717 510 845 596 455[a].
1042 523 1121 592 1¹57

115 700 249 775 Lucam,

165 833 243 882 “Pili
254 833 348 896 capitis
360 832 443 882 vestri
456 846 551 881 omnes
565 829 698 880 numerati
710 827 793 880 sunt”
806 827 861 892 (xil.
873 828 897 888 6,
910 827 949 891 7):

102 985 313 1049 ‘numerare‘'
331 985 384 1048 hic
405 983 616 1066 significatur
635 1004 735 1046 nosse
759 981 858 1065 quale
882 1003 902 1045 a
921 981 1060 1045 minimo
1079 983 1123 1045 ad

106 1101 206 1155 mum,
227 1091 262 1143 et
282 1080 467 1143 secundum
487 1080 520 1142 id
536 1080 692 1142 ordinare
709 1087 744 1142 et
763 1078 953 1160 disponere,
971 1075 1036 1139 hoc
1057 1085 1121 1151 est,

102 1175 193 1238 idere.
239 1172 329 1255 Quid
353 1194 412 1255 per
435 1172 568 1247 “dies'’
593 1171 781 1254 “gressus”
799 1180 835 1235 et
860 1170 999 1254 “pilos”
1018 1172 1122 1251 signi·

103 1290 137 1343 ττ,
157 1267 237 1331 alibi
255 1265 382 1330 dictum
402 1277 436 1330 et
453 1277 632 1330 ostensum
652 1277 738 1351 est„

103 1390 167 1456 54.
187 1373 253 1436 “fx
262 1373 344 1436 omni
351 1379 446 1455 genie
461 1379 495 1436 ei
507 1370 819 1453 tribubus.''—Quod
831 1370 1001 1453 significet
1013 1392 1124 1434 omncs

103 1492 117 1530 τ
134 1470 213 1532 bono
231 1481 309 1533 sunt
326 1470 438 1552 quoad
449 1471 554 1533 vitam
569 1470 745 1534 secundum
761 1469 962 1533 dollrinalia
978 1489 1057 1531 suae
1072 1490 1123 1530 re·

103 1564 150 1635 ris,
171 1576 311 1627 constat
334 1586 379 1628 ex
404 1564 652 1645 significatione
673 1563 845 1646 “gentis'’
864 1563 954 1653 quod
978 1564 1046 1626 sint
1069 1565 1125 1644 qui

103 1680 148 1722 »no
164 1677 206 1733 (ue
217 1689 356 1735 quasupra,
367 1691 390 1722 n.
406 1674 472 1741 175.
487 1678 571 1740 331),
588 1661 642 1724 hic
659 1661 764 1743 quiin
780 1660 873 1723 bono
888 1660 1000 1722 vitae:
1025 1669 1059 1722 et
1079 1680 1123 1721 ex

103 1755 255 1819 ficatione
277 1757 483 1829 “tribuumss'
503 1759 592 1839 quod
613 1758 681 1820 sint
700 1758 791 1819 bona
809 1765 845 1820 et
861 1776 941 1819 vera
959 1756 1124 1818 ecclesiae

103 1854 150 1914 nni
168 1853 357 1934 complexu
377 1869 560 1926 (ecquaenam
575 1883 655 1927 supra.
668 1870 798 1932 n.431);
822 1852 875 1915 hic
899 1862 1026 1925 autem,
1046 1853 1125 1932 quia

103 1965 120 2005 ιτ
134 1944 175 2007 de
192 1944 259 2007 illis
278 1947 333 2028 qui
353 1947 384 2008 in
402 1946 494 2008 bono
511 1947 602 2008 vitae
623 1955 701 2008 sunt
720 1945 906 2008 secundum
925 1944 1124 2025 religionem

103 2062 117 2112 ι,
132 2059 190 2121 per
208 2040 366 2103 “tribus''
383 2039 616 2121 significantur
632 2038 831 2103 doeirinalia
847 2039 1020 2120 religionis
1039 2060 1125 2121 quae

104 2145 152 2197 int
176 2155 252 2197 esse
276 2155 355 2197 vera
374 2144 410 2198 et
434 2134 542 2211 bona;
567 2134 651 2197 haec
674 2154 808 2217 quoque
831 2135 863 2196 in
883 2133 1001 2196 Verbo
1024 2134 1123 2196 intel-

104 2237 158 2292 tur
177 2249 237 2310 per
258 2228 423 2300 “tribus'‘
441 2229 577 2311 quando
596 2229 639 2291 de
657 2227 724 2291 illis
743 2229 855 2309 agitur
866 2249 874 2306 ;
898 2238 934 2291 at
954 2248 1013 2309 per
1034 2229 1123 2290 “tri-

104 2321 264 2395 lsraelis‚’'
292 2324 335 2385 de
370 2322 489 2405 quibus
519 2343 619 2405 supra
648 2320 761 2385 altum
793 2332 857 2396 est,
888 2321 1126 2402 intelliguntur

104 2434 127 2478 :s
153 2418 208 2498 qui
236 2418 269 2479 in
299 2417 455 2497 genuinis
484 2418 571 2479 veris
598 2426 634 2480 et
661 2417 759 2479 bonis
786 2417 952 2480 ecciesiae
971 2425 1061 2490 sunt,
1090 2425 1125 2479 et

104 2508 179 2573 acie
193 2510 251 2572 illa
262 2531 342 2573 vera
354 2522 389 2573 et
403 2511 501 2573 bona.
548 2509 660 2592 Quare
674 2511 727 2573 hic
745 2531 804 2593 per
820 2517 893 2574 “ex
910 2511 1001 2573 omni
1020 2520 1125 2592 gente

103 2604 241 2667 ibubus''
261 2605 495 2686 significantur
520 2625 640 2668 omnes
662 2606 719 2688 qui
741 2607 774 2668 in
797 2606 889 2669 bono
911 2615 991 2669 sunt
1014 2606 1126 2688 quoad

104 2700 322 2762 nsecundum
342 2697 542 2764 doetrinalia
561 2720 640 2762 suae
660 2700 842 2781 religionis

104 2805 228 2888 35[a].
260 2807 325 2868 ‘fr
336 2807 454 2886 populis
471 2812 504 2869 ot
518 2805 808 2889 linguia.''—Quod
827 2806 997 2888 significet
1015 2827 1126 2869 omnes
1214 2884 1220 2897 Ι

105 2918 114 2958 τ
120 2897 232 2977 salsr's
247 2919 290 2960 ex
304 2899 506 2980 ignorantia,
524 2910 555 2962 et
569 2921 611 2962 ex
625 2899 735 2961 varit's
748 2898 972 2980 religionibus,
987 2908 1126 2962 constat

105 2990 323 3072 gnificatione
342 2992 600 3074 “populorum,'’
617 2993 707 3075 quod
727 2993 795 3056 sint
814 2993 868 3075 qui
887 2993 919 3055 in
937 2993 1024 3056 veris
1043 2992 1126 3056 doc·

105 3102 130 3157 e,
150 3102 189 3144 ac
213 3083 247 3144 in
270 3085 431 3165 opposito
453 3105 555 3146 sensu
578 3086 633 3166 qui
656 3086 689 3146 in
712 3083 806 3147 salsis
828 3082 1005 3146 doetrinae
1028 3100 1128 3156 (nequa

105 3205 122 3237 τ.
136 3190 208 3257 175)
220 3198 229 3252 ;
249 3175 302 3240 hic
314 3187 433 3239 autem
446 3178 501 3260 qui
518 3178 551 3239 in
563 3177 656 3240 falsis
667 3176 844 3240 doetrinae
857 3199 900 3240 ex
917 3178 1125 3258 ignorantia,

110 3269 223 3349 agitur
242 3268 295 3331 hic
319 3269 361 3332 de
382 3269 521 3350 illisqui
540 3269 725 3343 salvantur,
747 3270 884 3332 tametsi
904 3291 949 3332 ex
973 3267 1127 3333 doiirina

105 3363 182 3424 ,onis
199 3382 279 3425 suae
299 3365 331 3424 in
348 3363 439 3424 salsis
454 3362 607 3427 fuerunt:
634 3362 727 3444 (nam
745 3363 919 3427 salvantur
935 3384 1054 3426 omnes
1070 3364 1126 3446 qui

105 3476 164 3521 ono
195 3458 286 3520 vitae
316 3467 396 3519 sunt
427 3457 613 3520 secundum
640 3459 813 3540 religionis
840 3478 920 3522 suae
948 3459 1124 3540 dogmata,

119 3551 334 3615 crediderunt
354 3572 433 3614 vera
456 3573 542 3625 esse,
567 3554 706 3615 tametsi
730 3572 798 3616 non
822 3574 902 3616 vera
924 3564 1023 3631 sunt;
1048 3575 1126 3618 nam

105 3648 284 3727 imputatur
302 3646 401 3709 alicui
421 3645 554 3718 laisum,
575 3648 630 3728 qui
649 3647 834 3709 secundum
854 3647 1026 3729 religionis
1046 3669 1126 3712 suae

106 3750 176 3802 iata
196 3740 283 3802 bene
299 3743 392 3815 vivit,
411 3742 570 3824 quoniam
587 3741 657 3822 ejus
676 3740 776 3823 culpa
795 3762 864 3805 non
881 3754 934 3805 est
951 3743 1041 3824 quod
1058 3762 1126 3806 non

117 3853 215 3896 vera:
242 3854 319 3895 nam
343 3835 468 3898 bonum
489 3836 581 3898 vitae
604 3836 789 3899 secundum
812 3836 1010 3917 religionem
1034 3838 1066 3900 in
1091 3858 1126 3900 se

106 3927 166 3990 idit
190 3924 404 3990 affectionem
427 3930 555 3992 sciendi
579 3950 670 4002 vera,
694 3950 780 4012 quae
804 3931 906 3993 etiam
931 3931 1066 3994 discunt
1090 3943 1126 3995 et

107 4021 175 4084 iunt
187 4041 263 4084 curn
275 4023 307 4083 in
320 4021 463 4085 alteram
474 4025 579 4086 vitam
591 4024 731 4088 veniunt
743 4046 750 4102 ;
771 4026 880 4088 omnis
891 4027 980 4088 enim
991 4025 1127 4089 affectio

106 4125 128 4177 :t
147 4116 320 4178 hominem
334 4126 412 4197 post
433 4128 589 4193 mortem,
610 4129 646 4182 et
665 4117 798 4182 affectio
816 4120 944 4183 sciendi
963 4140 1044 4183 vera
1063 4121 1126 4183 im·

105 4208 138 4284 is,
157 4211 235 4291 quia
258 4209 343 4273 haec
358 4220 415 4297 'est
440 4209 571 4275 affectio
594 4211 786 4295 spiritualis,
806 4222 842 4277 et
864 4212 969 4277 homo
992 4233 1069 4276 curn
1089 4213 1127 4278 fit

106 4324 147 4366 :us
162 4314 215 4367 est
236 4325 296 4366 sua
315 4302 467 4383 afseeiim
490 4327 592 4388 quare
611 4316 692 4370 tunc
709 4326 800 4382 vera,
817 4327 903 4390 quae
919 4308 1125 4382 desiderant,

106 4395 182 4470 lunt,
212 4407 248 4458 et
278 4398 324 4458 sic
354 4398 521 4478 recipiunt
550 4397 621 4460 alte
650 4398 810 4461 cordibus
838 4400 906 4460 suis
921 4397 945 4480 :)
976 4414 1053 4475 (quod
1070 4415 1128 4461 tusa

106 4482 137 4536 iis,
147 4485 205 4530 dum
221 4485 296 4530 homo
311 4485 372 4530 bene
383 4486 446 4541 vivit,
456 4492 609 4544 aoeeptentur
624 4499 639 4531 a
655 4486 763 4533 Domino
778 4493 805 4533 ut
815 4500 878 4541 vera,
888 4488 997 4534 videatur
1012 4501 1091 4546 supra,
1102 4502 1126 4535 n.
