2716 4986
343 489 423 540 cxv.
439 491 499 553 vi,
517 490 622 541 vens.
642 491 770 559 13.-n.
785 477 908 561 4o3[e].
1118 480 1187 565 ⁸⁹⁹.

99 668 206 731 terno,
232 668 335 721 erant
365 660 453 722 enim
482 661 573 722 intus
600 660 690 736 mali,
717 670 754 724 et
781 662 859 742 quia
885 661 995 726 cultus
1021 670 1186 725 exterum

99 772 189 834 sque
212 753 349 815 interno
367 764 419 816 est
438 754 549 816 nullus
567 754 689 828 cultus,
709 766 745 818 et
766 755 856 836 apud
879 755 987 818 malos
1005 766 1059 819 est
1078 755 1186 820 malus

100 845 185 919 ltus,
210 847 288 909 ideo
311 849 398 928 apud
424 849 501 911 illos
525 869 592 911 non
616 849 751 930 aliquod
780 851 904 912 bonum
928 849 1082 912 naturale
1105 849 1185 927 suin

101 960 163 1003 are
188 942 310 1004 dicitur
332 943 421 1023 quod
442 950 530 1024 “per
548 953 617 1005 tres
640 963 748 1006 annos
770 962 837 1004 non
860 944 1025 1006 invenerit
1044 940 1185 1006 srud'tum

113 1033 213 1108 fieu,”
232 1047 267 1098 et
286 1036 376 1117 quod
397 1037 551 1100 “dixerit
573 1038 616 1099 ad
640 1038 819 1100 vinitorem
843 1048 879 1101 ut
900 1036 1186 1111 exscinderetur,”

99 1150 119 1192 r
140 1131 237 1212 quod
265 1129 472 1211 significatur
496 1133 585 1213 quod
613 1132 656 1194 ab
679 1132 776 1195 initio
802 1132 845 1193 ad
872 1130 973 1193 finem
997 1150 1066 1194 non
1088 1131 1186 1195 fuerit

99 1242 190 1285 »num
208 1225 362 1287 naturale
374 1225 462 1305 apud
479 1225 571 1287 illam
587 1235 728 1305 gentem
742 1247 750 1300 ;
769 1245 827 1306 per
841 1231 938 1287 “tres
954 1222 1083 1286 annos''
1096 1225 1185 1286 enim

99 1316 271 1398 {nificatur
287 1329 362 1381 tota
381 1319 546 1400 periodus
565 1340 624 1381 seu
639 1330 774 1401 tempus
789 1319 833 1381 ab
848 1320 944 1381 initio
960 1318 1003 1380 ad
1022 1315 1133 1391 finem,
1149 1327 1186 1380 et

99 1433 117 1475 r
131 1417 153 1443 ‘⁸
162 1409 307 1475 frustum
322 1411 426 1474 ficus''
438 1412 645 1493 significatur
658 1413 782 1476 bonum
796 1412 948 1475 naturale
962 1433 969 1487 ;
988 1431 1047 1492 per
1060 1412 1186 1474 bonum

100 1506 217 1571 turale
251 1506 451 1588 intelligitur
482 1508 606 1569 bonum
637 1506 809 1588 spirituale
839 1505 1002 1578 naturale,
1032 1526 1092 1568 seu
1124 1505 1185 1568 bo·

99 1621 141 1664 nn
157 1602 193 1663 in
210 1601 356 1662 naturali
372 1622 416 1663 ex
433 1601 616 1682 spirituali:
640 1612 676 1664 et
692 1602 769 1683 quia
783 1600 928 1663 ecclesia
943 1621 964 1663 a
979 1599 1114 1672 talibus,
1130 1600 1187 1681 qui

99 1715 129 1757 m
146 1696 183 1757 in
200 1695 293 1757 bono
308 1695 463 1767 naturali,
476 1708 512 1758 ut
529 1707 602 1758 erat
618 1714 704 1777 gens
718 1695 867 1777 Judaica,
881 1714 948 1756 non
964 1705 1018 1757 est
1030 1692 1185 1766 ecclesia,

99 1810 136 1853 eo
150 1790 257 1851 etiam
271 1790 404 1864 dicitur,
420 1788 537 1870 “Quid
552 1792 657 1854 etiam
669 1801 794 1853 terram
807 1789 1031 1869 infrugiferam
1043 1788 1144 1851 saciat
1156 1787 1187 1850 ?''

99 1904 184 1946 :erra
191 1882 207 1907 ''
219 1892 273 1946 est
286 1883 439 1946 ecclesia.
485 1883 585 1965 Quod
598 1886 751 1947 “vinitor
763 1884 898 1958 dixerit,
913 1894 949 1946 ut
961 1884 1071 1945 adhuc
1083 1882 1186 1945 relin-

99 1987 233 2049 reretur,
243 1988 279 2040 et
292 1978 463 2041 foderetur
474 1980 596 2042 circum
606 1979 729 2052 illam,¹’
740 1977 907 2059 significat
917 1979 1007 2060 quod
1018 1977 1185 2059 relinque·

99 2082 175 2135 ret
197 2073 289 2152 quod
313 2073 521 2135 instruentur
544 2073 687 2155 posthac
711 2094 731 2135 a
754 2072 964 2145 Christianis,
988 2073 1021 2134 in
1044 2090 1186 2153 quorum

99 2166 176 2229 edio
186 2177 285 2228 erunt
297 2187 305 2241 ;
322 2167 382 2229 sed
392 2158 472 2248 quia
480 2168 559 2229 nihil
571 2167 687 2230 adhoc
699 2168 976 2249 respondebatur,
986 2164 1187 2245 intelligitur

99 2261 152 2323 rod
168 2259 251 2323 ficus
261 2281 365 2342 usque
377 2260 504 2323 nullum
515 2258 656 2324 studium
670 2257 871 2343 produdtura
881 2262 935 2332 sit,
946 2261 1010 2322 hoc
1021 2269 1084 2333 est,
1095 2260 1186 2341 quod

99 2374 147 2417 :ns
168 2354 226 2417 illa
243 2354 371 2416 nullum
391 2356 527 2428 bonum,
544 2356 634 2437 quod
651 2377 695 2417 ex
712 2351 826 2437 aliquo
844 2353 1004 2436 spirituali
1021 2353 1185 2435 procedit,

99 2446 190 2511 itura
215 2450 268 2510 sit.
316 2448 392 2510 Hoc
416 2447 622 2530 significatur
641 2470 699 2530 per
720 2448 846 2511 “ficum
865 2445 1070 2510 areladtam”
1086 2466 1185 2529 prop·

99 2562 158 2605 rea
177 2543 269 2624 quod
294 2541 460 2605 Dominus
479 2543 606 2606 nullum
625 2540 768 2606 {rudium
787 2545 821 2605 in
840 2564 880 2605 ea
901 2544 1078 2617 invenerit,
1097 2540 1186 2625 apud

99 2636 285 2711 baliarum,

111 2790 131 2811 ¹⁸
139 2785 223 2836 Mane
231 2795 370 2834 revertens
377 2785 392 2805 ¹⁰
399 2784 478 2849 Jesus
486 2791 504 2809 ‘¹
512 2787 539 2835 in
547 2788 640 2835 urbem
648 2787 775 2842 esurivit:
786 2796 814 2836 et
821 2787 916 2836 videns
924 2787 1000 2835 ficum
1009 2800 1089 2834 unam
1098 2785 1184 2844 invia,

195 2853 269 2900 venit
281 2852 315 2900 ad
328 2867 397 2906 eam,
410 2853 459 2900 sed
471 2852 537 2901 nihil
554 2853 658 2901 invenit
670 2853 697 2900 in
711 2852 756 2901 illa
766 2850 818 2901 nisi
836 2852 915 2901 tolia:
935 2853 995 2901 ideo
1006 2853 1072 2901 dixit
1084 2852 1130 2910 illi,
1146 2851 1187 2901 Ne

194 2918 307 2980 posthac
319 2932 352 2964 ex
365 2927 390 2965 te
402 2912 529 3001 [studius]
544 2927 668 2966 nascatur
681 2917 708 2965 in
720 2927 875 2976 aeternum
893 2918 964 2966 unde
973 2915 1092 2966 areiadla
1100 2925 1187 2968 estex

195 2991 318 3044 tempore
329 2981 394 3031 fieus
427 2983 491 3043 (ικί.
504 2984 542 3040 18,
555 2994 600 3044 19;
618 2983 702 3032 Marc.
712 2983 747 3031 xi.
760 2995 798 3041 12,
811 2979 944 3047 ¹3[·1⁴])²

99 3149 123 3192 tr
148 3127 302 3191 “ficum’'
324 3129 428 3191 etiam
455 3129 508 3191 hic
534 3128 735 3208 intelligitur
761 3129 905 3192 ecclesia
930 3128 1018 3210 apud
1045 3138 1187 3210 gentem

99 3221 257 3298 vlaicam;
285 3221 375 3304 quod
398 3223 487 3304 apud
514 3222 606 3285 illam
634 3233 775 3304 gentem
804 3242 872 3286 non
899 3222 1033 3304 aliquod
1062 3223 1186 3285 bonum

99 3316 220 3379 tturale
236 3328 338 3390 esset,
356 3316 417 3379 sed
434 3317 536 3379 modo
552 3337 667 3379 verum
685 3315 909 3388 falsificatum,
925 3317 1015 3398 quod
1032 3318 1065 3378 in
1082 3337 1118 3378 se
1133 3326 1187 3380 est

99 3409 196 3483 lsum,
210 3409 417 3491 significatur
433 3430 492 3491 per
507 3411 599 3492 quod
609 3411 783 3473 'Dominus
800 3412 930 3473 venerit
948 3411 992 3473 ad
1010 3409 1109 3473 licum
1127 3411 1187 3474 sed

100 3503 147 3568 hil
162 3505 329 3568 invenerit
345 3506 378 3567 in
394 3503 452 3568 illa
468 3506 529 3567 nisi
545 3505 644 3583 solia;
669 3513 687 3537 ¹⁴
698 3503 846 3568 srudtus”
859 3525 958 3586 quem
975 3525 1042 3566 non
1058 3507 1187 3570 invenit

99 3596 234 3679 gnificat
258 3599 383 3660 bonum
405 3599 570 3673 naturale,
589 3599 690 3680 quale
713 3620 813 3680 supra
830 3600 1035 3680 descriptum
1055 3610 1129 3676 est;
1152 3612 1187 3664 et

99 3691 210 3756 lolium
218 3690 233 3716 ”
245 3691 414 3773 significat
428 3714 543 3756 verum
557 3693 781 3766 falsificatum,
792 3694 883 3776 quod
896 3695 928 3756 in
942 3714 978 3755 se
990 3703 1043 3757 est
1055 3694 1186 3769 salsum,

99 3806 143 3848 rm
157 3785 325 3848 “folium''
340 3787 373 3848 in
390 3787 508 3849 Verbo
524 3787 690 3869 significat
708 3808 834 3862 verum,
852 3788 910 3849 sed
930 3787 1044 3850 solium
1060 3790 1188 3852 arboris

99 3899 149 3943 rae
180 3892 234 3943 est
261 3880 389 3962 absque
421 3879 527 3944 frudtu
556 3882 724 3962 significat
754 3881 884 3956 falsum,
910 3891 944 3945 et
976 3883 1063 3964 apud
1095 3883 1188 3946 illam

99 3985 205 4038 entem
225 3994 341 4037 verum
366 3975 588 4050 falsificatum,
609 3971 686 4058 quia
709 3977 881 4038 habebant
901 3975 1051 4039 Verbum
1070 3979 1102 4039 in
1121 3999 1188 4059 quo

99 4089 143 4131 era
158 4079 250 4141 sunt,
265 4069 325 4131 sed
342 4089 427 4150 quae
445 4069 704 4133 falsificaverunt
721 4091 780 4152 per
792 4071 1054 4153 applicationem
1071 4072 1114 4133 ad
1130 4093 1187 4148 se;

99 4164 152 4226 ide
175 4163 379 4226 traditiones
401 4184 538 4226 eorum:
562 4167 654 4246 quod
677 4185 763 4245 gens
786 4165 844 4228 illa
866 4186 1029 4247 nusquam
1051 4166 1187 4249 aliquod

99 4278 189 4321 mum
203 4258 359 4320 naturale
372 4279 416 4320 ex
431 4260 560 4338 origine
574 4260 747 4340 spirituali,
760 4261 850 4341 quod
863 4271 1004 4322 vocatur
1016 4261 1186 4341 spirituale

99 4353 228 4425 tturale,
249 4349 378 4414 saetura
402 4354 455 4427 sit,
477 4352 685 4433 significatur
707 4375 766 4436 per
787 4355 889 4416 verba
912 4374 997 4435 quae
1021 4354 1186 4416 Dominus

99 4468 105 4508 e
131 4446 190 4509 illa
218 4447 319 4521 dixit,
345 4446 446 4509 “Nec
475 4448 617 4528 posthac
645 4468 690 4510 ex
717 4458 752 4512 te
784 4445 937 4530 [fruetus]
970 4459 1125 4511 nascetur
1151 4449 1185 4510 in
