<?xml version="1.0" encoding="UTF-8"?>
<!DOCTYPE html PUBLIC "-//W3C//DTD XHTML 1.0 Transitional//EN"
    "http://www.w3.org/TR/xhtml1/DTD/xhtml1-transitional.dtd">
<html xmlns="http://www.w3.org/1999/xhtml" xml:lang="en" lang="en">
 <head>
  <title>
</title>
<meta http-equiv="Content-Type" content="text/html;charset=utf-8" />
  <meta name='ocr-system' content='tesseract 3.04.00' />
  <meta name='ocr-capabilities' content='ocr_page ocr_carea ocr_par ocr_line ocrx_word'/>
</head>
<body>
  <div class='ocr_page' id='page_1' title='image "./apocalypsisexpl00swedgoog_0026.png"; bbox 0 0 2684 4988; ppageno 0'>
   <div class='ocr_carea' id='block_1_1' title="bbox 122 468 940 552">
    <p class='ocr_par' dir='ltr' id='par_1_1' title="bbox 122 468 940 552">
     <span class='ocr_line' id='line_1_1' title="bbox 122 468 940 552; baseline 0.005 -16"><span class='ocrx_word' id='word_1_1' title='bbox 122 468 186 552; x_wconf 75' lang='lat'><strong>&#39;678</strong></span> <span class='ocrx_word' id='word_1_2' title='bbox 442 485 693 539; x_wconf 74' lang='lat' dir='ltr'><strong>arocmrrsrs</strong></span> <span class='ocrx_word' id='word_1_3' title='bbox 714 487 940 540; x_wconf 70' lang='lat' dir='ltr'><strong>sxrmcara.</strong></span> 
     </span>
    </p>
   </div>
   <div class='ocr_carea' id='block_1_2' title="bbox 31 655 1187 2245">
    <p class='ocr_par' dir='ltr' id='par_1_2' title="bbox 118 655 1187 1210">
     <span class='ocr_line' id='line_1_2' title="bbox 121 655 1187 741; baseline -0.001 -20"><span class='ocrx_word' id='word_1_4' title='bbox 121 664 157 721; x_wconf 85' lang='lat' dir='ltr'><strong>et</strong></span> <span class='ocrx_word' id='word_1_5' title='bbox 183 655 341 730; x_wconf 64' lang='lat' dir='ltr'><strong>“hasta&#39;’</strong></span> <span class='ocrx_word' id='word_1_6' title='bbox 363 655 555 739; x_wconf 89' lang='lat' dir='ltr'><strong>significant</strong></span> <span class='ocrx_word' id='word_1_7' title='bbox 578 658 671 720; x_wconf 86' lang='lat' dir='ltr'><strong>varia</strong></span> <span class='ocrx_word' id='word_1_8' title='bbox 692 678 779 740; x_wconf 86' lang='lat' dir='ltr'><strong>quae</strong></span> <span class='ocrx_word' id='word_1_9' title='bbox 800 658 889 721; x_wconf 88' lang='lat' dir='ltr'><strong>illius</strong></span> <span class='ocrx_word' id='word_1_10' title='bbox 914 658 994 722; x_wconf 89' lang='lat' dir='ltr'><strong>belli</strong></span> <span class='ocrx_word' id='word_1_11' title='bbox 1023 668 1125 737; x_wconf 80' lang='lat' dir='ltr'><strong>sunt3</strong></span> <span class='ocrx_word' id='word_1_12' title='bbox 1157 681 1187 741; x_wconf 78' lang='lat' dir='ltr'><strong>qr</strong></span> 
     </span>
     <span class='ocr_line' id='line_1_3' title="bbox 120 750 1187 834; baseline 0.003 -20"><span class='ocrx_word' id='word_1_13' title='bbox 120 762 237 814; x_wconf 86' lang='lat' dir='ltr'><strong>autem</strong></span> <span class='ocrx_word' id='word_1_14' title='bbox 256 750 389 832; x_wconf 89' lang='lat' dir='ltr'><strong>singula</strong></span> <span class='ocrx_word' id='word_1_15' title='bbox 408 753 440 814; x_wconf 90' lang='lat' dir='ltr'><strong>in</strong></span> <span class='ocrx_word' id='word_1_16' title='bbox 457 754 570 834; x_wconf 88' lang='lat' dir='ltr'><strong>specie</strong></span> <span class='ocrx_word' id='word_1_17' title='bbox 588 751 792 834; x_wconf 80' lang='lat' dir='ltr'><strong>significant,</strong></span> <span class='ocrx_word' id='word_1_18' title='bbox 810 773 878 816; x_wconf 88' lang='lat' dir='ltr'><strong>non</strong></span> <span class='ocrx_word' id='word_1_19' title='bbox 897 753 994 834; x_wconf 88' lang='lat' dir='ltr'><strong>hujus</strong></span> <span class='ocrx_word' id='word_1_20' title='bbox 1013 754 1079 818; x_wconf 92' lang='lat' dir='ltr'><strong>loci</strong></span> <span class='ocrx_word' id='word_1_21' title='bbox 1098 765 1153 817; x_wconf 85' lang='lat' dir='ltr'><strong>est</strong></span> <span class='ocrx_word' id='word_1_22' title='bbox 1173 776 1187 817; x_wconf 81' lang='lat' dir='ltr'><strong>e</strong></span> 
     </span>
     <span class='ocr_line' id='line_1_4' title="bbox 120 845 1187 929; baseline 0.003 -22"><span class='ocrx_word' id='word_1_23' title='bbox 120 865 257 928; x_wconf 87' lang='lat' dir='ltr'><strong>ponere,</strong></span> <span class='ocrx_word' id='word_1_24' title='bbox 282 845 387 908; x_wconf 94' lang='lat' dir='ltr'><strong>modo</strong></span> <span class='ocrx_word' id='word_1_25' title='bbox 407 846 486 928; x_wconf 89' lang='lat' dir='ltr'><strong>quid</strong></span> <span class='ocrx_word' id='word_1_26' title='bbox 507 846 670 928; x_wconf 64' lang='lat' dir='ltr'><strong>“equus&#39;’</strong></span> <span class='ocrx_word' id='word_1_27' title='bbox 695 846 849 929; x_wconf 82' lang='lat' dir='ltr'><strong>“eques&#39;’</strong></span> <span class='ocrx_word' id='word_1_28' title='bbox 868 858 903 910; x_wconf 89' lang='lat' dir='ltr'><strong>et</strong></span> <span class='ocrx_word' id='word_1_29' title='bbox 925 848 1110 910; x_wconf 86' lang='lat' dir='ltr'><strong>“currus:”</strong></span> <span class='ocrx_word' id='word_1_30' title='bbox 1136 854 1187 910; x_wconf 87' lang='lat' dir='ltr'><strong>“v</strong></span> 
     </span>
     <span class='ocr_line' id='line_1_5' title="bbox 119 938 1185 1020; baseline 0.002 -19"><span class='ocrx_word' id='word_1_31' title='bbox 119 941 251 1002; x_wconf 87' lang='lat' dir='ltr'><strong>sonitus</strong></span> <span class='ocrx_word' id='word_1_32' title='bbox 284 939 410 1013; x_wconf 88' lang='lat' dir='ltr'><strong>rotae,”</strong></span> <span class='ocrx_word' id='word_1_33' title='bbox 440 938 609 1020; x_wconf 88' lang='lat' dir='ltr'><strong>significat</strong></span> <span class='ocrx_word' id='word_1_34' title='bbox 642 942 818 1003; x_wconf 89' lang='lat' dir='ltr'><strong>ratiocinia</strong></span> <span class='ocrx_word' id='word_1_35' title='bbox 847 962 891 1004; x_wconf 90' lang='lat' dir='ltr'><strong>ex</strong></span> <span class='ocrx_word' id='word_1_36' title='bbox 923 941 1015 1003; x_wconf 88' lang='lat' dir='ltr'><strong>falsis</strong></span> <span class='ocrx_word' id='word_1_37' title='bbox 1044 951 1080 1004; x_wconf 90' lang='lat' dir='ltr'><strong>et</strong></span> <span class='ocrx_word' id='word_1_38' title='bbox 1115 942 1185 1003; x_wconf 91' lang='lat' dir='ltr'><strong>mal</strong></span> 
     </span>
     <span class='ocr_line' id='line_1_6' title="bbox 121 1032 1187 1117; baseline 0.001 -22"><span class='ocrx_word' id='word_1_39' title='bbox 121 1037 255 1114; x_wconf 88' lang='lat' dir='ltr'><strong>“equus</strong></span> <span class='ocrx_word' id='word_1_40' title='bbox 273 1032 430 1097; x_wconf 88' lang='lat' dir='ltr'><strong>hinniens</strong></span> <span class='ocrx_word' id='word_1_41' title='bbox 453 1045 488 1096; x_wconf 91' lang='lat' dir='ltr'><strong>et</strong></span> <span class='ocrx_word' id='word_1_42' title='bbox 511 1053 626 1097; x_wconf 89' lang='lat' dir='ltr'><strong>currus</strong></span> <span class='ocrx_word' id='word_1_43' title='bbox 641 1035 824 1097; x_wconf 87' lang='lat' dir='ltr'><strong>saltitans”</strong></span> <span class='ocrx_word' id='word_1_44' title='bbox 847 1035 1015 1116; x_wconf 87' lang='lat' dir='ltr'><strong>significat</strong></span> <span class='ocrx_word' id='word_1_45' title='bbox 1038 1036 1187 1117; x_wconf 71' lang='lat' dir='ltr'><strong>cupidini</strong></span> 
     </span>
     <span class='ocr_line' id='line_1_7' title="bbox 118 1125 1165 1210; baseline 0.003 -22"><span class='ocrx_word' id='word_1_46' title='bbox 118 1125 316 1189; x_wconf 90' lang='lat' dir='ltr'><strong>destruendi</strong></span> <span class='ocrx_word' id='word_1_47' title='bbox 338 1149 417 1190; x_wconf 87' lang='lat' dir='ltr'><strong>vera</strong></span> <span class='ocrx_word' id='word_1_48' title='bbox 441 1126 614 1210; x_wconf 86' lang='lat' dir='ltr'><strong>(“equus”</strong></span> <span class='ocrx_word' id='word_1_49' title='bbox 637 1139 689 1191; x_wconf 89' lang='lat' dir='ltr'><strong>est</strong></span> <span class='ocrx_word' id='word_1_50' title='bbox 714 1126 946 1191; x_wconf 70' lang='lat' dir='ltr'><strong>intellef&#39;tuale</strong></span> <span class='ocrx_word' id='word_1_51' title='bbox 968 1149 1165 1210; x_wconf 88' lang='lat' dir='ltr'><strong>perversum</strong></span> 
     </span>
    </p>

    <p class='ocr_par' dir='ltr' id='par_1_3' title="bbox 115 1219 1187 1680">
     <span class='ocr_line' id='line_1_8' title="bbox 117 1219 1176 1304; baseline 0.003 -22"><span class='ocrx_word' id='word_1_52' title='bbox 117 1240 195 1301; x_wconf 87' lang='lat' dir='ltr'><strong>quo,</strong></span> <span class='ocrx_word' id='word_1_53' title='bbox 220 1231 255 1284; x_wconf 91' lang='lat' dir='ltr'><strong>et</strong></span> <span class='ocrx_word' id='word_1_54' title='bbox 276 1221 444 1284; x_wconf 84' lang='lat' dir='ltr'><strong>“currus’&#39;</strong></span> <span class='ocrx_word' id='word_1_55' title='bbox 463 1231 516 1284; x_wconf 89' lang='lat' dir='ltr'><strong>est</strong></span> <span class='ocrx_word' id='word_1_56' title='bbox 540 1219 693 1284; x_wconf 67' lang='lat' dir='ltr'><strong>doctrina</strong></span> <span class='ocrx_word' id='word_1_57' title='bbox 715 1221 789 1284; x_wconf 87' lang='lat' dir='ltr'><strong>falsi</strong></span> <span class='ocrx_word' id='word_1_58' title='bbox 813 1243 857 1284; x_wconf 86' lang='lat' dir='ltr'><strong>ex</strong></span> <span class='ocrx_word' id='word_1_59' title='bbox 880 1221 981 1304; x_wconf 89' lang='lat' dir='ltr'><strong>qua):</strong></span> <span class='ocrx_word' id='word_1_60' title='bbox 1012 1222 1176 1286; x_wconf 86' lang='lat' dir='ltr'><strong>“hinnire</strong></span> 
     </span>
     <span class='ocr_line' id='line_1_9' title="bbox 117 1313 1187 1398; baseline 0.003 -23"><span class='ocrx_word' id='word_1_61' title='bbox 117 1313 302 1389; x_wconf 83' lang='lat' dir='ltr'><strong>saltitare,”</strong></span> <span class='ocrx_word' id='word_1_62' title='bbox 325 1325 378 1379; x_wconf 89' lang='lat' dir='ltr'><strong>est</strong></span> <span class='ocrx_word' id='word_1_63' title='bbox 402 1316 477 1378; x_wconf 91' lang='lat' dir='ltr'><strong>ferri</strong></span> <span class='ocrx_word' id='word_1_64' title='bbox 500 1315 656 1397; x_wconf 87' lang='lat' dir='ltr'><strong>cupidine</strong></span> <span class='ocrx_word' id='word_1_65' title='bbox 677 1325 712 1378; x_wconf 90' lang='lat' dir='ltr'><strong>et</strong></span> <span class='ocrx_word' id='word_1_66' title='bbox 732 1315 881 1396; x_wconf 86' lang='lat' dir='ltr'><strong>jucundo</strong></span> <span class='ocrx_word' id='word_1_67' title='bbox 903 1316 945 1378; x_wconf 85' lang='lat' dir='ltr'><strong>ad</strong></span> <span class='ocrx_word' id='word_1_68' title='bbox 970 1316 1014 1389; x_wconf 92' lang='lat' dir='ltr'><strong>id,</strong></span> <span class='ocrx_word' id='word_1_69' title='bbox 1038 1327 1073 1380; x_wconf 90' lang='lat' dir='ltr'><strong>et</strong></span> <span class='ocrx_word' id='word_1_70' title='bbox 1099 1323 1187 1398; x_wconf 76' lang='lat' dir='ltr'><strong>“eqt</strong></span> 
     </span>
     <span class='ocr_line' id='line_1_10' title="bbox 116 1409 1185 1492; baseline 0.001 -20"><span class='ocrx_word' id='word_1_71' title='bbox 116 1410 301 1472; x_wconf 88' lang='lat' dir='ltr'><strong>ascendere</strong></span> <span class='ocrx_word' id='word_1_72' title='bbox 312 1409 460 1473; x_wconf 89' lang='lat' dir='ltr'><strong>faciens&#39;’</strong></span> <span class='ocrx_word' id='word_1_73' title='bbox 472 1420 525 1473; x_wconf 89' lang='lat' dir='ltr'><strong>est</strong></span> <span class='ocrx_word' id='word_1_74' title='bbox 539 1412 771 1492; x_wconf 84' lang='lat' dir='ltr'><strong>impugnatio:</strong></span> <span class='ocrx_word' id='word_1_75' title='bbox 790 1410 868 1472; x_wconf 87' lang='lat' dir='ltr'><strong>inde</strong></span> <span class='ocrx_word' id='word_1_76' title='bbox 880 1411 1001 1473; x_wconf 91' lang='lat' dir='ltr'><strong>dicitur</strong></span> <span class='ocrx_word' id='word_1_77' title='bbox 1016 1411 1185 1474; x_wconf 86' lang='lat' dir='ltr'><strong>“multitu</strong></span> 
     </span>
     <span class='ocr_line' id='line_1_11' title="bbox 116 1504 1187 1581; baseline 0 -14"><span class='ocrx_word' id='word_1_78' title='bbox 116 1505 347 1567; x_wconf 82' lang='lat' dir='ltr'><strong>confossorum</strong></span> <span class='ocrx_word' id='word_1_79' title='bbox 374 1512 410 1567; x_wconf 91' lang='lat' dir='ltr'><strong>et</strong></span> <span class='ocrx_word' id='word_1_80' title='bbox 439 1524 580 1568; x_wconf 89' lang='lat' dir='ltr'><strong>acervus</strong></span> <span class='ocrx_word' id='word_1_81' title='bbox 605 1505 778 1568; x_wconf 85' lang='lat' dir='ltr'><strong>cadaveris</strong></span> <span class='ocrx_word' id='word_1_82' title='bbox 790 1504 816 1581; x_wconf 87' lang='lat'><strong>;’&#39;</strong></span> <span class='ocrx_word' id='word_1_83' title='bbox 852 1505 1025 1568; x_wconf 87' lang='lat' dir='ltr'><strong>“confossi</strong></span> <span class='ocrx_word' id='word_1_84' title='bbox 1034 1504 1048 1527; x_wconf 90' lang='grc'>”</span> <span class='ocrx_word' id='word_1_85' title='bbox 1072 1506 1187 1568; x_wconf 90' lang='lat' dir='ltr'><strong>dicunt</strong></span> 
     </span>
     <span class='ocr_line' id='line_1_12' title="bbox 115 1597 1161 1680; baseline 0 -20"><span class='ocrx_word' id='word_1_86' title='bbox 115 1599 170 1680; x_wconf 91' lang='lat' dir='ltr'><strong>qui</strong></span> <span class='ocrx_word' id='word_1_87' title='bbox 198 1600 367 1680; x_wconf 91' lang='lat' dir='ltr'><strong>perierunt</strong></span> <span class='ocrx_word' id='word_1_88' title='bbox 390 1619 435 1661; x_wconf 87' lang='lat' dir='ltr'><strong>ex</strong></span> <span class='ocrx_word' id='word_1_89' title='bbox 462 1597 565 1672; x_wconf 87' lang='lat' dir='ltr'><strong>falsis,</strong></span> <span class='ocrx_word' id='word_1_90' title='bbox 588 1608 623 1661; x_wconf 88' lang='lat' dir='ltr'><strong>et</strong></span> <span class='ocrx_word' id='word_1_91' title='bbox 649 1597 867 1661; x_wconf 85' lang='lat' dir='ltr'><strong>“cadavera&#39;‘</strong></span> <span class='ocrx_word' id='word_1_92' title='bbox 889 1600 944 1680; x_wconf 91' lang='lat' dir='ltr'><strong>qui</strong></span> <span class='ocrx_word' id='word_1_93' title='bbox 971 1620 1015 1661; x_wconf 87' lang='lat' dir='ltr'><strong>ex</strong></span> <span class='ocrx_word' id='word_1_94' title='bbox 1039 1599 1161 1661; x_wconf 88' lang='lat' dir='ltr'><strong>malis:</strong></span> 
     </span>
    </p>

    <p class='ocr_par' dir='ltr' id='par_1_4' title="bbox 31 1693 1187 2245">
     <span class='ocr_line' id='line_1_13' title="bbox 115 1693 1185 1776; baseline 0 -20"><span class='ocrx_word' id='word_1_95' title='bbox 115 1694 194 1756; x_wconf 92' lang='lat' dir='ltr'><strong>inde</strong></span> <span class='ocrx_word' id='word_1_96' title='bbox 209 1715 342 1776; x_wconf 89' lang='lat' dir='ltr'><strong>quoque</strong></span> <span class='ocrx_word' id='word_1_97' title='bbox 354 1694 486 1767; x_wconf 89' lang='lat' dir='ltr'><strong>dicitur,</strong></span> <span class='ocrx_word' id='word_1_98' title='bbox 502 1699 611 1775; x_wconf 86' lang='lat' dir='ltr'><strong>“prae</strong></span> <span class='ocrx_word' id='word_1_99' title='bbox 627 1693 845 1755; x_wconf 88' lang='lat' dir='ltr'><strong>multitudine</strong></span> <span class='ocrx_word' id='word_1_100' title='bbox 860 1694 1109 1756; x_wconf 83' lang='lat' dir='ltr'><strong>scortationum</strong></span> <span class='ocrx_word' id='word_1_101' title='bbox 1125 1714 1185 1756; x_wconf 91' lang='lat' dir='ltr'><strong>sco</strong></span> 
     </span>
     <span class='ocr_line' id='line_1_14' title="bbox 115 1787 1187 1868; baseline 0.001 -19"><span class='ocrx_word' id='word_1_102' title='bbox 115 1787 295 1850; x_wconf 86' lang='lat' dir='ltr'><strong>vendentis</strong></span> <span class='ocrx_word' id='word_1_103' title='bbox 314 1796 437 1868; x_wconf 83' lang='lat' dir='ltr'><strong>gentes</strong></span> <span class='ocrx_word' id='word_1_104' title='bbox 455 1807 514 1868; x_wconf 86' lang='lat' dir='ltr'><strong>per</strong></span> <span class='ocrx_word' id='word_1_105' title='bbox 532 1787 769 1860; x_wconf 85' lang='lat' dir='ltr'><strong>scortationes,</strong></span> <span class='ocrx_word' id='word_1_106' title='bbox 790 1796 825 1848; x_wconf 91' lang='lat' dir='ltr'><strong>et</strong></span> <span class='ocrx_word' id='word_1_107' title='bbox 844 1787 986 1848; x_wconf 82' lang='lat' dir='ltr'><strong>familias</strong></span> <span class='ocrx_word' id='word_1_108' title='bbox 1005 1807 1064 1868; x_wconf 87' lang='lat' dir='ltr'><strong>per</strong></span> <span class='ocrx_word' id='word_1_109' title='bbox 1084 1808 1187 1868; x_wconf 87' lang='lat' dir='ltr'><strong>praes</strong></span> 
     </span>
     <span class='ocr_line' id='line_1_15' title="bbox 115 1879 1187 1962; baseline 0.001 -20"><span class='ocrx_word' id='word_1_110' title='bbox 115 1881 189 1961; x_wconf 88' lang='lat' dir='ltr'><strong>gias</strong></span> <span class='ocrx_word' id='word_1_111' title='bbox 202 1880 228 1958; x_wconf 88' lang='lat'><strong>;&#39;’</strong></span> <span class='ocrx_word' id='word_1_112' title='bbox 251 1901 310 1961; x_wconf 90' lang='lat' dir='ltr'><strong>per</strong></span> <span class='ocrx_word' id='word_1_113' title='bbox 328 1882 585 1944; x_wconf 88' lang='lat' dir='ltr'><strong>“scortationes</strong></span> <span class='ocrx_word' id='word_1_114' title='bbox 593 1880 608 1905; x_wconf 93' lang='grc'>”</span> <span class='ocrx_word' id='word_1_115' title='bbox 625 1879 857 1962; x_wconf 84' lang='lat' dir='ltr'><strong>significantur</strong></span> <span class='ocrx_word' id='word_1_116' title='bbox 875 1879 1129 1942; x_wconf 86' lang='lat' dir='ltr'><strong>falsificationes</strong></span> <span class='ocrx_word' id='word_1_117' title='bbox 1148 1903 1187 1944; x_wconf 86' lang='lat' dir='ltr'><strong>ve</strong></span> 
     </span>
     <span class='ocr_line' id='line_1_16' title="bbox 115 1974 1187 2056; baseline 0.001 -19"><span class='ocrx_word' id='word_1_118' title='bbox 115 1994 175 2056; x_wconf 88' lang='lat' dir='ltr'><strong>per</strong></span> <span class='ocrx_word' id='word_1_119' title='bbox 192 1981 370 2038; x_wconf 84' lang='lat' dir='ltr'><strong>“scortum</strong></span> <span class='ocrx_word' id='word_1_120' title='bbox 379 1974 393 1998; x_wconf 87' lang='lat'><strong>&#39;’</strong></span> <span class='ocrx_word' id='word_1_121' title='bbox 409 1975 569 2050; x_wconf 84' lang='lat' dir='ltr'><strong>haeresis,</strong></span> <span class='ocrx_word' id='word_1_122' title='bbox 587 1995 646 2056; x_wconf 88' lang='lat' dir='ltr'><strong>per</strong></span> <span class='ocrx_word' id='word_1_123' title='bbox 663 1976 839 2037; x_wconf 85' lang='lat' dir='ltr'><strong>“vendere</strong></span> <span class='ocrx_word' id='word_1_124' title='bbox 854 1974 999 2055; x_wconf 86' lang='lat' dir='ltr'><strong>gentes”</strong></span> <span class='ocrx_word' id='word_1_125' title='bbox 1018 1974 1187 2055; x_wconf 87' lang='lat' dir='ltr'><strong>significat</strong></span> 
     </span>
     <span class='ocr_line' id='line_1_17' title="bbox 114 2068 1187 2151; baseline 0.002 -21"><span class='ocrx_word' id='word_1_126' title='bbox 114 2069 307 2132; x_wconf 86' lang='lat' dir='ltr'><strong>abalienare</strong></span> <span class='ocrx_word' id='word_1_127' title='bbox 326 2070 426 2142; x_wconf 92' lang='lat' dir='ltr'><strong>bona,</strong></span> <span class='ocrx_word' id='word_1_128' title='bbox 444 2080 479 2132; x_wconf 90' lang='lat' dir='ltr'><strong>et</strong></span> <span class='ocrx_word' id='word_1_129' title='bbox 499 2090 558 2151; x_wconf 90' lang='lat' dir='ltr'><strong>per</strong></span> <span class='ocrx_word' id='word_1_130' title='bbox 575 2069 751 2131; x_wconf 84' lang='lat' dir='ltr'><strong>“vendere</strong></span> <span class='ocrx_word' id='word_1_131' title='bbox 769 2068 912 2141; x_wconf 81' lang='lat' dir='ltr'><strong>familias</strong></span> <span class='ocrx_word' id='word_1_132' title='bbox 928 2090 986 2150; x_wconf 89' lang='lat' dir='ltr'><strong>per</strong></span> <span class='ocrx_word' id='word_1_133' title='bbox 1002 2071 1187 2150; x_wconf 87' lang='lat' dir='ltr'><strong>praestigia</strong></span> 
     </span>
     <span class='ocr_line' id='line_1_18' title="bbox 31 2161 1187 2245; baseline -0.001 -19"><span class='ocrx_word' id='word_1_134' title='bbox 31 2163 35 2171; x_wconf 87' lang='lat'>&#39;</span> <span class='ocrx_word' id='word_1_135' title='bbox 114 2162 323 2245; x_wconf 85' lang='lat' dir='ltr'><strong>significatur</strong></span> <span class='ocrx_word' id='word_1_136' title='bbox 332 2162 523 2227; x_wconf 85' lang='lat' dir='ltr'><strong>abalienare</strong></span> <span class='ocrx_word' id='word_1_137' title='bbox 533 2183 611 2227; x_wconf 89' lang='lat' dir='ltr'><strong>vera</strong></span> <span class='ocrx_word' id='word_1_138' title='bbox 624 2161 661 2245; x_wconf 83' lang='lat'><strong>(“</strong></span> <span class='ocrx_word' id='word_1_139' title='bbox 669 2173 792 2245; x_wconf 88' lang='lat' dir='ltr'><strong>gentes</strong></span> <span class='ocrx_word' id='word_1_140' title='bbox 800 2161 816 2185; x_wconf 79' lang='lat'><strong>&#39;¹</strong></span> <span class='ocrx_word' id='word_1_141' title='bbox 826 2172 904 2225; x_wconf 91' lang='lat' dir='ltr'><strong>sunt</strong></span> <span class='ocrx_word' id='word_1_142' title='bbox 914 2163 1015 2237; x_wconf 88' lang='lat' dir='ltr'><strong>bona,</strong></span> <span class='ocrx_word' id='word_1_143' title='bbox 1029 2163 1187 2226; x_wconf 86' lang='lat' dir='ltr'><strong>“familia</strong></span> 
     </span>
    </p>
   </div>
   <div class='ocr_carea' id='block_1_3' title="bbox 113 2256 1187 2433">
    <p class='ocr_par' dir='ltr' id='par_1_5' title="bbox 113 2256 1187 2433">
     <span class='ocr_line' id='line_1_19' title="bbox 113 2256 1187 2340; baseline -0.001 -20"><span class='ocrx_word' id='word_1_144' title='bbox 113 2277 193 2320; x_wconf 86' lang='lat' dir='ltr'><strong>vera</strong></span> <span class='ocrx_word' id='word_1_145' title='bbox 223 2259 310 2332; x_wconf 89' lang='lat' dir='ltr'><strong>inde,</strong></span> <span class='ocrx_word' id='word_1_146' title='bbox 341 2268 377 2321; x_wconf 92' lang='lat' dir='ltr'><strong>et</strong></span> <span class='ocrx_word' id='word_1_147' title='bbox 408 2257 664 2340; x_wconf 85' lang='lat' dir='ltr'><strong>“praestigiae’&#39;</strong></span> <span class='ocrx_word' id='word_1_148' title='bbox 693 2268 771 2321; x_wconf 87' lang='lat' dir='ltr'><strong>sunt</strong></span> <span class='ocrx_word' id='word_1_149' title='bbox 800 2256 885 2320; x_wconf 86' lang='lat' dir='ltr'><strong>falsa</strong></span> <span class='ocrx_word' id='word_1_150' title='bbox 914 2257 994 2319; x_wconf 89' lang='lat' dir='ltr'><strong>mali</strong></span> <span class='ocrx_word' id='word_1_151' title='bbox 1023 2278 1084 2339; x_wconf 90' lang='lat' dir='ltr'><strong>per</strong></span> <span class='ocrx_word' id='word_1_152' title='bbox 1113 2280 1187 2340; x_wconf 73' lang='lat' dir='ltr'><strong>quat</strong></span> 
     </span>
     <span class='ocr_line' id='line_1_20' title="bbox 113 2350 413 2433; baseline -0.007 -19"><span class='ocrx_word' id='word_1_153' title='bbox 113 2350 218 2433; x_wconf 86' lang='lat' dir='ltr'>Apud</span> <span class='ocrx_word' id='word_1_154' title='bbox 237 2350 413 2425; x_wconf 82' lang='lat' dir='ltr'><strong>Habakuk,</strong></span> 
     </span>
    </p>
   </div>
   <div class='ocr_carea' id='block_1_4' title="bbox 112 2483 1187 3109">
    <p class='ocr_par' dir='ltr' id='par_1_6' title="bbox 112 2483 1187 3109">
     <span class='ocr_line' id='line_1_21' title="bbox 165 2483 1187 2548; baseline 0.004 -16"><span class='ocrx_word' id='word_1_155' title='bbox 165 2487 182 2507; x_wconf 85' lang='lat'><strong>‘¹</strong></span> <span class='ocrx_word' id='word_1_156' title='bbox 191 2483 248 2546; x_wconf 86' lang='lat' dir='ltr'><strong>Ego</strong></span> <span class='ocrx_word' id='word_1_157' title='bbox 258 2485 378 2533; x_wconf 82' lang='lat' dir='ltr'><strong>excitans</strong></span> <span class='ocrx_word' id='word_1_158' title='bbox 386 2483 545 2543; x_wconf 80' lang='lat' dir='ltr'><strong>Chaldaeos,</strong></span> <span class='ocrx_word' id='word_1_159' title='bbox 556 2495 665 2547; x_wconf 87' lang='lat' dir='ltr'><strong>gentem</strong></span> <span class='ocrx_word' id='word_1_160' title='bbox 674 2499 792 2534; x_wconf 88' lang='lat' dir='ltr'><strong>amaram</strong></span> <span class='ocrx_word' id='word_1_161' title='bbox 803 2494 829 2534; x_wconf 87' lang='lat' dir='ltr'><strong>et</strong></span> <span class='ocrx_word' id='word_1_162' title='bbox 839 2485 1020 2548; x_wconf 84' lang='lat' dir='ltr'><strong>praecipitem,</strong></span> <span class='ocrx_word' id='word_1_163' title='bbox 1032 2496 1187 2548; x_wconf 77' lang='lat' dir='ltr'><strong>pergentem</strong></span> 
     </span>
     <span class='ocr_line' id='line_1_22' title="bbox 245 2549 1187 2614; baseline 0.003 -17"><span class='ocrx_word' id='word_1_164' title='bbox 245 2549 398 2598; x_wconf 87' lang='lat' dir='ltr'><strong>latitudines</strong></span> <span class='ocrx_word' id='word_1_165' title='bbox 406 2559 514 2608; x_wconf 71' lang='lat' dir='ltr'><strong>terrae„</strong></span> <span class='ocrx_word' id='word_1_166' title='bbox 525 2587 531 2599; x_wconf 90' lang='lat'><em>.</em></span> <span class='ocrx_word' id='word_1_167' title='bbox 541 2587 546 2600; x_wconf 93' lang='lat'><em>.</em></span> <span class='ocrx_word' id='word_1_168' title='bbox 558 2550 644 2611; x_wconf 86' lang='lat' dir='ltr'><strong>¹cujus</strong></span> <span class='ocrx_word' id='word_1_169' title='bbox 652 2551 793 2599; x_wconf 85' lang='lat' dir='ltr'><strong>levessunt</strong></span> <span class='ocrx_word' id='word_1_170' title='bbox 802 2565 865 2612; x_wconf 85' lang='lat' dir='ltr'><strong>prae</strong></span> <span class='ocrx_word' id='word_1_171' title='bbox 873 2552 1073 2614; x_wconf 87' lang='lat' dir='ltr'><strong>pardisequi,et</strong></span> <span class='ocrx_word' id='word_1_172' title='bbox 1082 2553 1153 2600; x_wconf 89' lang='lat' dir='ltr'><strong>acuti</strong></span> <span class='ocrx_word' id='word_1_173' title='bbox 1162 2568 1187 2601; x_wconf 82' lang='lat' dir='ltr'><strong>st</strong></span> 
     </span>
     <span class='ocr_line' id='line_1_23' title="bbox 245 2615 1187 2680; baseline 0.004 -18"><span class='ocrx_word' id='word_1_174' title='bbox 245 2628 308 2676; x_wconf 88' lang='lat' dir='ltr'><strong>prae</strong></span> <span class='ocrx_word' id='word_1_175' title='bbox 318 2615 387 2676; x_wconf 86' lang='lat' dir='ltr'><strong>lupis</strong></span> <span class='ocrx_word' id='word_1_176' title='bbox 394 2629 531 2676; x_wconf 76' lang='lat' dir='ltr'><strong>vesperae,</strong></span> <span class='ocrx_word' id='word_1_177' title='bbox 540 2625 569 2663; x_wconf 91' lang='lat' dir='ltr'><strong>ut</strong></span> <span class='ocrx_word' id='word_1_178' title='bbox 578 2615 728 2664; x_wconf 86' lang='lat' dir='ltr'><strong>diffundant</strong></span> <span class='ocrx_word' id='word_1_179' title='bbox 738 2631 767 2664; x_wconf 80' lang='lat' dir='ltr'><strong>se</strong></span> <span class='ocrx_word' id='word_1_180' title='bbox 776 2617 879 2678; x_wconf 83' lang='lat' dir='ltr'><strong>equites</strong></span> <span class='ocrx_word' id='word_1_181' title='bbox 887 2616 945 2678; x_wconf 81' lang='lat' dir='ltr'><strong>ejus</strong></span> <span class='ocrx_word' id='word_1_182' title='bbox 955 2630 961 2671; x_wconf 87' lang='lat'>;</span> <span class='ocrx_word' id='word_1_183' title='bbox 973 2617 1045 2665; x_wconf 88' lang='lat' dir='ltr'><strong>unde</strong></span> <span class='ocrx_word' id='word_1_184' title='bbox 1053 2619 1158 2680; x_wconf 85' lang='lat' dir='ltr'><strong>equites</strong></span> <span class='ocrx_word' id='word_1_185' title='bbox 1168 2633 1187 2678; x_wconf 51' lang='lat' dir='ltr'><strong>e*</strong></span> 
     </span>
     <span class='ocr_line' id='line_1_24' title="bbox 244 2680 1187 2742; baseline 0.003 -14"><span class='ocrx_word' id='word_1_186' title='bbox 244 2694 258 2728; x_wconf 87' lang='lat' dir='ltr'><strong>e</strong></span> <span class='ocrx_word' id='word_1_187' title='bbox 271 2680 419 2742; x_wconf 82' lang='lat' dir='ltr'><strong>longinquo</strong></span> <span class='ocrx_word' id='word_1_188' title='bbox 426 2681 544 2735; x_wconf 89' lang='lat' dir='ltr'><strong>venient,</strong></span> <span class='ocrx_word' id='word_1_189' title='bbox 554 2680 717 2729; x_wconf 86' lang='lat' dir='ltr'><strong>advolabunt</strong></span> <span class='ocrx_word' id='word_1_190' title='bbox 727 2682 795 2729; x_wconf 87' lang='lat' dir='ltr'><strong>sicut</strong></span> <span class='ocrx_word' id='word_1_191' title='bbox 804 2681 893 2742; x_wconf 90' lang='lat' dir='ltr'><strong>aquila</strong></span> <span class='ocrx_word' id='word_1_192' title='bbox 902 2681 1075 2730; x_wconf 89' lang='lat' dir='ltr'><strong>festinansad</strong></span> <span class='ocrx_word' id='word_1_193' title='bbox 1082 2683 1187 2731; x_wconf 69' lang='lat' dir='ltr'><strong>comede</strong></span> 
     </span>
     <span class='ocr_line' id='line_1_25' title="bbox 243 2745 1187 2808; baseline 0.003 -15"><span class='ocrx_word' id='word_1_194' title='bbox 243 2746 317 2802; x_wconf 90' lang='lat' dir='ltr'><strong>dum,</strong></span> <span class='ocrx_word' id='word_1_195' title='bbox 326 2755 382 2793; x_wconf 86' lang='lat' dir='ltr'><strong>tota</strong></span> <span class='ocrx_word' id='word_1_196' title='bbox 389 2745 423 2794; x_wconf 89' lang='lat' dir='ltr'><strong>ad</strong></span> <span class='ocrx_word' id='word_1_197' title='bbox 431 2745 587 2794; x_wconf 84' lang='lat' dir='ltr'><strong>violentiam</strong></span> <span class='ocrx_word' id='word_1_198' title='bbox 596 2746 685 2794; x_wconf 86' lang='lat' dir='ltr'><strong>veniet</strong></span> <span class='ocrx_word' id='word_1_199' title='bbox 695 2759 713 2804; x_wconf 86' lang='lat'><strong>;.</strong></span> <span class='ocrx_word' id='word_1_200' title='bbox 723 2783 729 2795; x_wconf 94' lang='lat'><strong><em>.</em></strong></span> <span class='ocrx_word' id='word_1_201' title='bbox 739 2782 745 2794; x_wconf 92' lang='lat'><em>.</em></span> <span class='ocrx_word' id='word_1_202' title='bbox 755 2746 813 2795; x_wconf 85' lang='lat' dir='ltr'><strong>.illa</strong></span> <span class='ocrx_word' id='word_1_203' title='bbox 821 2760 898 2808; x_wconf 80' lang='lat' dir='ltr'><strong>reges</strong></span> <span class='ocrx_word' id='word_1_204' title='bbox 907 2746 998 2794; x_wconf 89' lang='lat' dir='ltr'><strong>illudet</strong></span> <span class='ocrx_word' id='word_1_205' title='bbox 1005 2757 1032 2795; x_wconf 89' lang='lat' dir='ltr'><strong>et</strong></span> <span class='ocrx_word' id='word_1_206' title='bbox 1039 2747 1187 2796; x_wconf 78' lang='lat' dir='ltr'><strong>dominator</strong></span> 
     </span>
     <span class='ocr_line' id='line_1_26' title="bbox 243 2808 551 2871; baseline 0.003 -13"><span class='ocrx_word' id='word_1_207' title='bbox 243 2810 307 2858; x_wconf 89' lang='lat' dir='ltr'><strong>risui</strong></span> <span class='ocrx_word' id='word_1_208' title='bbox 321 2810 358 2858; x_wconf 86' lang='lat' dir='ltr'><strong>illi</strong></span> <span class='ocrx_word' id='word_1_209' title='bbox 366 2808 380 2829; x_wconf 89' lang='lat'><strong>”</strong></span> <span class='ocrx_word' id='word_1_210' title='bbox 391 2811 418 2871; x_wconf 89' lang='lat' dir='ltr'><strong>(i.</strong></span> <span class='ocrx_word' id='word_1_211' title='bbox 428 2811 452 2868; x_wconf 84' lang='lat'><strong>6,</strong></span> <span class='ocrx_word' id='word_1_212' title='bbox 463 2811 551 2871; x_wconf 73' lang='lat'>8-10):</span> 
     </span>
     <span class='ocr_line' id='line_1_27' title="bbox 112 2929 1187 3014; baseline 0.001 -20"><span class='ocrx_word' id='word_1_213' title='bbox 112 2951 172 3014; x_wconf 92' lang='lat' dir='ltr'><strong>per</strong></span> <span class='ocrx_word' id='word_1_214' title='bbox 196 2929 442 2994; x_wconf 82' lang='lat' dir='ltr'><strong>“Chaldaeos’‘</strong></span> <span class='ocrx_word' id='word_1_215' title='bbox 463 2930 700 3013; x_wconf 85' lang='lat' dir='ltr'><strong>intelliguntur</strong></span> <span class='ocrx_word' id='word_1_216' title='bbox 722 2932 777 3013; x_wconf 91' lang='lat' dir='ltr'><strong>qui</strong></span> <span class='ocrx_word' id='word_1_217' title='bbox 805 2931 983 3013; x_wconf 79' lang='lat' dir='ltr'><strong>profanant</strong></span> <span class='ocrx_word' id='word_1_218' title='bbox 1007 2953 1087 2994; x_wconf 88' lang='lat' dir='ltr'><strong>vera</strong></span> <span class='ocrx_word' id='word_1_219' title='bbox 1113 2944 1149 2997; x_wconf 89' lang='lat' dir='ltr'><strong>et</strong></span> <span class='ocrx_word' id='word_1_220' title='bbox 1177 2954 1187 2995; x_wconf 83' lang='grc' dir='ltr'>ε</span> 
     </span>
     <span class='ocr_line' id='line_1_28' title="bbox 112 3025 1187 3109; baseline 0.002 -21"><span class='ocrx_word' id='word_1_221' title='bbox 112 3036 251 3088; x_wconf 86' lang='lat' dir='ltr'><strong>vastant</strong></span> <span class='ocrx_word' id='word_1_222' title='bbox 264 3025 454 3099; x_wconf 90' lang='lat' dir='ltr'><strong>ecclesiam,</strong></span> <span class='ocrx_word' id='word_1_223' title='bbox 468 3047 572 3108; x_wconf 91' lang='lat' dir='ltr'><strong>quare</strong></span> <span class='ocrx_word' id='word_1_224' title='bbox 587 3036 728 3089; x_wconf 91' lang='lat' dir='ltr'><strong>vocatur</strong></span> <span class='ocrx_word' id='word_1_225' title='bbox 742 3032 855 3107; x_wconf 87' lang='lat' dir='ltr'><strong>“gens</strong></span> <span class='ocrx_word' id='word_1_226' title='bbox 868 3046 981 3088; x_wconf 90' lang='lat' dir='ltr'><strong>amara</strong></span> <span class='ocrx_word' id='word_1_227' title='bbox 995 3037 1029 3088; x_wconf 89' lang='lat' dir='ltr'><strong>et</strong></span> <span class='ocrx_word' id='word_1_228' title='bbox 1047 3047 1187 3109; x_wconf 77' lang='lat' dir='ltr'><strong>praecep</strong></span> 
     </span>
    </p>
   </div>
   <div class='ocr_carea' id='block_1_5' title="bbox 111 3119 1187 3286">
    <p class='ocr_par' dir='ltr' id='par_1_7' title="bbox 111 3119 1187 3286">
     <span class='ocr_line' id='line_1_29' title="bbox 112 3119 1184 3202; baseline 0 -19"><span class='ocrx_word' id='word_1_229' title='bbox 112 3140 258 3202; x_wconf 86' lang='lat' dir='ltr'><strong>pergens</strong></span> <span class='ocrx_word' id='word_1_230' title='bbox 281 3121 314 3183; x_wconf 91' lang='lat' dir='ltr'><strong>in</strong></span> <span class='ocrx_word' id='word_1_231' title='bbox 339 3119 536 3182; x_wconf 90' lang='lat' dir='ltr'><strong>latitudines</strong></span> <span class='ocrx_word' id='word_1_232' title='bbox 559 3130 670 3183; x_wconf 89' lang='lat' dir='ltr'><strong>terrae</strong></span> <span class='ocrx_word' id='word_1_233' title='bbox 682 3119 708 3196; x_wconf 88' lang='grc'><strong>;”</strong></span> <span class='ocrx_word' id='word_1_234' title='bbox 737 3120 964 3183; x_wconf 89' lang='lat' dir='ltr'><strong>“latitudines</strong></span> <span class='ocrx_word' id='word_1_235' title='bbox 986 3120 1122 3183; x_wconf 86' lang='lat' dir='ltr'><strong>terrae”</strong></span> <span class='ocrx_word' id='word_1_236' title='bbox 1146 3142 1184 3183; x_wconf 89' lang='lat' dir='ltr'><strong>su</strong></span> 
     </span>
     <span class='ocr_line' id='line_1_30' title="bbox 111 3211 1187 3286; baseline 0.003 -14"><span class='ocrx_word' id='word_1_237' title='bbox 111 3231 192 3274; x_wconf 87' lang='lat' dir='ltr'><strong>vera</strong></span> <span class='ocrx_word' id='word_1_238' title='bbox 219 3211 388 3273; x_wconf 90' lang='lat' dir='ltr'><strong>ecclesiae</strong></span> <span class='ocrx_word' id='word_1_239' title='bbox 410 3228 529 3284; x_wconf 60' lang='lat' dir='ltr'><strong>(videatis</strong></span> <span class='ocrx_word' id='word_1_240' title='bbox 545 3229 568 3271; x_wconf 83' lang='lat' dir='ltr'><strong>in</strong></span> <span class='ocrx_word' id='word_1_241' title='bbox 583 3240 655 3286; x_wconf 80' lang='lat' dir='ltr'><strong>opere</strong></span> <span class='ocrx_word' id='word_1_242' title='bbox 670 3229 708 3272; x_wconf 72' lang='lat' dir='ltr'><strong>De</strong></span> <span class='ocrx_word' id='word_1_243' title='bbox 725 3228 792 3273; x_wconf 78' lang='lat' dir='ltr'><strong>caeto</strong></span> <span class='ocrx_word' id='word_1_244' title='bbox 805 3233 828 3272; x_wconf 77' lang='lat' dir='ltr'><strong>et</strong></span> <span class='ocrx_word' id='word_1_245' title='bbox 844 3229 945 3286; x_wconf 74' lang='lat' dir='ltr'><strong>inferno,</strong></span> <span class='ocrx_word' id='word_1_246' title='bbox 960 3241 983 3273; x_wconf 84' lang='lat' dir='ltr'><strong>n.</strong></span> <span class='ocrx_word' id='word_1_247' title='bbox 999 3228 1073 3285; x_wconf 84' lang='lat'>197):</span> <span class='ocrx_word' id='word_1_248' title='bbox 1106 3233 1187 3274; x_wconf 88' lang='lat' dir='ltr'><strong>eoru</strong></span> 
     </span>
    </p>
   </div>
   <div class='ocr_carea' id='block_1_6' title="bbox 108 3303 1187 4516">
    <p class='ocr_par' dir='ltr' id='par_1_8' title="bbox 108 3303 1187 4516">
     <span class='ocr_line' id='line_1_31' title="bbox 112 3303 1187 3386; baseline 0 -20"><span class='ocrx_word' id='word_1_249' title='bbox 112 3304 280 3384; x_wconf 90' lang='lat' dir='ltr'><strong>cupiditas</strong></span> <span class='ocrx_word' id='word_1_250' title='bbox 297 3314 331 3366; x_wconf 88' lang='lat' dir='ltr'><strong>et</strong></span> <span class='ocrx_word' id='word_1_251' title='bbox 351 3305 478 3367; x_wconf 85' lang='lat' dir='ltr'><strong>astutia</strong></span> <span class='ocrx_word' id='word_1_252' title='bbox 493 3304 709 3386; x_wconf 89' lang='lat' dir='ltr'><strong>pervertendi</strong></span> <span class='ocrx_word' id='word_1_253' title='bbox 725 3325 803 3367; x_wconf 88' lang='lat' dir='ltr'><strong>vera</strong></span> <span class='ocrx_word' id='word_1_254' title='bbox 820 3315 854 3366; x_wconf 90' lang='lat' dir='ltr'><strong>et</strong></span> <span class='ocrx_word' id='word_1_255' title='bbox 874 3304 1069 3366; x_wconf 88' lang='lat' dir='ltr'><strong>destruendi</strong></span> <span class='ocrx_word' id='word_1_256' title='bbox 1089 3303 1147 3366; x_wconf 89' lang='lat' dir='ltr'><strong>illa</strong></span> <span class='ocrx_word' id='word_1_257' title='bbox 1167 3325 1187 3386; x_wconf 93' lang='lat' dir='ltr'><strong>p</strong></span> 
     </span>
     <span class='ocr_line' id='line_1_32' title="bbox 111 3397 1185 3480; baseline 0.001 -20"><span class='ocrx_word' id='word_1_258' title='bbox 111 3399 289 3461; x_wconf 87' lang='lat' dir='ltr'><strong>ratiocinia</strong></span> <span class='ocrx_word' id='word_1_259' title='bbox 315 3419 360 3461; x_wconf 84' lang='lat' dir='ltr'><strong>ex</strong></span> <span class='ocrx_word' id='word_1_260' title='bbox 386 3397 478 3461; x_wconf 89' lang='lat' dir='ltr'><strong>falsis</strong></span> <span class='ocrx_word' id='word_1_261' title='bbox 504 3417 641 3480; x_wconf 88' lang='lat' dir='ltr'><strong>prorsus</strong></span> <span class='ocrx_word' id='word_1_262' title='bbox 666 3400 805 3461; x_wconf 91' lang='lat' dir='ltr'><strong>remotis</strong></span> <span class='ocrx_word' id='word_1_263' title='bbox 828 3419 848 3461; x_wconf 93' lang='lat' dir='ltr'><strong>a</strong></span> <span class='ocrx_word' id='word_1_264' title='bbox 870 3400 968 3471; x_wconf 86' lang='lat' dir='ltr'><strong>veris,</strong></span> <span class='ocrx_word' id='word_1_265' title='bbox 992 3397 1185 3480; x_wconf 85' lang='lat' dir='ltr'><strong>significant</strong></span> 
     </span>
     <span class='ocr_line' id='line_1_33' title="bbox 111 3491 1187 3574; baseline 0.003 -21"><span class='ocrx_word' id='word_1_266' title='bbox 111 3510 172 3572; x_wconf 88' lang='lat' dir='ltr'><strong>per</strong></span> <span class='ocrx_word' id='word_1_267' title='bbox 192 3491 314 3572; x_wconf 86' lang='lat' dir='ltr'><strong>“cujus</strong></span> <span class='ocrx_word' id='word_1_268' title='bbox 328 3491 420 3554; x_wconf 89' lang='lat' dir='ltr'><strong>leves</strong></span> <span class='ocrx_word' id='word_1_269' title='bbox 439 3512 520 3574; x_wconf 89' lang='lat' dir='ltr'><strong>prae</strong></span> <span class='ocrx_word' id='word_1_270' title='bbox 538 3492 651 3574; x_wconf 88' lang='lat' dir='ltr'><strong>pardis</strong></span> <span class='ocrx_word' id='word_1_271' title='bbox 670 3494 756 3573; x_wconf 90' lang='lat' dir='ltr'><strong>equi,</strong></span> <span class='ocrx_word' id='word_1_272' title='bbox 777 3502 811 3555; x_wconf 90' lang='lat' dir='ltr'><strong>et</strong></span> <span class='ocrx_word' id='word_1_273' title='bbox 835 3494 925 3554; x_wconf 90' lang='lat' dir='ltr'><strong>acuti</strong></span> <span class='ocrx_word' id='word_1_274' title='bbox 946 3512 1026 3573; x_wconf 90' lang='lat' dir='ltr'><strong>prae</strong></span> <span class='ocrx_word' id='word_1_275' title='bbox 1045 3492 1131 3573; x_wconf 88' lang='lat' dir='ltr'><strong>lupis</strong></span> <span class='ocrx_word' id='word_1_276' title='bbox 1149 3515 1187 3556; x_wconf 88' lang='lat' dir='ltr'><strong>ve</strong></span> 
     </span>
     <span class='ocr_line' id='line_1_34' title="bbox 111 3585 1185 3667; baseline 0.001 -20"><span class='ocrx_word' id='word_1_277' title='bbox 111 3602 224 3666; x_wconf 85' lang='lat' dir='ltr'><strong>perae,</strong></span> <span class='ocrx_word' id='word_1_278' title='bbox 249 3595 285 3648; x_wconf 91' lang='lat' dir='ltr'><strong>ut</strong></span> <span class='ocrx_word' id='word_1_279' title='bbox 309 3585 498 3648; x_wconf 82' lang='lat' dir='ltr'><strong>diffundant</strong></span> <span class='ocrx_word' id='word_1_280' title='bbox 522 3607 558 3648; x_wconf 93' lang='lat' dir='ltr'><strong>se</strong></span> <span class='ocrx_word' id='word_1_281' title='bbox 581 3587 713 3667; x_wconf 89' lang='lat' dir='ltr'><strong>equites</strong></span> <span class='ocrx_word' id='word_1_282' title='bbox 736 3585 816 3666; x_wconf 90' lang='lat' dir='ltr'><strong>ejus,</strong></span> <span class='ocrx_word' id='word_1_283' title='bbox 841 3585 930 3648; x_wconf 89' lang='lat' dir='ltr'><strong>unde</strong></span> <span class='ocrx_word' id='word_1_284' title='bbox 958 3588 1089 3667; x_wconf 91' lang='lat' dir='ltr'><strong>equites</strong></span> <span class='ocrx_word' id='word_1_285' title='bbox 1113 3587 1185 3666; x_wconf 88' lang='lat' dir='ltr'><strong>ejus</strong></span> 
     </span>
     <span class='ocr_line' id='line_1_35' title="bbox 113 3678 1187 3761; baseline 0.002 -20"><span class='ocrx_word' id='word_1_286' title='bbox 113 3678 299 3761; x_wconf 90' lang='lat' dir='ltr'><strong>longinquo</strong></span> <span class='ocrx_word' id='word_1_287' title='bbox 326 3681 474 3752; x_wconf 89' lang='lat' dir='ltr'><strong>venient,</strong></span> <span class='ocrx_word' id='word_1_288' title='bbox 499 3680 708 3742; x_wconf 91' lang='lat' dir='ltr'><strong>advolabunt</strong></span> <span class='ocrx_word' id='word_1_289' title='bbox 736 3681 822 3742; x_wconf 88' lang='lat' dir='ltr'><strong>sicut</strong></span> <span class='ocrx_word' id='word_1_290' title='bbox 850 3679 960 3761; x_wconf 90' lang='lat' dir='ltr'><strong>aquila</strong></span> <span class='ocrx_word' id='word_1_291' title='bbox 987 3680 1152 3742; x_wconf 88' lang='lat' dir='ltr'><strong>festinans</strong></span> <span class='ocrx_word' id='word_1_292' title='bbox 1182 3703 1187 3743; x_wconf 71' lang='lat' dir='ltr'>a</span> 
     </span>
     <span class='ocr_line' id='line_1_36' title="bbox 112 3773 1185 3856; baseline 0.001 -21"><span class='ocrx_word' id='word_1_293' title='bbox 112 3773 359 3835; x_wconf 90' lang='lat' dir='ltr'><strong>comedendum</strong></span> <span class='ocrx_word' id='word_1_294' title='bbox 373 3774 398 3848; x_wconf 83' lang='lat'><strong>;&#39;&#39;</strong></span> <span class='ocrx_word' id='word_1_295' title='bbox 422 3776 589 3854; x_wconf 87' lang='lat' dir='ltr'><strong>cupiditas</strong></span> <span class='ocrx_word' id='word_1_296' title='bbox 612 3773 820 3854; x_wconf 77' lang='lat' dir='ltr'><strong>significatur</strong></span> <span class='ocrx_word' id='word_1_297' title='bbox 840 3795 897 3854; x_wconf 91' lang='lat' dir='ltr'><strong>per</strong></span> <span class='ocrx_word' id='word_1_298' title='bbox 916 3775 1004 3855; x_wconf 91' lang='lat' dir='ltr'><strong>quod</strong></span> <span class='ocrx_word' id='word_1_299' title='bbox 1028 3778 1130 3855; x_wconf 86' lang='lat' dir='ltr'><strong>“equi</strong></span> <span class='ocrx_word' id='word_1_300' title='bbox 1156 3776 1185 3856; x_wconf 91' lang='lat' dir='ltr'><strong>ej</strong></span> 
     </span>
     <span class='ocr_line' id='line_1_37' title="bbox 112 3868 1184 3950; baseline 0 -19"><span class='ocrx_word' id='word_1_301' title='bbox 112 3868 204 3931; x_wconf 90' lang='lat' dir='ltr'><strong>leves</strong></span> <span class='ocrx_word' id='word_1_302' title='bbox 231 3870 299 3930; x_wconf 91' lang='lat' dir='ltr'><strong>sint</strong></span> <span class='ocrx_word' id='word_1_303' title='bbox 326 3888 407 3949; x_wconf 90' lang='lat' dir='ltr'><strong>prae</strong></span> <span class='ocrx_word' id='word_1_304' title='bbox 433 3869 575 3950; x_wconf 88' lang='lat' dir='ltr'><strong>pardis‚&#39;&#39;</strong></span> <span class='ocrx_word' id='word_1_305' title='bbox 603 3879 638 3930; x_wconf 91' lang='lat' dir='ltr'><strong>et</strong></span> <span class='ocrx_word' id='word_1_306' title='bbox 666 3871 793 3930; x_wconf 88' lang='lat' dir='ltr'><strong>astutia</strong></span> <span class='ocrx_word' id='word_1_307' title='bbox 818 3889 876 3949; x_wconf 90' lang='lat' dir='ltr'><strong>per</strong></span> <span class='ocrx_word' id='word_1_308' title='bbox 903 3869 992 3949; x_wconf 89' lang='lat' dir='ltr'><strong>quod</strong></span> <span class='ocrx_word' id='word_1_309' title='bbox 1023 3872 1131 3950; x_wconf 90' lang='lat' dir='ltr'><strong>“equi</strong></span> <span class='ocrx_word' id='word_1_310' title='bbox 1157 3872 1184 3931; x_wconf 93' lang='lat' dir='ltr'><strong>si</strong></span> 
     </span>
     <span class='ocr_line' id='line_1_38' title="bbox 111 3961 1186 4045; baseline 0.003 -21"><span class='ocrx_word' id='word_1_311' title='bbox 111 3963 202 4025; x_wconf 86' lang='lat' dir='ltr'><strong>acuti</strong></span> <span class='ocrx_word' id='word_1_312' title='bbox 218 3983 300 4044; x_wconf 93' lang='lat' dir='ltr'><strong>prae</strong></span> <span class='ocrx_word' id='word_1_313' title='bbox 315 3962 401 4044; x_wconf 90' lang='lat' dir='ltr'><strong>lupis</strong></span> <span class='ocrx_word' id='word_1_314' title='bbox 414 3961 604 4045; x_wconf 87' lang='lat' dir='ltr'><strong>vesperae,&#39;&#39;</strong></span> <span class='ocrx_word' id='word_1_315' title='bbox 616 3972 651 4025; x_wconf 91' lang='lat' dir='ltr'><strong>et</strong></span> <span class='ocrx_word' id='word_1_316' title='bbox 668 3972 844 4044; x_wconf 90' lang='lat' dir='ltr'><strong>utrumque</strong></span> <span class='ocrx_word' id='word_1_317' title='bbox 858 3983 916 4043; x_wconf 92' lang='lat' dir='ltr'><strong>per</strong></span> <span class='ocrx_word' id='word_1_318' title='bbox 928 3962 1017 4043; x_wconf 92' lang='lat' dir='ltr'><strong>quod</strong></span> <span class='ocrx_word' id='word_1_319' title='bbox 1033 3964 1186 4028; x_wconf 86' lang='lat' dir='ltr'><strong>“advole</strong></span> 
     </span>
     <span class='ocr_line' id='line_1_39' title="bbox 111 4056 1187 4138; baseline 0.003 -19"><span class='ocrx_word' id='word_1_320' title='bbox 111 4058 197 4121; x_wconf 90' lang='lat' dir='ltr'><strong>sicut</strong></span> <span class='ocrx_word' id='word_1_321' title='bbox 215 4057 326 4138; x_wconf 86' lang='lat' dir='ltr'><strong>aquila</strong></span> <span class='ocrx_word' id='word_1_322' title='bbox 339 4056 365 4119; x_wconf 89' lang='lat'><strong>:”</strong></span> <span class='ocrx_word' id='word_1_323' title='bbox 387 4057 464 4138; x_wconf 89' lang='lat' dir='ltr'><strong>quia</strong></span> <span class='ocrx_word' id='word_1_324' title='bbox 480 4056 648 4138; x_wconf 85' lang='lat' dir='ltr'><strong>cupiditas</strong></span> <span class='ocrx_word' id='word_1_325' title='bbox 664 4067 698 4119; x_wconf 95' lang='lat' dir='ltr'><strong>et</strong></span> <span class='ocrx_word' id='word_1_326' title='bbox 715 4058 842 4119; x_wconf 89' lang='lat' dir='ltr'><strong>astutia</strong></span> <span class='ocrx_word' id='word_1_327' title='bbox 855 4067 907 4119; x_wconf 91' lang='lat' dir='ltr'><strong>est</strong></span> <span class='ocrx_word' id='word_1_328' title='bbox 926 4056 968 4119; x_wconf 90' lang='lat' dir='ltr'><strong>ad</strong></span> <span class='ocrx_word' id='word_1_329' title='bbox 981 4058 1187 4122; x_wconf 81' lang='lat' dir='ltr'><strong>destruendo</strong></span> 
     </span>
     <span class='ocr_line' id='line_1_40' title="bbox 109 4150 1187 4233; baseline 0.004 -21"><span class='ocrx_word' id='word_1_330' title='bbox 109 4172 200 4224; x_wconf 91' lang='lat' dir='ltr'><strong>vera,</strong></span> <span class='ocrx_word' id='word_1_331' title='bbox 221 4152 298 4214; x_wconf 90' lang='lat' dir='ltr'><strong>ideo</strong></span> <span class='ocrx_word' id='word_1_332' title='bbox 317 4152 449 4226; x_wconf 91' lang='lat' dir='ltr'><strong>dicitur,</strong></span> <span class='ocrx_word' id='word_1_333' title='bbox 469 4156 573 4214; x_wconf 89' lang='lat' dir='ltr'><strong>“tota</strong></span> <span class='ocrx_word' id='word_1_334' title='bbox 592 4152 634 4213; x_wconf 91' lang='lat' dir='ltr'><strong>ad</strong></span> <span class='ocrx_word' id='word_1_335' title='bbox 652 4150 849 4213; x_wconf 90' lang='lat' dir='ltr'><strong>violentiam</strong></span> <span class='ocrx_word' id='word_1_336' title='bbox 868 4152 982 4214; x_wconf 90' lang='lat' dir='ltr'><strong>veniet</strong></span> <span class='ocrx_word' id='word_1_337' title='bbox 994 4151 1020 4213; x_wconf 88' lang='lat'><strong>:”</strong></span> <span class='ocrx_word' id='word_1_338' title='bbox 1043 4154 1135 4233; x_wconf 90' lang='lat' dir='ltr'><strong>quod</strong></span> <span class='ocrx_word' id='word_1_339' title='bbox 1153 4156 1187 4216; x_wconf 89' lang='lat' dir='ltr'><strong>in</strong></span> 
     </span>
     <span class='ocr_line' id='line_1_41' title="bbox 110 4244 1187 4327; baseline 0.003 -20"><span class='ocrx_word' id='word_1_340' title='bbox 110 4245 215 4309; x_wconf 91' lang='lat' dir='ltr'><strong>deant</strong></span> <span class='ocrx_word' id='word_1_341' title='bbox 239 4266 317 4309; x_wconf 92' lang='lat' dir='ltr'><strong>vera</strong></span> <span class='ocrx_word' id='word_1_342' title='bbox 340 4254 375 4309; x_wconf 89' lang='lat' dir='ltr'><strong>et</strong></span> <span class='ocrx_word' id='word_1_343' title='bbox 399 4246 499 4319; x_wconf 92' lang='lat' dir='ltr'><strong>bona,</strong></span> <span class='ocrx_word' id='word_1_344' title='bbox 524 4244 733 4325; x_wconf 85' lang='lat' dir='ltr'><strong>significatur</strong></span> <span class='ocrx_word' id='word_1_345' title='bbox 755 4265 814 4326; x_wconf 90' lang='lat' dir='ltr'><strong>per</strong></span> <span class='ocrx_word' id='word_1_346' title='bbox 836 4247 926 4326; x_wconf 93' lang='lat' dir='ltr'><strong>quod</strong></span> <span class='ocrx_word' id='word_1_347' title='bbox 952 4253 1079 4327; x_wconf 85' lang='lat' dir='ltr'><strong>“reges</strong></span> <span class='ocrx_word' id='word_1_348' title='bbox 1103 4247 1187 4310; x_wconf 92' lang='lat' dir='ltr'><strong>illud</strong></span> 
     </span>
     <span class='ocr_line' id='line_1_42' title="bbox 108 4339 1158 4421; baseline 0.001 -18"><span class='ocrx_word' id='word_1_349' title='bbox 108 4349 145 4403; x_wconf 87' lang='lat' dir='ltr'><strong>et</strong></span> <span class='ocrx_word' id='word_1_350' title='bbox 176 4339 407 4403; x_wconf 90' lang='lat' dir='ltr'><strong>dominatores</strong></span> <span class='ocrx_word' id='word_1_351' title='bbox 440 4340 517 4403; x_wconf 91' lang='lat' dir='ltr'><strong>risui</strong></span> <span class='ocrx_word' id='word_1_352' title='bbox 546 4339 633 4416; x_wconf 87' lang='lat' dir='ltr'><strong>illi;”</strong></span> <span class='ocrx_word' id='word_1_353' title='bbox 665 4340 814 4421; x_wconf 87' lang='lat' dir='ltr'><strong>“reges&#39;’</strong></span> <span class='ocrx_word' id='word_1_354' title='bbox 844 4339 1034 4421; x_wconf 81' lang='lat' dir='ltr'><strong>significant</strong></span> <span class='ocrx_word' id='word_1_355' title='bbox 1066 4362 1158 4417; x_wconf 89' lang='lat' dir='ltr'><strong>vera,</strong></span> 
     </span>
     <span class='ocr_line' id='line_1_43' title="bbox 113 4433 1109 4516; baseline -0.001 -19"><span class='ocrx_word' id='word_1_356' title='bbox 113 4439 132 4467; x_wconf 89' lang='grc'>“</span> <span class='ocrx_word' id='word_1_357' title='bbox 140 4433 267 4498; x_wconf 90' lang='lat' dir='ltr'><strong>domini</strong></span> <span class='ocrx_word' id='word_1_358' title='bbox 275 4434 290 4458; x_wconf 91' lang='lat'><strong>”</strong></span> <span class='ocrx_word' id='word_1_359' title='bbox 309 4444 344 4498; x_wconf 92' lang='lat' dir='ltr'><strong>et</strong></span> <span class='ocrx_word' id='word_1_360' title='bbox 366 4435 625 4497; x_wconf 82' lang='lat' dir='ltr'><strong>“dominatores</strong></span> <span class='ocrx_word' id='word_1_361' title='bbox 634 4434 649 4458; x_wconf 87' lang='lat'><strong>&#39;&#39;</strong></span> <span class='ocrx_word' id='word_1_362' title='bbox 667 4435 767 4497; x_wconf 91' lang='lat' dir='ltr'><strong>bona.</strong></span> <span class='ocrx_word' id='word_1_363' title='bbox 810 4434 914 4516; x_wconf 90' lang='lat' dir='ltr'><strong>Apud</strong></span> <span class='ocrx_word' id='word_1_364' title='bbox 932 4434 1109 4511; x_wconf 79' lang='lat' dir='ltr'><strong>Davidem,</strong></span> 
     </span>
    </p>
   </div>
   <div class='ocr_carea' id='block_1_7' title="bbox 0 0 1346 4988">
    <p class='ocr_par' dir='ltr' id='par_1_9' title="bbox 0 0 1346 4988">
     <span class='ocr_line' id='line_1_44' title="bbox 0 0 1346 4988; baseline 0 1"><span class='ocrx_word' id='word_1_365' title='bbox 0 0 1346 4988; x_wconf 95' lang='lat' dir='ltr'><strong> </strong></span> 
     </span>
    </p>
   </div>
  </div>
 </body>
</html>
