2684 4988
340 489 421 541 cnr.
439 490 498 551 vt,
516 489 618 540 vars.
640 491 766 556 14-u.
782 476 904 563 4051c].
1117 495 1180 564 907

104 667 139 721 est
150 679 212 722 cum
226 660 315 722 bono
330 661 454 722 amoris
470 661 502 722 in
519 670 664 722 externo
680 659 825 732 homine,
843 678 920 722 nam
937 680 1037 723 omne
1054 661 1178 724 bonum

104 756 190 816 moris
205 765 255 817 est
274 754 472 826 voluntatis,
491 764 527 815 et
546 772 646 816 omne
664 772 780 816 verum
798 755 876 816 inde
894 765 947 817 est
966 753 1179 831 intelledtus;

106 868 170 911 uare
194 868 249 928 per
273 847 547 928 “Ephraimum”
572 847 708 929 fratrem
735 846 805 927 ejus
831 847 1038 928 significatur
1065 869 1178 911 verum

104 939 292 1005 rtelledtuale
322 940 412 1003 illius
440 941 541 1004 boni:
568 942 645 1022 quia
675 960 734 1021 per
761 948 941 1004 “montem
973 941 1180 1005 Baschanis”

104 1034 151 1097 lud
174 1037 295 1098 bonum
322 1035 540 1116 significatur,
568 1035 646 1097 ideo
672 1055 731 1115 per
758 1035 915 1098 “colles’'
942 1038 1067 1099 montis
1094 1036 1180 1099 illius

104 1129 293 1210 ignificantur
309 1132 400 1192 bona
413 1127 509 1192 astu:
534 1130 610 1211 quia
625 1129 785 1192 voluntas
802 1131 884 1211 agit,
902 1141 954 1192 est
973 1132 1061 1192 enim
1079 1151 1179 1194 omne

104 1221 208 1286 llivum
220 1226 322 1286 animi
338 1234 374 1286 et
387 1225 536 1304 corporis
550 1222 797 1296 exvoluntate,
811 1225 897 1287 sicut
914 1234 966 1287 est
983 1245 1083 1287 omne
1097 1222 1179 1288 atti-

104 1337 149 1378 um
165 1319 379 1399 cogitationis
401 1329 437 1380 et
460 1318 624 1380 sermonis
647 1339 691 1380 ex
715 1310 901 1389 intellectu,
921 1319 997 1380 ideo
1020 1319 1179 1399 gaudium

104 1412 237 1474 riundum
264 1433 310 1475 ex
340 1413 430 1474 bono
456 1413 579 1474 amoris
607 1411 805 1474 describitur
832 1423 866 1474 et
894 1412 1095 1492 intelligitur
1121 1433 1181 1493 per

114 1504 242 1567 saltare”
264 1515 300 1568 et
325 1505 507 1568 “subsilire
519 1505 545 1567 :”
572 1505 648 1567 inde
672 1516 768 1586 patet
791 1505 869 1587 quid
894 1504 1100 1586 significatur
1123 1526 1181 1587 per

104 1597 195 1660 *Mons
208 1599 269 1661 Dei
283 1619 381 1662 mons
395 1599 588 1673 Baschanis‚
602 1619 700 1662 mons
713 1599 848 1661 collium
863 1620 960 1661 mons
977 1600 1179 1676 Baschanis;

104 1711 170 1771 [utre
181 1693 338 1756 subsilitis
349 1704 494 1765 montes.
505 1693 610 1756 colles
624 1694 750 1757 montis
759 1692 789 1755 ?'’
816 1691 903 1773 Quia
917 1693 1080 1756 Dominus
1092 1695 1180 1774 apud

104 1789 234 1850 rominem
254 1789 386 1850 habitat
408 1788 441 1851 in
457 1787 527 1868 ejus
545 1788 636 1850 bono
654 1787 856 1859 voluntario,
876 1788 963 1849 unde
983 1788 1073 1850 bona
1090 1786 1178 1862 ablu,

104 1880 152 1943 deo
163 1883 286 1955 dicitur,
306 1882 514 1945 “Desiderat
532 1882 624 1945 Deus
640 1882 826 1944 inhabitare
844 1881 946 1954 illum,
961 1883 1062 1944 etiam
1075 1881 1180 1962 leho-

104 1975 145 2036 ut
158 1976 314 2039 habitabit
333 1978 366 2038 in
385 1975 612 2056 perpetuum.”
655 1975 760 2055 Apud
779 1975 934 2048 eundem,

135 2115 236 2167 “tamn
248 2117 424 2246 estflehudah
439 2118 466 2165 in
480 2115 661 2166 sandluarium
671 2116 684 2136 '¹
697 2117 824 2181 Jehovae,
841 2120 858 2140 ⁴¹
868 2114 906 2181 [et
922 2117 1005 2166 lsrael
1021 2118 1047 2166 in
1061 2118 1182 2166 dominia

198 2182 291 2245 lpsius‚
325 2198 399 2231 mare
412 2184 477 2231 vidit
494 2193 521 2231 et
538 2184 613 2244 fugit,
628 2183 728 2245 Jordan
747 2183 842 2232 avertit
861 2198 889 2231 se
907 2193 1061 2239 retrorsum,
1076 2193 1182 2232 montes

196 2250 325 2297 caltarunt
337 2251 405 2297 sicut
414 2249 520 2306 arietes,
531 2249 613 2297 colles
623 2249 691 2298 sieut
701 2249 745 2296 lilii
758 2249 863 2309 gregis:
882 2248 943 2310 quid
957 2249 1002 2296 tibi
1016 2262 1098 2303 mare,
1110 2249 1181 2310 quod

196 2314 280 2376 tugis?
296 2313 408 2378 Jordan,
420 2315 519 2362 avertis
529 2324 555 2362 te
568 2315 731 2362 retrorsum?
747 2324 862 2369 montes,
874 2314 977 2361 saltatis
988 2314 1055 2361 sicut
1067 2314 1183 2362 arietes?

195 2381 282 2435 eolles,
294 2379 363 2427 sicut
375 2378 420 2426 lilii
433 2379 541 2440 gregis?
575 2379 599 2426 A
611 2393 700 2427 eoram
716 2377 833 2426 Domino
843 2380 957 2440 parturis
969 2387 1049 2434 terra,
1062 2393 1078 2426 a
1090 2393 1180 2426 coram

197 2443 252 2493 Deo
261 2444 365 2508 jacobi,
379 2444 424 2506 qul
439 2445 570 2493 convertit
584 2454 685 2505 petram
704 2444 731 2491 in
744 2453 869 2504 stagnum
882 2458 1018 2506 aquarum.
1034 2444 1135 2492 silicem
1154 2445 1180 2492 in

195 2510 295 2559 iontem
307 2524 436 2572 aquarum
445 2508 459 2526 '¹
471 2506 628 2569 (Ps.1¹¹cxtv.
641 2510 715 2569 2-8):

104 2630 135 2695 lla
148 2639 332 2704 describitur
354 2641 470 2703 exitus
488 2639 629 2703 liliorum
655 2639 788 2702 Israelis
811 2661 855 2702 ex
876 2631 1060 2721 Aegypto;
1090 2651 1180 2703 atta·

104 2744 153 2794 [ten
167 2736 284 2818 absque
303 2736 534 2816 explicatione
554 2754 613 2817 per
632 2755 765 2796 sensum
789 2736 958 2797 internum
979 2757 1080 2799 nemo
1097 2738 1180 2799 scire

104 2833 181 2898 potest
191 2831 267 2911 quid
281 2829 484 2910 significant,
498 2829 588 2911 quod
606 2839 686 2891 tunc
705 2836 868 2892 “montes
882 2831 1082 2893 saltaverint
1096 2833 1181 2894 sicut

104 2918 196 2998 trieres,
212 2936 246 2988 et
263 2924 372 2987 colles
388 2925 475 2986 sicut
491 2923 547 2985 filii
563 2923 706 3004 gregis,”
723 2935 793 2986 tum
811 2926 889 3005 quid
907 2924 1104 3006 intelligitur
1124 2946 1182 3007 per

104 3010 185 3079 “mare
197 3019 279 3080 vidit
296 3029 331 3081 et
348 3018 445 3099 fugit,
458 3028 493 3079 et
505 3017 632 3099 Jordan
648 3019 770 3079 avertit
788 3038 823 3078 se
840 3029 1023 3080 retrorsum
1037 3018 1061 3093 ;”
1080 3040 1181 3100 quare

104 3109 295 3186 *plicabitur
334 3111 539 3192 Intelligltur
551 3113 583 3173 in
599 3132 698 3173 sensu
711 3113 844 3173 interno
858 3113 1056 3174 instauratio
1069 3112 1179 3174 eccle·

104 3191 150 3276 lue,
168 3226 222 3268 seu
251 3207 469 3286 regeneratio
496 3205 671 3268 hominum
699 3205 882 3280 ecclesiae;
913 3206 1056 3268 ecclesia
1080 3207 1180 3278 enim,

104 3305 154 3364 lue
173 3301 400 3372 instauranda,
421 3298 628 3380 significatur
651 3319 710 3380 per
734 3299 846 3361 “filios
871 3299 1034 3371 Israelis‚”
1054 3301 1181 3360 instau-

104 3392 155 3456 uio
165 3416 220 3476 per
237 3402 256 3426 “
267 3396 400 3457 exitum
409 3393 424 3417 '¹
440 3393 583 3468 illorum,
597 3395 761 3455 discussio
774 3393 938 3454 malorum
952 3413 1010 3473 per
1028 3399 1047 3423 ⁴‘
1060 3395 1181 3455 transi·

104 3497 142 3548 lrn
166 3510 221 3570 per
247 3508 340 3551 mare
368 3486 491 3568 Suph,’'
514 3487 557 3550 de
584 3507 650 3568 quo
678 3488 798 3550 dicitur
826 3487 916 3568 quod
945 3487 1124 3567 “fugerit’'
1147 3499 1181 3550 et

104 3581 266 3647 ¹troductio
289 3584 321 3644 in
342 3582 521 3644 ecclesiam
541 3603 601 3663 per
624 3584 831 3644 “transitum
852 3601 952 3661 super
969 3581 1182 3660 Jordanem‚''

104 3686 191 3757 tquo
208 3679 329 3739 dicitur
344 3676 435 3757 quod
453 3677 641 3737 “averterit
660 3667 730 3737 se.''
766 3675 832 3738 Sed
852 3675 894 3737 ad
915 3677 1066 3755 singula:
1090 3678 1180 3758 quod

107 3760 244 3840 Jelrudah
263 3768 372 3834 sad‘tus
390 3771 434 3833 sit
459 3771 491 3830 in
511 3767 748 3841 sandluarium
769 3779 803 3831 et
824 3769 927 3831 Israel
951 3771 984 3830 in
1004 3771 1182 3840 dominia.’'

104 3855 229 3938 ignificat
245 3866 338 3948 quod
354 3865 479 3927 bonum
499 3865 621 3926 amoris
640 3865 672 3925 in
691 3864 873 3926 Dominum
893 3865 936 3926 sit
957 3865 1063 3944 ipsum
1084 3885 1181 3927 sanc·

104 3969 145 4018 tm
161 3962 236 4023 caeli
251 3971 288 4024 et
307 3958 482 4032 ecclesiae,
501 3969 536 4021 et
560 3960 648 4040 quod
668 3980 783 4021 verum
803 3981 847 4021 ex
871 3958 929 4020 illo
948 3960 1039 4022 bono
1058 3962 1100 4023 sit
1124 3982 1183 4041 per

104 4053 160 4122 llud
178 4057 345 4136 regimen;
380 4073 439 4135 per
463 4053 678 4134 “Jehudam”
701 4055 790 4115 enim
818 4053 1025 4135 significatur
1055 4055 1179 4116 bonum

104 4143 213 4211 ateste
226 4149 317 4230 quod
333 4158 387 4210 est
404 4147 530 4210 bonum
544 4149 667 4210 amoris
684 4149 716 4209 in
731 4148 925 4221 Dominum,
940 4169 999 4229 per
1016 4146 1179 4211 “sanctu-

104 4235 195 4301 ²rium”
214 4244 320 4324 ipsum
344 4239 500 4304 sandlum
523 4241 608 4304 caeli
631 4253 666 4304 et
689 4242 864 4314 ecclesiae,
885 4263 942 4323 per
967 4241 1182 4303 “Israelem'’

104 4320 192 4397 bonum
213 4336 382 4419 spirituale
405 4336 495 4417 quod
519 4347 572 4399 est
596 4356 709 4399 verum
735 4358 780 4399 ex
804 4337 862 4399 illo
885 4338 986 4410 bono,
1007 4357 1065 4416 per
1088 4337 1177 4416 quod

109 4424 234 4507 letiorem
255 4451 334 4495 narn
353 4431 477 4494 Divino
493 4429 585 4493 Vero'
602 4431 798 4512 procedenti
815 4452 859 4493 ex
877 4431 1000 4493 Divino
1016 4430 1112 4492 Bono
1126 4441 1179 4491 est
