2684 4988
109 461 174 543 884
361 506 364 511 >
419 475 671 527 arocnuurns
693 475 919 526 nxrnrcnrn.

111 645 272 707 “exitum
292 643 434 707 tiliorum
452 643 586 707 Israelis
605 664 649 707 ex
668 642 866 726 Aegypto,”
885 662 965 706 nam
986 645 1020 706 in
1038 642 1154 724 Aegytr

108 748 203 802 statu
219 761 317 802 servo
333 750 442 812 erant,
459 749 494 801 et
512 739 589 801 inde
605 740 639 801 in
656 749 749 801 statu
766 740 1005 819 ignorantiae;
1029 741 1152 819 quared

110 846 164 898 tur
178 836 408 917 “intempore
422 844 516 896 stato
529 835 645 896 exitus
655 833 698 895 ab
715 831 910 915 Aegypto.”
952 832 1100 896 Ultimus
1114 845 1152 895 sta

108 928 284 1002 ecclesiae,
301 929 356 1010 qui
373 938 425 990 est
445 928 582 1009 quando
598 927 743 990 ecclesia
762 929 794 989 in
811 927 904 990 falsis
921 938 957 990 et
978 927 1075 990 malis
1091 937 1154 1001 esti

108 1036 221 1089 status
244 1034 297 1086 est
322 1022 460 1085 ultimus
485 1021 567 1102 ejus,
591 1021 799 1103 significatur
825 1042 885 1103 per
910 1028 1094 1084 “occasum
1117 1020 1153 1083 sol

108 1121 197 1202 apud
216 1119 343 1191 Mosen,

160 1271 254 1321 “Cum
273 1285 356 1334 prope
374 1279 446 1319 esset
465 1269 506 1319 sol
528 1270 562 1319 ed
583 1269 768 1326 occidendum,
789 1283 903 1318 somnus
924 1270 1016 1331 [ζωνία
1036 1269 1121 1318 cecidit
1134 1282 1154 1316 n

239 1337 388 1386 Abramum
400 1351 405 1391 ;
416 1345 444 1385 et
451 1350 512 1384 ecce
520 1336 775 1384 terrorettenebrae
783 1349 898 1396 magone
904 1336 1154 1397 ceciderumsnpereu

243 1438 249 1451 .
260 1439 266 1451 .
276 1439 282 1451 .
293 1401 413 1451 ¹tandem
424 1416 484 1451 cum
494 1401 536 1450 sol
548 1401 700 1457 occidisset,
711 1410 739 1449 et
751 1402 879 1449 tenebrae
891 1397 980 1448 inciae
990 1411 1086 1456 essent.
1096 1403 1154 1448 κω

239 1482 290 1572 {ilus
308 1467 375 1515 lumi
393 1477 421 1516 et
437 1466 484 1515 fax
501 1466 582 1528 ignis,
596 1481 665 1529 quae
683 1465 808 1514 transivit
826 1466 896 1514 inter
913 1466 1001 1514 frusta
1019 1465 1081 1514 itta”
1093 1465 1149 1527 (Gen.

248 1535 256 1563 ¹
268 1545 305 1590 12,
320 1533 373 1594 17):

109 1684 195 1749 haec
219 1682 309 1748 dicia
332 1695 411 1747 sunt
431 1685 473 1748 de
497 1685 700 1766 posteritate
719 1682 863 1746 Abrami
886 1704 930 1746 ex
949 1683 1086 1764 Jacobo,
1104 1702 1146 1744 seu

108 1788 214 1860 gente
235 1778 422 1841 Israelitica
441 1789 476 1841 et
494 1778 656 1859 Judaica;
680 1788 714 1840 et
734 1798 793 1859 per
814 1783 833 1808 ‘⁸
845 1797 921 1840 cum
941 1788 1035 1840 esset
1053 1776 1099 1838 sol
1115 1794 1154 1857 pro

108 1874 151 1936 ad
168 1873 422 1944 occidendum,’'
436 1883 471 1936 et
488 1894 548 1955 per
561 1872 729 1936 “tandem
744 1892 820 1935 cum
833 1871 883 1933 sol
899 1871 1106 1943 occidisset,”
1115 1870 1154 1949 sig:

109 1965 229 2029 ficatur
252 1967 390 2030 ultimus
413 1977 524 2029 status
548 1967 712 2030 ecclesiae
735 1967 823 2047 apud
846 1966 940 2028 illam
964 1976 1109 2046 gentem,
1126 1982 1154 2043 qu

109 2071 225 2123 essent
254 2062 287 2122 in
315 2062 415 2123 meris
441 2061 534 2123 falsis
560 2071 595 2123 et
624 2061 745 2136 malis;
778 2061 971 2122 “tenebrae
1000 2055 1146 2140 magnae*

111 2153 253 2216 “surnus
280 2154 381 2217 sumi”
409 2154 601 2236 significant
629 2154 714 2217 salsa
741 2175 785 2217 ex
814 2154 916 2228 malo,
940 2164 975 2217 et
1006 2154 1087 2216 “sax
1111 2154 1152 2232 ign

108 2247 276 2330 significat
297 2259 425 2312 tetrum
444 2269 595 2312 amorem
616 2251 675 2322 sui,
696 2270 741 2312 ex
761 2270 827 2331 quo
845 2249 912 2311 illis
931 2249 1022 2311 mala
1040 2259 1073 2311 et
1091 2247 1152 2310 lalsa

170 2353 235 2436 [9.]
267 2354 361 2418 Sicut
381 2356 544 2437 pleraque
563 2357 595 2417 in
613 2354 732 2417 Verbo
748 2355 854 2417 etiam
874 2356 1070 2436 oppositum
1087 2370 1154 2416 sensi

108 2444 248 2517 habent.
263 2449 310 2509 ita
324 2469 457 2529 quoque
472 2455 491 2478 ‘¹
501 2447 552 2509 sol
562 2447 577 2470 ”
589 2458 624 2511 et
640 2454 659 2478 “
669 2447 777 2520 luna,''
789 2457 825 2509 et
842 2449 874 2509 in
891 2468 933 2509 eo
946 2468 1047 2509 sensu
1059 2441 1154 2527 signifi<

111 2545 129 2572 '⁴
140 2540 190 2602 sol
200 2540 214 2564 ’'
233 2561 385 2603 amorem
405 2543 464 2612 sui,
486 2552 521 2603 et
542 2540 674 2603 “luna’'
692 2541 775 2604 falsa
795 2541 883 2604 inde.
929 2540 1038 2604 Causa
1057 2539 1154 2622 quod1

110 2634 246 2698 “solem
266 2646 301 2698 et
321 2635 458 2698 lunam³⁹
474 2636 532 2698 illa
551 2634 793 2717 significentur,
812 2646 864 2698 est
884 2637 961 2717 quia
980 2636 1027 2698 illi
1046 2637 1096 2717 qui
1109 2629 1154 2694 solt

107 2729 141 2790 in
159 2730 302 2792 naturali
319 2731 393 2792 idea
407 2740 485 2792 sunt
500 2740 534 2793 et
550 2751 617 2791 non
636 2731 667 2791 in
686 2730 859 2811 spirituali,
875 2750 942 2792 non
956 2731 1044 2793 ultra
1061 2729 1154 2791 Natur:

109 2824 287 2903 cogitant;
311 2834 346 2886 et
370 2825 448 2886 inde
471 2844 547 2887 cum
571 2825 688 2886 vident
712 2844 732 2886 a
755 2824 884 2886 duobus
908 2824 974 2886 illis
998 2821 1152 2886 luminarib

108 2937 167 2979 seu
186 2917 230 2979 ab
245 2938 360 2980 eorum
381 2918 454 2981 luce
473 2929 508 2981 ct
526 2919 649 2991 calore,
664 2920 778 2981 omnia
797 2920 873 2981 oriri
893 2929 928 2981 et
949 2920 1044 3000 quasi
1060 2920 1151 2980 vivere

109 3011 241 3085 tellure,
260 3023 382 3093 putant
402 3014 445 3075 ibi
462 3035 537 3076 esse
554 3014 702 3076 dominia
719 3015 883 3090 universi;
907 3016 1057 3095 superius
1072 3029 1154 3075 none

108 3115 191 3167 vant
215 3108 453 3187 cogitationes.
501 3107 596 3170 Haec
620 3107 747 3170 faciunt
767 3128 885 3170 omnes
909 3108 957 3169 illi
977 3110 1032 3189 qui
1054 3109 1084 3169 in
1105 3122 1154 3167 amr

108 3201 157 3261 sui
174 3211 252 3263 sunt
269 3212 304 3264 et
321 3202 398 3264 inde
415 3204 447 3263 in
466 3202 562 3264 malis
579 3212 613 3264 et
631 3202 732 3273 salsis,
747 3213 826 3264 sunt
843 3203 933 3265 enim
951 3223 1043 3265 mere
1055 3211 1154 3263 natura

108 3305 143 3358 et
160 3296 334 3358 sensuales
351 3296 526 3374 homines;
551 3307 586 3359 et
603 3317 694 3359 mere
712 3297 873 3359 naturalis
890 3307 926 3359 et
942 3296 1102 3360 sensualis
1115 3294 1151 3355 ho

109 3409 176 3451 non
194 3390 281 3453 ultra
299 3390 464 3453 Naturam
481 3393 624 3472 cogitat,
644 3391 733 3473 quod
751 3393 840 3453 enim
857 3412 925 3452 non
942 3393 1035 3454 videt
1051 3401 1154 3466 ettam

108 3483 173 3546 hoc
194 3485 302 3547 credit
322 3485 403 3547 nihil
423 3507 507 3547 esse.
554 3485 707 3567 Antiqui,
726 3486 815 3566 apud
832 3506 916 3567 quos
933 3483 1154 3548 omniaeccles

109 3580 315 3642 constabant
333 3601 376 3641 ex
395 3582 693 3661 repraesentativis
709 3580 932 3661 spiritualium
952 3582 986 3641 in
1007 3577 1154 3643 naturalil

108 3682 143 3735 et
160 3674 249 3753 apud
262 3695 346 3755 quos
363 3674 440 3736 ideo
455 3674 533 3737 “sol
545 3675 559 3697 ”
574 3673 786 3755 significabat
807 3675 990 3736 Dominum
1004 3675 1111 3757 quoad
1126 3672 1153 3735 D

109 3786 188 3828 num
210 3766 352 3839 Bonum,
373 3789 412 3830 ac
435 3769 565 3830 “luna’'
585 3768 699 3849 Ipsum
719 3770 830 3850 quoad
851 3769 1011 3831 Divinum
1032 3769 1154 3832 Verum

109 3861 164 3942 qui
186 3862 264 3923 ideo
287 3863 319 3923 in
339 3863 432 3926 cultu
451 3874 627 3926 verterunt
650 3862 753 3926 facies
771 3884 849 3925 suas
868 3864 911 3924 ad
936 3875 1048 3926 ortum
1068 3863 1152 3933 solis,

111 3976 155 4016 ex
174 3956 213 4016 iis
232 3957 286 4037 qui
310 3958 342 4017 in
363 3978 478 4020 amore
497 3959 546 4020 sui
570 3957 714 4032 suerunt,
734 3969 769 4020 et
793 3959 871 4020 inde
891 3977 982 4020 mere
1002 3957 1154 4021 naturales

109 4049 293 4123 sensuales,
319 4063 505 4132 coeperunt
533 4051 642 4114 solem
669 4063 704 4115 et
734 4052 847 4114 lunam
871 4052 978 4114 oculis
1001 4054 1092 4116 visos
1113 4052 1154 4116 co‘

109 4164 170 4225 pro
189 4146 328 4206 summis
348 4146 429 4222 diis;
454 4156 489 4208 et
508 4147 585 4228 quia
603 4146 713 4208 solum
737 4146 784 4208 illi
808 4147 872 4208 hoc
897 4145 1051 4210 fecerunt
1071 4169 1127 4210 seu
1148 4167 1154 4227 1

109 4248 286 4300 suaserunt
306 4238 378 4300 aliis
398 4239 517 4313 lacere,
538 4242 592 4322 qui
612 4241 644 4302 in
665 4261 779 4303 amore
799 4241 848 4302 sui
868 4252 902 4302 et
922 4241 1001 4303 inde
1020 4243 1054 4303 in
1075 4242 1154 4304 mali:

107 4330 199 4393 falsis
214 4331 358 4404 luerunt,
373 4334 449 4395 ideo
466 4355 525 4415 per
539 4343 558 4367 ‘⁸
568 4334 698 4397 solem”
711 4333 919 4415 significatur
932 4356 1029 4397 amor
1041 4338 1102 4409 sui,
1117 4347 1150 4399 et

110 4425 277 4488 “lunam''
295 4427 416 4490 salsum
439 4430 527 4490 inde.
574 4428 649 4491 Hoc
673 4429 784 4492 adhuc
804 4430 996 4492 evidentius
1018 4441 1154 4495 constat
