2684 4988
262 496 341 546 cna.
358 495 433 556 1111,
452 494 556 544 vans.
576 494 684 562 5.-Ν.
700 477 827 561 435[b].
1024 492 1100 541 1101

108 687 125 728 a
142 675 315 738 terrarum,
336 665 525 745 regionum,
545 664 687 737 urbium,
709 663 883 726 fluviorum
903 671 938 727 et
958 660 1102 744 populo·

104 781 112 822 1
131 759 246 822 Verbo
270 758 463 841 significant
488 779 541 821 res
564 757 748 821 ecclesiae:
774 777 833 838 per
854 756 1039 820 “Gadem”
1058 756 1102 818 ibi

104 866 193 917 :atur
222 854 348 916 bonum
379 854 472 916 vitae
498 852 683 915 secundum
716 871 797 914 vera
827 848 1011 923 doetrinae.
1044 870 1104 932 per

104 947 201 1010 elem''
223 948 368 1010 ecclesia
391 945 504 1029 quoad
527 965 654 1020 verum,
675 966 735 1028 per
759 944 874 1007 “filios
898 945 1079 1007 Ammonis
1088 943 1103 968 '⁹

104 1053 217 1134 :antur
240 1040 494 1105 falsificationes
516 1042 598 1114 veri,
619 1061 678 1122 per
698 1038 969 1103 “Chesbonem”
988 1035 1101 1101 frusti-

113 1139 184 1200 veri
204 1138 237 1199 in
257 1136 404 1199 naturali
428 1135 576 1209 homine,
598 1155 658 1216 per
678 1133 792 1196 “filias
817 1133 982 1196 Rabbae”
1001 1133 1101 1197 affec·

107 1231 177 1293 veri
195 1232 299 1294 etiam
316 1232 349 1293 in
367 1229 514 1292 naturali
534 1229 682 1300 homine,
700 1248 738 1291 ac
757 1249 816 1309 per
834 1226 931 1290 “Al’'
948 1225 1101 1291 dollrina

104 1346 145 1388 ex
172 1325 225 1387 his
253 1325 403 1406 cognitis
431 1324 582 1406 sequitur
605 1343 724 1386 sensus
753 1321 936 1404 spiritualis
966 1322 1099 1385 illorum

104 1439 158 1482 um
174 1421 208 1482 in
225 1419 289 1482 hac
307 1420 411 1481 serie:
439 1423 589 1480 “contra
605 1416 693 1480 filios
710 1416 891 1479 Ammonis
900 1415 916 1440 ”
931 1415 1100 1497 significat

121 1513 376 1576 falsificationes
399 1513 488 1576 veri:
520 1510 639 1574 “Num
669 1510 725 1573 filii
754 1530 822 1573 non
851 1510 990 1573 Israeli?
1021 1530 1100 1573 num

104 1627 164 1671 ron
184 1607 272 1670 illi?''
295 1605 465 1689 significat
482 1626 596 1669 nonne
615 1607 648 1667 in
668 1604 813 1667 ecclesia
829 1613 908 1667 sunt
928 1605 1100 1685 cognitio·

105 1704 131 1765 ri
155 1713 190 1765 et
215 1703 294 1765 boni
308 1723 316 1779 ;
351 1700 513 1764 “lsrael’'
536 1710 588 1763 est
612 1698 767 1773 ecclesia,
794 1697 880 1761 “filii
904 1698 997 1780 ejus”
1020 1710 1099 1763 sunt

107 1795 247 1860 ‘heres”
271 1807 324 1859 est
352 1796 478 1857 bonum
503 1795 592 1857 veri:
627 1800 758 1876 “quare
785 1814 868 1874 ergo
895 1794 1099 1857 hereditavit

104 1911 171 1954 rum
189 1891 332 1964 Gadem,
350 1901 385 1954 et
406 1889 550 1972 populus
569 1887 657 1951 illius
677 1890 710 1950 in
727 1889 862 1951 urbibus
879 1888 948 1969 ejus
965 1889 1099 1952 habita·

105 1985 256 2067 ignificat
275 1986 363 2048 unde
379 1994 431 2047 est
449 1985 538 2067 quod
556 2003 672 2046 verum
689 1982 901 2046 falsificatum
918 1984 1099 2046 destruxe-

104 2101 170 2142 rum
190 2083 293 2152 vitae,
314 2090 349 2142 et
374 2069 507 2162 quoque
531 2080 731 2161 perverterit
756 2074 956 2140 doctrinalia
978 2099 1098 2141 secun·

104 2195 160 2237 rae
176 2175 267 2237 vita:
295 2178 403 2236 “ecce
423 2173 495 2235 dies
512 2173 689 2234 venientes
706 2172 825 2254 quibus
845 2172 960 2234 audire
979 2172 1098 2235 faciam

116 2267 281 2330 Rabbath
298 2265 442 2329 filiorum
457 2265 640 2328 Ammonis
653 2265 849 2346 clangorem
867 2265 958 2338 belli,
973 2265 1098 2348 fietque

106 2381 202 2426 rvum
233 2360 488 2434 desolationis‚”
514 2358 684 2441 significat
714 2357 980 2423 destrudlionem
1011 2361 1098 2424 illius

104 2477 154 2519 1ae
175 2477 298 2538 nempe
322 2454 490 2518 falsificati
513 2455 594 2528 veri,
615 2465 649 2517 et
674 2451 940 2517 destructionem
964 2455 1097 2519 illorum

114 2549 171 2611 illa
188 2561 289 2624 sunt;
308 2555 379 2633 j‘et
404 2548 493 2611 filiae
515 2548 585 2630 ejus
608 2549 687 2629 igne
711 2548 974 2612 comburentur”
993 2551 1099 2632 signi·

104 2645 164 2706 nod
181 2640 377 2706 affectiones
394 2643 482 2705 illius
498 2641 580 2706 fient
598 2643 894 2724 concupiscentiae
911 2645 1011 2724 mali;
1033 2652 1098 2711 “et
1118 2624 1126 2641 ⁶

104 2738 183 2801 :abit
210 2737 315 2800 Israel
343 2737 486 2799 heredes
513 2738 615 2799 suos”
638 2735 807 2818 significat
832 2739 922 2820 quod
950 2741 1098 2821 peritura
1154 2764 1160 2778 ·

104 2854 121 2895 a
138 2833 252 2914 quoad
272 2833 380 2895 bona:
408 2831 524 2913 “ejula
544 2831 716 2904 Chesbon,
737 2834 814 2915 quia
837 2833 1020 2898 devastata
1043 2846 1096 2899 est

104 2926 238 3009 gnificat
255 2927 345 3008 quod
365 2946 433 2988 non
452 2926 596 3008 amplius
613 2924 825 2989 lrudlificatio
842 2929 911 2989 veri
930 2949 975 2991 ex
995 2929 1097 3006 bono,

104 3022 251 3104 sperdita
270 3031 323 3084 est
343 3017 497 3083 dodirina
516 3021 606 3096 veri;
628 3019 816 3093 “clamate,
834 3020 922 3084 filiae
941 3022 1095 3098 Rabbae,

104 3118 146 3179 ite
173 3135 304 3189 saccos
333 3114 518 3197 plangite,'’
541 3113 710 3196 significat
738 3117 828 3197 quod
856 3137 924 3178 non
951 3117 1096 3199 amplius

104 3231 171 3274 »nes
194 3211 284 3287 veri;
318 3216 380 3273 “et
404 3211 575 3291 vagamini
604 3211 692 3272 inter
715 3210 902 3272 macerias'’
926 3209 1096 3291 significat

104 3306 225 3367 :ionem
245 3314 280 3367 et
300 3306 406 3366 vitam
426 3324 471 3366 ex
491 3304 604 3380 salsis3
631 3305 736 3386 “quia
760 3326 820 3367 rex
841 3325 956 3367 eorum
980 3306 1012 3368 in
1033 3326 1096 3368 ex·

104 3397 220 3461 rbivit’'
239 3397 407 3479 significat
427 3400 504 3481 quia
524 3417 639 3460 verum
660 3418 727 3460 non
747 3398 891 3480 amplius
904 3398 930 3476 ;”
955 3404 1096 3463 “sacer-

104 3493 173 3573 ejus
201 3502 236 3555 et
266 3494 434 3574 principes
461 3493 532 3575 ejus
562 3492 684 3555 simul”
709 3492 877 3574 significat
906 3495 997 3576 quod
1027 3515 1094 3557 non

105 3588 228 3650 sbona
244 3597 278 3650 et
295 3608 375 3649 vera
393 3587 482 3651 boni.
518 3587 574 3649 Ex
592 3588 643 3649 his
660 3598 756 3669 patet
774 3589 864 3670 quod
881 3609 940 3670 per
958 3595 1095 3652 “terras

104 3682 177 3743 :atis
198 3680 326 3743 Gadis”
345 3681 467 3744 similia
490 3682 522 3743 in
547 3682 659 3763 specie
680 3681 913 3762 significentur
931 3703 1016 3764 quae
1036 3704 1096 3765 per

105 3775 163 3837 m”
183 3776 216 3837 in
243 3795 378 3856 genere,
398 3788 433 3839 et
453 3777 543 3858 quod
563 3786 728 3838 terrarum
752 3777 783 3837 in
805 3775 921 3838 Verbo
941 3779 1095 3840 nomina-

112 3865 383 3948 significationes
406 3879 591 3931 noscantur
609 3889 654 3930 ex
677 3867 924 3949 significatione
947 3870 1096 3932 tribuum

112 3962 218 4024 datae
233 3973 313 4024 sunt
333 3964 364 4023 in
384 3963 624 4026 hereditatem.
668 3963 774 4026 Aliud
793 3964 873 4046 quid
892 3964 1097 4045 intelligitur

104 4075 153 4118 ras
166 4075 255 4136 quae
271 4056 429 4118 dicuntur
439 4057 572 4119 dandae
586 4059 688 4120 tribui
701 4057 807 4120 Gadis
818 4061 851 4120 in
865 4059 1095 4122 hereditatem

104 4148 293 4212 Ezechielem
317 4152 406 4232 (cap.
420 4150 525 4212 xlviii.
539 4152 617 4232 27):
651 4152 742 4234 quod
766 4172 833 4214 non
856 4153 964 4215 tribus
987 4152 1094 4217 Gadis

104 4242 151 4306 sta
166 4245 221 4317 sit,
239 4242 300 4304 sed
316 4243 386 4306 tale
402 4244 569 4307 ecclesiae
585 4246 675 4327 quod
693 4265 752 4327 per
767 4245 954 4309 “Gadem''
966 4246 1094 4328 signifi·

104 4345 226 4419 patet;
259 4356 338 4399 nam
363 4339 470 4401 tribus
496 4339 604 4403 Gadis
631 4359 699 4402 non
727 4350 807 4403 tunc
834 4339 907 4414 suit,
929 4361 993 4404 nec
1018 4343 1093 4406 erit.

105 4450 168 4513 per
198 4429 386 4494 “Gadem‘'
415 4433 624 4515 significetur
655 4435 783 4497 bonum
810 4435 900 4498 vitae
931 4455 977 4499 ex
1004 4437 1093 4500 veris
