2716 4986
122 452 204 531 1196
430 459 681 511 APOCALYPSIS
703 457 929 509 EXPLICATA.

119 654 178 716 per
193 638 402 714 “pauperem
419 641 453 694 et
470 629 638 712 egenum”
650 627 883 712 significantur
895 628 950 710 qui
965 627 1001 690 in
1013 623 1146 689 deiectu
1160 624 1228 688 boni

118 737 197 790 sunt
220 748 265 790 ex
288 727 481 807 ignorantia
500 726 578 798 veri,
598 734 633 787 et
657 735 772 787 tamen
794 724 990 786 desiderant
1013 722 1093 800 illa;
1117 721 1229 783 “inun-

119 821 235 886 datio”
251 832 286 885 et
304 827 447 884 “aestus
455 820 469 844 ’¹
487 821 608 883 dicitur
624 820 760 901 quando
776 817 866 881 mala
883 827 919 880 et
938 816 1023 880 t'alsa
1041 837 1089 879 ex
1108 815 1231 897 proprio

119 928 154 979 et
172 937 305 998 quoque
324 936 369 977 ex
388 915 461 977 aliis
479 915 534 996 qui
557 915 590 976 in
610 913 700 977 malo
718 923 797 976 sunt
820 914 998 993 insurgunt
1021 921 1057 974 et
1080 909 1231 973 influunt:

120 1012 283 1091 “spiritus
306 1009 530 1072 violentorum
540 1008 555 1032 ”
577 1006 746 1089 significat
769 1007 827 1070 illa
849 1018 968 1071 contra
991 1007 1083 1068 bona
1106 1015 1141 1068 et
1162 1023 1234 1067 vera

119 1104 303 1181 ecclesiae,
328 1103 496 1166 “violenti
504 1102 519 1125 ''
535 1104 691 1165 dicuntur
706 1103 761 1185 qui
777 1112 944 1166 conantur
959 1101 1137 1163 destruere
1152 1099 1233 1163 bona

119 1209 155 1262 et
174 1219 263 1272 vera,
283 1219 321 1260 ac
340 1199 503 1278 “spiritus
522 1197 660 1260 eorum”
678 1194 846 1276 significat
865 1195 1089 1276 cupiditatem
1109 1195 1234 1257 destru-

119 1293 218 1355 endi:
253 1291 465 1355 “tumultum
494 1291 680 1354 alienorum
709 1289 898 1353 humiliabis
909 1289 923 1313 ’¹
953 1287 1124 1371 significat
1152 1287 1234 1370 quod

121 1386 285 1449 Dominus
303 1387 479 1449 sedaturus
502 1396 536 1448 et
560 1384 752 1449 sublaturus
774 1385 994 1464 irruptionem
1017 1382 1177 1446 salsorum
1195 1403 1235 1444 ex

120 1480 230 1556 malo;
256 1481 471 1543 “tumultus’'
494 1479 661 1562 significat
685 1479 914 1560 irruptionem,
940 1478 1094 1541 “alieni'’
1116 1476 1235 1560 signifi·

120 1585 198 1638 cant
229 1573 312 1636 falsa
341 1596 386 1637 ex
416 1574 516 1647 ma10,
543 1585 579 1638 et
608 1572 835 1636 “humiliare”
860 1571 1029 1654 significat
1058 1573 1178 1636 sedare
1205 1582 1235 1635 et

119 1668 268 1731 auferre:
299 1675 460 1730 “aestum
484 1689 544 1749 per
567 1669 718 1731 umbram
743 1667 840 1729 nubis
862 1668 1022 1747 reprimet
1034 1666 1049 1691 ’¹
1073 1666 1235 1749 significat

120 1764 209 1845 quod
227 1773 395 1826 tutaturus
414 1784 434 1824 a
453 1763 727 1843 concupiscentia
745 1761 839 1840 falsi3
864 1768 1008 1824 “aestus
1017 1761 1032 1784 ”
1047 1772 1101 1824 est
1118 1782 1234 1825 concu-

120 1859 284 1939 piscentia
305 1857 389 1931 salsi,
410 1869 444 1920 et
466 1858 611 1920 “umbra
630 1857 726 1919 nubis
734 1856 748 1877 ”
767 1867 819 1919 est
840 1867 993 1920 tutamen
1012 1857 1057 1919 ab
1075 1856 1144 1931 iila,
1163 1874 1233 1919 nam

120 1953 237 2015 umbra
250 1953 346 2015 nubis
358 1952 505 2015 calorem
519 1951 599 2015 solis
612 1961 780 2033 temperat
794 1961 829 2014 et
842 1951 1121 2014 incalescentiam
1134 1952 1233 2014 sedat.

120 2044 224 2127 Apud
243 2046 440 2119 Jererm‘am,

171 2178 318 2306 “Cadavsr
329 2179 387 2241 ejus
402 2180 452 2228 erit
466 2175 616 2242 proiectum
628 2178 714 2228 aestui
729 2179 756 2227 in
771 2178 823 2235 die,
837 2187 864 2227 et
877 2178 970 2241 frigori
985 2178 1012 2227 in
1026 2175 1231 2240 nodie’i(xxxri.

251 2257 308 2305 30:

119 2368 202 2431 haec
223 2368 264 2430 de
283 2367 449 2448 Jojakimo
466 2387 546 2448 rege
565 2367 726 2448 Jehudae,
744 2375 926 2448 postquam
943 2366 1131 2430 combussit
1148 2366 1233 2429 volu·

120 2481 197 2526 men
214 2463 374 2541 scriptum
391 2484 411 2524 a
425 2461 587 2543 Jeremia;
612 2472 645 2524 et
663 2481 722 2542 per
737 2461 770 2523 id
787 2459 910 2523 factum
927 2459 1137 2542 significatur
1152 2458 1232 2542 quod

119 2578 198 2620 vera
221 2557 383 2619 ecclesiae
411 2558 556 2636 peritura
580 2557 646 2619 sint
674 2575 733 2636 per
755 2557 1066 2635 concupiscentiam
1090 2557 1133 2618 ad
1158 2555 1233 2617 salsa

119 2660 153 2713 et
167 2651 245 2712 inde
259 2671 317 2731 per
330 2652 575 2711 aversationem
590 2649 632 2711 ad
646 2670 724 2710 vera
737 2670 744 2724 ;
762 2669 820 2730 per
833 2669 930 2730 reges
942 2648 1095 2730 Jehudae
1108 2669 1232 2729 reprae-

120 2747 341 2808 sentabantur
358 2756 391 2806 et
409 2745 485 2806 inde
505 2746 537 2805 in
555 2743 671 2806 Verbo
688 2742 962 2823 significabantur
979 2763 1059 2805 vera
1079 2765 1123 2806 ex
1140 2744 1232 2815 bono,

119 2851 154 2902 et
182 2840 225 2901 ibi
253 2838 426 2920 perillum
453 2858 568 2919 regem
592 2857 707 2900 verum
732 2838 894 2899 ecclcsiae
917 2837 1008 2918 quod
1037 2839 1232 2916 periturum;

120 2954 178 3016 per
199 2939 217 2966 ‘⁶
227 2934 383 2996 volumen
393 2933 407 2955 '’
426 2934 515 3015 quod
540 2933 723 2995 combussit
748 2931 955 3012 significatur
979 2930 1153 3009 Verbum;
1177 2932 1233 2994 hoc

121 3030 299 3092 “comburi
309 3029 323 3050 ”
342 3028 462 3090 dicitur
481 3048 555 3090 cum
579 3026 775 3089 falsificatur
793 3039 826 3089 ct
848 3026 1070 3099 adulteratur,
1090 3027 1180 3108 quod
1202 3024 1233 3087 fit

119 3143 178 3205 per
197 3125 504 3203 concupiscentiam
528 3122 600 3184 salsi
620 3142 664 3183 ex
685 3121 794 3184 malo:
820 3141 879 3201 per
899 3120 1096 3183 “cadaver''
1114 3119 1234 3202 signifi·

119 3230 214 3283 catur
234 3219 335 3281 homo
351 3218 514 3280 ecclesiae
534 3217 659 3299 absque
676 3218 746 3279 vita
765 3215 937 3297 spirituali,
955 3235 1040 3296 quae
1060 3215 1091 3278 ei
1111 3227 1164 3279 est
1183 3233 1235 3298 per

119 3334 198 3375 vera
225 3334 268 3375 ex
294 3311 432 3388 Verbo;
462 3332 528 3393 qua
550 3312 620 3373 vita
645 3307 816 3373 exstincta
844 3329 911 3371 non
940 3311 1152 3390 concupiscit
1180 3309 1234 3371 nisi

119 3407 201 3469 falsa
214 3417 248 3470 et
262 3418 436 3469 aversatur
448 3427 537 3479 vera,
551 3406 629 3468 inde
646 3403 682 3467 fit
697 3416 849 3467 mortuus
864 3414 899 3466 et
916 3405 1127 3484 inspirituali
1141 3424 1234 3467 sensu

119 3502 282 3563 cadaver:
308 3502 581 3580 concupiscentia
602 3500 644 3561 ad
668 3499 750 3561 falsa
769 3499 977 3580 significatur
1000 3518 1059 3578 per
1081 3505 1234 3562 “aestum

119 3597 150 3656 in
165 3595 247 3668 die,''
259 3605 293 3657 et
311 3597 478 3656 aversatio
494 3595 536 3656 ad
553 3614 632 3656 vera
648 3613 707 3674 per
721 3594 852 3674 “frigus
868 3595 901 3654 in
918 3589 1019 3655 nocte
1032 3593 1058 3669 ;”
1082 3605 1135 3656 est
1152 3595 1234 3655 enim

119 3689 250 3770 illisqui
269 3691 300 3750 in
318 3688 407 3750 salsis
424 3710 467 3750 ex
484 3688 574 3751 malo
591 3698 679 3759 sunt,
693 3688 829 3769 quando
845 3688 950 3750 influit
968 3686 1027 3748 lux
1045 3687 1142 3762 caeli,
1155 3705 1235 3769 quae

119 3791 171 3844 est
188 3783 220 3843 in
237 3802 295 3843 sua
312 3782 458 3844 essentia
476 3782 634 3843 Divinum
652 3781 791 3855 Verum,
805 3781 917 3861 friguS,
932 3782 1104 3843 intensum
1121 3801 1234 3845 secun·

119 3877 197 3938 dum
217 3876 493 3939 incalescentiam
512 3876 586 3938 salsi
605 3897 649 3938 ex
669 3875 770 3937 malo.
816 3873 920 3956 Apud
939 3875 1098 3950 eundem,

170 4009 262 4059 “Cum
271 4012 461 4066 aestuaverint,
471 4025 570 4072 ponam
578 4009 702 4058 convivia
709 4023 811 4064 eorum,
821 4018 848 4057 et
858 4009 995 4057 inebriabo
1003 4022 1061 4066 eos,
1070 4018 1101 4058 ut
1111 4009 1234 4066 exultent,

249 4087 277 4123 ut
289 4077 423 4123 dormiant
435 4090 560 4124 somnum
573 4075 680 4131 saeculi,
695 4089 745 4123 nec
756 4075 885 4137 evigilent
893 4073 906 4092 ''
919 4073 955 4134 (li.
968 4072 1024 4135 39):

118 4208 201 4272 haec
226 4207 267 4270 de
292 4206 428 4281 Babele,
453 4227 511 4287 per
533 4226 633 4289 quam
657 4205 865 4289 significatur
888 4204 1078 4287 profanatio
1103 4207 1183 4269 boni
1204 4214 1236 4268 et

118 4306 206 4382 veri;
232 4309 336 4366 “cum
353 4303 582 4365 aestuaverint
591 4301 606 4327 ”
622 4301 788 4383 significat
805 4300 1082 4363 incalescentiam
1103 4312 1139 4365 et
1157 4320 1234 4364 con·

119 4398 359 4482 cupiscentiam
371 4394 568 4459 falsificandi
580 4416 658 4458 vera
671 4406 705 4459 et
722 4394 936 4458 adulterandi
952 4394 1062 4458 bona:
1085 4400 1234 4478 “ponere
