2684 4988
117 475 180 559 768
427 490 677 542 neocauursrs
700 491 926 545 sumcere.

116 659 178 721 inis
188 659 274 721 veris
286 669 320 722 et
334 659 440 733 bonis,
451 680 537 743 quae
549 661 581 722 in
592 681 691 724 sensu
702 662 863 743 spirituali
874 662 980 726 Verbi
993 673 1082 737 sunt,
1095 662 1233 745 aliquo

116 751 278 813 damnum
300 751 473 824 inseratur,
493 753 584 833 quod
610 754 700 834 prius
723 773 791 816 nou
814 755 927 835 potuit
950 767 1233 829 (ndoemrinopuscd

116 846 155 890 De
169 845 257 892 Ultimo
270 845 377 906 Judicio,
389 859 412 892 n.
423 848 472 903 73).

178 923 240 1006 [b.]
275 922 376 1005 Quod
405 926 577 989 “vinum'’
603 927 773 1008 significet
799 928 928 991 bonum
955 929 1141 1009 spirituale,
1165 947 1230 990 se

115 1017 240 1079 bonum
259 1018 432 1080 charitatis
453 1028 487 1081 et
511 1018 636 1082 bonum
660 1018 747 1093 fidei,
767 1021 856 1102 quod
880 1021 913 1082 in
932 1041 993 1082 sua
1012 1023 1157 1084 essentia
1172 1040 1233 1084 es

116 1131 240 1183 verum,
265 1121 420 1174 constare
443 1121 558 1192 potest
581 1133 626 1175 ex
649 1115 865 1195 sequentibus
889 1113 972 1177 locis
995 1115 1027 1176 in
1053 1112 1233 1178 Verbo:—

116 1203 219 1286 Apud
238 1204 388 1278 Esaiam,

164 1348 288 1401 '‘'Omnis
299 1353 393 1401 sitiens
408 1353 444 1402 ite
458 1354 491 1402 ad
505 1368 596 1417 aquas,
612 1364 639 1404 et
651 1355 691 1403 cui
707 1369 761 1404 non
775 1364 925 1417 argentum,
939 1355 984 1413 ite,
999 1357 1089 1414 emite,
1103 1365 1129 1406 et
1141 1370 1233 1406 comi

243 1418 297 1466 dite
306 1431 324 1476 ;.
334 1455 340 1468 .
350 1455 356 1466 .
367 1419 459 1467 ,emite
470 1421 529 1467 sine
539 1429 653 1481 argento
664 1430 690 1469 et
703 1421 761 1469 sine
773 1421 858 1482 pretio
870 1421 963 1470 vinum
974 1432 1002 1471 et
1015 1422 1055 1471 lac
1063 1421 1077 1441 '’
1087 1422 1134 1484 (lv.
1145 1423 1190 1484 ri:

115 1560 203 1642 quod
230 1560 282 1623 hic
310 1580 377 1623 non
400 1561 512 1623 vinum
540 1572 574 1625 et
603 1562 664 1635 lac,
689 1583 774 1644 quae
800 1563 871 1625 sine
897 1572 1043 1644 argento
1067 1575 1233 1627 emerent

115 1654 357 1735 intelligantur,
377 1655 514 1736 quisque
533 1656 646 1718 videre
670 1666 803 1738 potest:
828 1677 930 1739 quare
953 1678 1013 1738 per
1033 1659 1168 1721 “vinum
1221 1679 1233 1721 e

116 1749 165 1811 lac
175 1748 189 1772 '¹
204 1747 435 1830 significantur
450 1750 642 1830 spiritualia,
660 1770 782 1831 nempe
800 1771 858 1832 per
875 1757 894 1782 ⁴‘
904 1750 1043 1813 vinum”
1058 1751 1233 1833 spiritual

115 1844 250 1916 bonum,
275 1844 363 1924 quod
388 1845 421 1905 in
444 1865 503 1906 sua
526 1846 673 1907 essentia
695 1854 747 1908 est
771 1865 896 1918 verum,
921 1854 956 1907 ut
980 1866 1081 1926 supra
1102 1843 1233 1909 dittur

115 1947 178 2009 est,
202 1958 261 2020 per
286 1938 393 2001 “lac'’
416 1948 529 2001 autem
552 1938 678 2001 bonum
701 1938 787 2001 illius
810 1940 900 2015 veri;
932 1940 1021 2022 quod
1045 1939 1101 2003 illa
1122 1941 1233 2022 grati

115 2032 236 2094 dentur
254 2052 274 2095 a
294 2031 441 2095 Domino
459 2030 523 2093 illis
541 2033 596 2113 qui
619 2033 653 2094 in
676 2032 867 2113 ignorantia
885 2033 954 2095 veri
978 2043 1013 2096 et
1037 2034 1115 2096 boni
1137 2044 1233 2096 sunl

114 2137 148 2190 et
176 2136 289 2189 tamen
317 2127 350 2188 in
378 2126 543 2189 desiderio
571 2125 714 2201 illorum,
738 2125 944 2207 significatur
971 2148 1031 2208 per
1054 2129 1133 2190 “cui
1158 2148 1233 2190 noi

114 2231 302 2302 argentum,
326 2221 383 2293 ite,
408 2220 520 2292 emite,
545 2231 579 2283 et
603 2220 793 2297 comedite;
817 2221 920 2284 emite
947 2223 1018 2284 sine
1045 2232 1232 2303 argento;

115 2313 281 2377 “emere’'
310 2312 477 2395 significat
507 2314 567 2376 sibi
597 2333 801 2395 comparare,
832 2324 866 2377 et
898 2315 1136 2379 “comedere''
1174 2314 1233 2377 sib

114 2409 336 2490 appropriare,
356 2408 444 2489 quod
468 2406 505 2471 fit
529 2428 586 2489 per
605 2408 864 2490 applicationem
889 2409 974 2471 sicut
994 2430 1038 2471 ex
1059 2430 1113 2486 se;
1135 2428 1233 2492 quor

114 2502 161 2564 illi
173 2503 227 2584 qui
240 2504 271 2564 in
285 2501 474 2584 ignorantia
487 2503 555 2564 veri
569 2512 602 2564 et
616 2503 694 2564 boni
708 2512 742 2564 et
756 2523 858 2583 usque
871 2503 904 2564 in
918 2503 1083 2566 desiderio
1096 2503 1233 2566 illorum

114 2607 202 2669 sunt,
226 2595 468 2676 intelligantur,
493 2605 598 2677 patet,
623 2615 700 2657 nam
723 2596 843 2658 dicitur
868 2593 1018 2659 “Omnis
1041 2597 1158 2660 sitiens
1199 2594 1233 2655 ite

113 2689 155 2752 ad
175 2710 277 2771 aquas
290 2689 315 2767 ;”
339 2690 457 2752 “sitire
466 2689 480 2712 ''
497 2688 662 2770 significat
680 2689 879 2764 desiderare,
897 2699 931 2752 et
950 2695 1085 2773 “aquae
1093 2690 1107 2714 ”
1122 2685 1233 2770 signi-

113 2782 215 2847 ficant
234 2805 322 2859 vera,
342 2783 394 2846 hic
415 2783 565 2847 Verbum
585 2783 639 2846 ubi
658 2793 745 2856 sunt.
790 2783 893 2865 Apud
911 2783 1050 2860 Joelem,

164 2928 246 2980 “Fiet
257 2931 338 2979 indie
350 2931 403 2988 illo,
415 2930 553 2979 stillabunt
563 2939 669 2979 montes
679 2939 803 2986 mustum,
815 2940 842 2979 et
854 2930 936 2979 colles
948 2930 1032 2981 fluent
1043 2928 1118 2990 laete,
1129 2932 1233 2980 omne·

242 2997 290 3044 rivi
302 2995 421 3060 Jehudae
434 2994 516 3044 fluent
527 2996 603 3058 aquis
612 2995 625 3014 ”
637 2995 683 3057 (iv.
697 2991 741 3059 [B.
752 2997 787 3044 A.
800 2992 849 3059 iii]
866 2997 919 3057 18):

112 3139 222 3219 agitur
245 3139 288 3201 ibi
315 3138 357 3200 de
380 3139 527 3200 adventu
556 3137 701 3210 Domini,
725 3147 760 3199 et
783 3136 825 3199 de
848 3157 938 3200 novo
962 3136 1058 3201 caelo
1080 3148 1114 3202 et
1137 3140 1233 3201 novt

112 3232 254 3296 ecclesia
277 3234 320 3295 ab
340 3232 437 3314 Ipso;
461 3232 551 3314 quod
572 3242 652 3294 tunc
672 3251 739 3293 non
763 3231 795 3292 in
819 3240 909 3293 terra
930 3230 1089 3295 Canaane
1111 3248 1177 3295 seu
1207 3217 1233 3278 3¹

110 3327 237 3407 Judaea
265 3338 398 3390 montes
426 3326 627 3389 stillaverint
656 3335 813 3399 mustum,
842 3345 904 3391 nec
934 3326 1039 3390 colles
1068 3316 1233 3389 fluxerin

112 3419 209 3494 labie,
232 3432 265 3484 et
289 3422 378 3504 quod
403 3442 463 3484 nec
488 3431 567 3484 tunc
592 3440 671 3502 prae
695 3431 848 3501 tempore
871 3421 971 3501 priori
994 3422 1054 3483 rivi
1076 3408 1233 3503 Jehud³

111 3515 267 3579 fluxerint
282 3517 385 3598 aquis,
400 3526 517 3578 notum
531 3524 582 3576 est
597 3536 603 3589 ;
623 3534 724 3595 quare
738 3534 796 3594 per
808 3514 865 3576 illa
877 3514 979 3576 verba
993 3510 1233 3597 intelligunt¹

111 3609 176 3672 alia
192 3631 291 3692 quam
310 3621 466 3683 mustum,
483 3609 535 3671 lac
554 3620 588 3671 et
607 3629 724 3690 aquae,
741 3618 812 3670 tum
830 3628 930 3690 quam
948 3619 1093 3682 montes,
1109 3598 1233 3673 colle

111 3705 169 3766 rivi
183 3726 189 3779 ;
205 3724 325 3785 nempe
335 3705 423 3786 quod
435 3725 493 3787 per
502 3710 659 3766 “montes
670 3702 846 3765 stillabunt
858 3702 1022 3765 mustum”
1031 3723 1091 3766 seu
1101 3696 1233 3766 vinus

111 3798 310 3878 intelligitur
325 3797 415 3879 quod
434 3818 477 3860 ex
498 3799 588 3860 bono
607 3797 729 3858 amoris
748 3796 779 3857 in
800 3795 983 3857 Dominum
1000 3816 1102 3859 omne
1121 3792 1233 3878 gess'

110 3894 199 3954 inum
228 3912 363 3968 verum;
394 3913 453 3973 per
479 3892 568 3973 quod
598 3888 731 3953 “colles
758 3889 861 3951 fluent
889 3886 1000 3952 la&e’'
1026 3883 1227 3980 intelligi}

110 3985 199 4067 quod
227 4006 271 4048 ex
299 3985 389 4048 bono
412 3985 587 4047 charitatis
610 4004 690 4065 erga
717 3984 907 4064 proximum
931 3984 1001 4045 vita
1024 3974 1228 4065 spiritual*

110 4093 144 4145 et
169 4101 227 4162 per
246 4080 335 4162 quod
356 4086 501 4141 “omnes
519 4080 578 4141 rivi
596 4077 745 4159 Jehudae
769 4077 872 4139 fluent
892 4078 984 4158 aquis
992 4077 1007 4101 ”
1026 4066 1233 4159 intelligit

109 4172 200 4254 quod
229 4192 274 4233 ex
303 4169 445 4252 singulis
474 4169 581 4232 Verbi
608 4190 700 4231 vera.
754 4160 1233 4244 (Per“Jelrudam··enimsigumfi

109 4263 208 4306 caeleste
216 4273 316 4318 regnum
326 4260 431 4309 Domini,
439 4266 462 4303 et
470 4272 568 4316 quoque
575 4259 690 4311 Verbum,
698 4257 806 4302 videatur
813 4271 836 4302 n.
844 4259 911 4313 3881,
918 4258 991 4314 6363:
1007 4257 1063 4303 inde
1071 4263 1134 4315 per‘¹
1143 4252 1206 4322 ri(
1211 4244 1233 4275 ⁴

109 4331 159 4388 ejus
175 4328 336 4386 significantur
350 4327 443 4385 singula
458 4328 520 4384 ejus:
540 4328 606 4384 quod
622 4339 665 4384 per
681 4324 814 4369 “montes''
831 4323 976 4382 significetur
990 4326 1082 4370 bonum
1099 4311 1233 4370 amor²⁵

110 4388 849 4452 Dominumn.795.4210,6435‚8327,8758,10438,11110608;
861 4393 956 4448 etquod
963 4382 1233 4450 per‘·collee”b0¹‘,¹

108 4464 226 4511 charitatis
242 4476 298 4521 erga
313 4462 457 4521 proximum,
473 4462 675 4518 n.6435,10438;
693 4473 721 4504 ex
737 4471 809 4504 musa
824 4459 881 4516 quia
896 4459 920 4503 in
935 4459 1003 4505 caelo
1018 4473 1090 4518 super
1106 4450 1227 4504 mont¹
