2684 4988
170 479 232 545 772
478 476 727 530 neocatvesrs
749 476 976 529 exemerim.
1001 508 1010 525 ,

221 649 239 672 “
246 647 374 696 Ablatum
383 656 424 696 est
435 647 561 709 gaudium
574 656 602 696 et
613 646 741 697 exultatio
749 646 782 695 de
792 645 908 705 Carmel.
920 657 947 698 et
956 647 984 696 in
993 634 1081 697 vineis
1091 662 1148 696 non
1159 656 1291 706 cantatur,

300 712 501 839 ffissdfflabugj
509 713 605 805 'vinum
618 713 645 761 in
659 713 782 761 torculari
795 727 849 761 non
862 713 947 762 calcat
958 712 1074 771 calcans,
1085 713 1177 762 hedad
1190 726 1295 762 cessare

169 909 259 995 quod
275 909 456 991 jucundum
476 909 624 972 caeleste
643 930 687 973 ex
707 909 798 972 bono
817 919 852 972 et
871 909 958 974 veris
976 909 1055 973 inde
1074 909 1231 972 ablatum
1250 909 1292 972 sit

170 1007 246 1087 quia
265 1006 372 1087 ipsum
392 1005 516 1066 bonum
536 1014 571 1067 et
587 1024 713 1078 verum,
730 1005 777 1066 ita
793 1003 1011 1080 describitur;
1035 1005 1165 1066 bonum
1183 1001 1290 1068 eccle·

170 1101 238 1162 siae
261 1097 460 1179 intelligitur
482 1118 541 1179 per
565 1097 757 1173 “Carmel''
779 1105 814 1161 et
837 1118 916 1160 vera
938 1098 1017 1160 inde
1039 1118 1101 1179 per
1123 1094 1291 1161 “vineas''

170 1213 208 1257 ac
232 1214 291 1275 per
312 1193 563 1255 “calcationem
583 1192 649 1253 vini
673 1193 705 1253 in
725 1190 946 1255 torcularibus
958 1190 984 1268 ;”
1002 1190 1153 1271 jucunda
1177 1208 1290 1253 eorum

170 1287 260 1369 quod
271 1285 385 1350 ablata
396 1281 1290 1369 per“gaudium”“exultationem,”“cantationem‚”
1328 1278 1338 1295 ‘

172 1388 190 1408 ··
197 1377 454 1458 jubilationem’'
467 1388 501 1440 et
516 1384 534 1409 “
544 1379 654 1441 hedad
667 1377 692 1455 ;''
711 1379 867 1441 solebant
881 1381 969 1441 enim
983 1388 1121 1442 cantare
1139 1379 1173 1440 in
1187 1378 1290 1440 vineis

170 1482 205 1533 et
232 1472 265 1534 in
292 1472 513 1535 torcularibus
537 1492 611 1535 cum
635 1472 831 1536 calcabatur
854 1486 918 1535 uva
944 1474 977 1535 in
1000 1473 1127 1544 vinum,
1153 1481 1291 1553 propter

171 1567 516 1646 repraesentationem
529 1566 751 1647 jucundorum
771 1588 815 1630 ex
832 1568 929 1642 veris,
947 1587 1033 1649 quae
1048 1565 1289 1648 significaban-

171 1671 225 1722 tur
243 1671 302 1742 per
322 1662 473 1723 ‘Qvinum
477 1662 491 1685 ”
536 1661 640 1743 Apud
658 1661 853 1736 Jeremiam,

218 1800 357 1882 “1¹¹Supra
366 1803 456 1854 fletum
466 1803 583 1869 Jaeaeris
593 1805 663 1854 flebo
672 1807 707 1853 ob
717 1815 751 1863 te
761 1806 824 1855 vitis
833 1806 949 1865 Sibmae,
959 1805 1121 1868 propagines
1131 1815 1195 1854 tuae
1205 1815 1297 1854 trans-

301 1870 406 1919 iverunt
424 1885 505 1928 mare,
520 1885 604 1934 usque
622 1871 655 1920 ad
672 1886 746 1919 mare
759 1869 876 1935 Jaeseris
893 1872 1075 1933 pertigerunt;
1093 1885 1177 1933 super
1190 1867 1303 1920 imitus

300 1936 420 1984 autumni
442 1946 510 1994 tuos,
530 1946 557 1984 et
577 1950 657 1997 super
674 1936 837 1984 vindemiam
856 1945 928 1985 tuam
947 1945 1066 1984 vastator
1083 1936 1198 1994 cecidit;
1222 1936 1307 1984 unde

301 1999 413 2050 collecta
425 2011 465 2050 eat
477 1974 586 2058 laetitia,
601 2011 627 2049 et
639 2001 764 2062 gaudium
777 2016 810 2050 ex
823 2001 953 2058 Carmele.
968 2010 994 2050 et
1007 2016 1044 2062 ea
1052 2009 1125 2050 terra
1138 1999 1249 2059 Moabi;
1265 2009 1299 2049 et

219 2112 222 2116 .
300 2067 392 2114 vinum
405 2067 431 2115 in
444 2067 620 2115 torcularibus
632 2080 737 2114 cessare
753 2066 813 2123 ieci,
827 2081 883 2115 non
896 2066 1008 2116 oalcabit
1018 2066 1113 2122 hedad,
1129 2066 1221 2116 hedad
1237 2079 1299 2115 nou

299 2131 386 2180 hedad
395 2130 409 2150 '⁹
421 2131 513 2193 (xlviii.
526 2143 565 2192 32.
578 2134 634 2193 33):

170 2264 222 2325 hic
235 2263 337 2326 etiam
351 2265 461 2344 agitur
471 2264 513 2326 de
523 2262 639 2326 ablato
649 2262 797 2344 jucundo
807 2262 945 2326 caelesti
959 2285 1003 2326 ex
1016 2263 1107 2326 bono
1118 2263 1245 2326 amoris
1257 2271 1291 2326 et

170 2378 215 2418 ex
234 2358 320 2419 veris
344 2358 431 2430 inde,
452 2377 552 2421 omne
571 2359 660 2420 enim
680 2357 863 2438 jucundum
883 2357 1030 2420 caeleste
1052 2358 1085 2419 in
1105 2356 1172 2419 illis
1191 2367 1228 2421 et
1246 2376 1288 2420 ex

170 2450 234 2512 illis
250 2461 322 2527 est;
348 2452 546 2514 lamentatio
563 2472 661 2534 super
677 2452 709 2513 id
730 2450 930 2533 intelligitur
944 2471 1003 2532 per
1021 2451 1128 2513 “llere
1144 2449 1287 2522 fletum,”

171 2545 359 2626 deprivatio
377 2544 446 2625 ejus
470 2565 528 2627 per
546 2546 635 2627 quod
657 2543 829 2608 “colleeta
848 2547 891 2607 sit
915 2544 1054 2617 laetitia,
1074 2554 1109 2607 et
1131 2545 1285 2626 gaudium

170 2659 213 2699 cx
235 2638 417 2711 Carmele‚’'
434 2649 505 2701 tum
525 2659 583 2720 per
599 2640 688 2720 quod
707 2646 889 2702 “vastator
907 2639 1065 2701 ceciderit
1085 2659 1186 2720 super
1205 2638 1285 2712 illa,''

169 2733 258 2814 quod
271 2739 289 2763 ‘⁶
298 2733 508 2808 cessaverit,”
517 2744 552 2796 et
563 2734 652 2815 quod
666 2740 684 2765 ‘¹
694 2734 805 2796 hedad
816 2753 883 2797 non
895 2734 1005 2796 hedad
1018 2733 1044 2811 ;”
1060 2733 1188 2796 bonum
1199 2733 1286 2815 quod

169 2826 329 2898 ablatum,
348 2828 593 2910 propterquod
612 2827 822 2900 lamentatio,
840 2826 1040 2907 intelligitur
1059 2847 1118 2908 per
1137 2824 1285 2891 “fruetus

169 2921 349 2993 autumni‚”
361 2932 395 2983 et
410 2942 488 2983 vera
505 2921 583 2983 boni
596 2923 686 3002 quod
703 2920 819 2983 ablata
835 2926 894 3003 pe'r
908 2920 1141 2983 “vindemiam
1150 2920 1166 2943 ”
1178 2930 1214 2983 et
1231 2941 1285 3003 per

171 3015 310 3076 “vinum
327 3016 359 3077 in
374 3014 594 3078 torcularibus
608 3015 633 3091 ;''
652 3016 741 3097 quod
755 3014 966 3078 exulaverint
981 3035 1060 3077 vera
1076 3024 1111 3078 et
1128 3016 1286 3096 perierint

169 3129 227 3189 per
240 3108 434 3183 scientifica,
448 3109 648 3190 intelligitur
661 3130 719 3191 per
733 3111 864 3171 “vitem
879 3108 1043 3181 Sibmae‚”
1054 3119 1090 3172 et
1106 3130 1167 3191 per
1181 3114 1202 3141 ‘⁴
1211 3130 1286 3192 pro·

170 3204 309 3283 pagines
321 3203 390 3283 ejus
403 3204 493 3285 quod
510 3205 725 3266 transiverint
740 3224 830 3265 mare
844 3203 1001 3284 usquead
1018 3222 1109 3266 mare
1121 3202 1289 3285 Jaeseris”

171 3296 329 3378 (“mare”
348 3295 515 3378 significat
536 3297 783 3379 scientificum).
829 3297 867 3358 In
894 3295 1044 3370 strena,

221 3438 340 3488 “inians
358 3449 384 3488 et
402 3437 504 3489 latiens
521 3439 610 3488 deficit
628 3440 654 3488 in
673 3439 768 3502 plateis
786 3440 875 3494 urbis:
896 3440 1024 3489 matribus
1042 3440 1098 3488 suis
1115 3440 1217 3498 dicunt,
1238 3440 1289 3491 Ubi

298 3504 462 3553 trumentum
481 3516 507 3554 et
525 3507 634 3555 vinum?
656 3520 736 3567 quum
754 3505 879 3553 deficiunt
896 3506 964 3554 sicut
981 3504 1123 3553 confossus
1143 3506 1171 3554 in
1194 3506 1290 3568 plateis

297 3571 379 3694 pipbpsp.
395 3585 453 3695 pppn
472 3571 616 3619 effunditur
628 3572 718 3619 anima
735 3585 828 3619 eorum
846 3584 926 3632 super
937 3570 1025 3619 sinum
1043 3579 1159 3619 matrum
1172 3571 1290 3622 eorum”

329 3673 334 3683 .
379 3672 385 3693 ,
446 3675 451 3685 .

168 3769 251 3831 haec
265 3770 367 3831 verba
380 3771 557 3832 continent
575 3768 853 3839 lamentationem
870 3788 969 3850 super
981 3767 1172 3831 Ecclesiam
1184 3769 1290 3850 Juda-

168 3863 265 3935 icam‚
283 3862 373 3944 quod
392 3883 492 3925 omne
512 3864 636 3925 bonum
656 3872 691 3925 et
708 3882 823 3925 verum
842 3862 912 3943 ejus
928 3862 1141 3944 deperditum
1160 3863 1227 3941 sit;
1249 3884 1289 3928 ac

168 3955 367 4018 lamentatio
383 3956 581 4019 describitur
597 3976 655 4038 per
672 3956 862 4019 “infantem
874 3958 914 4019 ¹et
931 3954 1115 4019 laitentem
1132 3958 1188 4038 qui
1206 3957 1289 4020 defi·

168 4049 259 4112 ciunt
272 4050 305 4110 in
320 4049 441 4131 plateis
452 4050 551 4124 urbis,
563 4061 598 4113 et
610 4052 727 4113 dicunt
738 4051 901 4113 matribus
911 4050 988 4124 suis,
1000 4049 1069 4113 Ubi
1082 4049 1287 4114 frumentum

167 4153 202 4205 et
222 4144 334 4206 vinum
346 4144 375 4206 ?”
420 4145 481 4207 Per
498 4151 516 4176 ¹⁴
529 4146 691 4208 infantem
711 4155 745 4208 et
765 4143 973 4207 ladkentem”
988 4143 1222 4224 significantur
1239 4144 1287 4208 illi

167 4237 221 4318 qui
250 4238 281 4299 in
306 4239 396 4300 bono
418 4239 633 4302 innocentiae
656 4249 745 4313 sunt,
769 4249 804 4303 et
827 4236 998 4302 abstracte
1025 4240 1132 4319 ipsum
1159 4238 1285 4302 bonum

167 4332 379 4395 innocentiae
393 4353 400 4408 ;
422 4353 480 4414 per
493 4333 556 4395 hoc
570 4333 694 4396 bonum
707 4334 907 4415 intelligitur
919 4353 1019 4396 omne
1035 4333 1161 4395 bonum
1174 4332 1284 4396 eccle·

166 4422 247 4497 siae,
264 4425 342 4504 quia
361 4423 425 4487 hoc
444 4434 497 4487 cst
516 4425 700 4488 essentiale
720 4425 871 4487 omnium
891 4425 1058 4487 bonorum
1076 4423 1149 4505 ejus
1168 4441 1283 4500 (videam
