2716 4986
174 457 253 539 1306
477 472 729 523 Arocnuvrsrs
752 473 979 525 uxrtrcnrn.

219 640 305 691 “Hoc
319 650 360 690 est
374 641 512 703 judicium.
526 641 597 705 quod
615 640 673 691 Lux
687 643 791 692 venerit
807 642 835 692 in
853 644 993 703 mundum,
1013 655 1041 694 at
1059 646 1132 708 quod
1149 646 1285 696 dilexerint

298 707 526 835 ifflffiirupgip
544 709 671 758 tenebras
688 722 768 772 quam
789 708 884 767 iucem.
903 720 982 759 eram
1001 712 1075 760 euim
1093 726 1177 774 opera
1196 727 1284 761 eorum

168 920 334 984 Dominus
362 918 405 983 Se
436 921 589 984 nominat
617 920 756 996 Lucem.
784 923 861 1003 quia
888 932 961 987 erat
989 924 1099 1005 ipsum
1128 925 1283 989 Divinum

167 1015 294 1078 Verum
312 1035 387 1076 cum
403 1015 436 1076 in
453 1015 600 1093 mundo;
623 1016 701 1078 inde
718 1035 777 1098 per
790 1015 949 1080 “Lucem
958 1017 973 1042 ”
989 1018 1199 1100 significatur
1215 1021 1282 1084 Do·

166 1111 276 1173 minus
295 1109 405 1191 quoad
426 1109 585 1171 Divinum
605 1109 744 1184 Verum,
764 1119 836 1174 tum
854 1113 957 1174 etiam
978 1113 1140 1177 Divinum
1159 1114 1281 1178 Verum

166 1224 187 1266 a
209 1204 377 1280 Domino;
405 1212 440 1266 et
459 1205 536 1284 quia
559 1204 720 1266 tenebrae
743 1204 808 1267 iuci
832 1216 1060 1286 opponuntur,
1081 1227 1141 1289 per
1161 1213 1282 1272 “tene-

165 1296 269 1362 bras'’
292 1318 374 1379 quas
397 1296 551 1359 homines
574 1298 683 1378 magis
706 1294 911 1373 dilexerunt,
934 1300 1145 1380 significatur
1168 1301 1281 1364 salsum

165 1392 337 1464 infernale,
355 1391 445 1473 quod
465 1403 517 1453 est
533 1391 652 1453 salsum
669 1392 767 1454 maii:
792 1394 881 1475 quod
899 1395 942 1456 sit
961 1394 1083 1456 salsum
1100 1395 1180 1458 mali
1196 1397 1282 1478 quod

165 1486 209 1548 ibi
229 1504 287 1565 per
306 1484 494 1547 “tenebras
503 1484 519 1508 '⁹
534 1484 753 1567 significatur,
770 1497 907 1550 constat
923 1508 968 1549 ex
988 1509 1041 1562 eo,
1059 1491 1137 1571 quia
1152 1489 1279 1561 dicitur.

167 1579 304 1641 “Erant
324 1580 412 1641 enim
433 1599 535 1660 opera
555 1599 670 1643 eorum
691 1579 807 1642 mala.’'
851 1579 906 1643 Ex
927 1582 1085 1662 operibus
1108 1584 1206 1646 malis
1227 1604 1281 1645 seu

165 1695 209 1736 ex
234 1673 329 1736 maiis
348 1674 438 1736 vitae
458 1675 578 1736 existit
596 1673 716 1737 salsum
737 1675 836 1751 mali;
864 1694 943 1737 nam
962 1676 1049 1738 sicut
1073 1676 1209 1766 bonum⁸
1223 1678 1281 1739 sibi

164 1765 337 1847 conjungit
361 1787 488 1840 verum,
512 1768 560 1830 ita
587 1767 713 1831 maium
741 1769 803 1830 sibi
826 1768 1000 1849 conjungit
1023 1769 1158 1845 salsum,
1183 1790 1280 1833 unum

164 1862 253 1922 enirn
270 1870 323 1923 est
343 1861 491 1923 alterius.
536 1860 665 1925 Similia
683 1881 743 1944 per
760 1862 922 1926 “iucem''
937 1873 972 1926 et
991 1882 1050 1944 per
1068 1866 1256 1928 “tenebras
1264 1865 1278 1889 ’'

163 1952 396 2036 significantur
414 1955 447 2017 in
466 1957 685 2038 sequentibus
704 1955 787 2019 locis
805 1958 895 2038 apud
910 1955 1114 2034 Joltannem,

214 2109 232 2130 ¹⁸
240 2106 271 2156 ln
288 2106 351 2171 ipso
363 2108 418 2156 vita
429 2118 495 2166 erat,
509 2119 536 2157 et
550 2107 605 2157 vita
616 2119 674 2158 erat
686 2108 745 2158 Lux
757 2109 913 2168 hominum
931 2119 958 2159 et
972 2110 1019 2159 lux
1029 2111 1058 2159 in
1071 2111 1192 2161 tenebris
1203 2125 1281 2175 appa·

293 2182 341 2230 ret,
353 2173 401 2221 sed
413 2175 539 2222 tenebrae
554 2173 626 2223 iilam
641 2188 696 2223 uon
708 2174 969 2236 comprehenderunt
976 2174 990 2193 ’¹
1000 2175 1028 2236 (i.
1039 2189 1064 2235 4.
1077 2176 1120 2237 5);

162 2306 253 2386 apud
271 2308 428 2381 eundem,

209 2418 289 2484 1Ιωιιι
306 2419 381 2477 dixit,
399 2421 415 2443 ⁸⁶
424 2418 483 2482 Ego
494 2434 554 2469 sum
567 2418 625 2469 Lux
636 2420 745 2479 muudi;
763 2420 807 2484 qui
821 2419 867 2469 Me
878 2419 1008 2484 requitur,
1024 2435 1080 2470 uon
1094 2422 1241 2473 ambulabit
1253 2422 1278 2472 iu

292 2485 418 2541 tenebris.
433 2486 480 2534 sed
495 2485 603 2535 habebit
614 2486 701 2535 iucem
714 2486 784 2535 vitae
793 2485 808 2504 ”
817 2487 882 2547 (viii.
896 2491 952 2547 12);

161 2618 250 2701 apud
269 2618 425 2691 eundem,

209 2731 287 2798 Jesus
296 2731 371 2787 dixit,
386 2734 403 2754 ¹¹
412 2731 557 2779 Ambulate
566 2745 704 2795 quousque
715 2730 812 2780 Lucem
822 2732 935 2791 habetis,
946 2747 981 2781 ne
993 2735 1122 2783 tenebrae
1129 2747 1180 2784 vos
1189 2749 1278 2797 appre-

290 2797 409 2845 hendant
420 2811 426 2853 ;
445 2811 507 2844 nam
516 2798 560 2859 qui
569 2797 689 2845 ambulat
698 2797 725 2844 in
736 2798 863 2853 tenebris,
875 2811 930 2845 non
940 2798 990 2846 scit
999 2813 1128 2861 quorsum
1138 2801 1202 2848 abit.
1221 2836 1273 2848 ....

291 2861 348 2923 Ego
362 2861 419 2910 Lux
431 2862 457 2910 in
471 2863 601 2911 mundum
614 2863 685 2919 veni.
701 2873 729 2911 ut
741 2864 831 2911 omnis
849 2864 893 2925 qui
908 2863 992 2911 credit
1006 2864 1033 2911 in
1048 2863 1105 2923 Me,
1122 2865 1149 2914 iu
1163 2865 1277 2914 tenebris

290 2942 345 2975 non
361 2937 469 2976 maneat
478 2926 492 2945 '¹
502 2928 558 2987 (xii.
572 2939 614 2988 35,
624 2927 682 2988 46):

162 3087 194 3148 in
222 3085 273 3148 his
296 3084 380 3148 locis
404 3105 462 3166 per
485 3082 696 3148 “tenebras”
718 3082 927 3164 significatur
948 3083 1070 3148 salsum
1094 3085 1276 3163 inierna1e;

160 3200 219 3261 per
243 3178 405 3242 “lucem''
429 3179 530 3253 enim,
554 3179 606 3242 cui
634 3188 851 3259 opponuntur
874 3179 1046 3252 tenebrae,
1070 3179 1276 3260 significatur

160 3273 318 3337 Divinum
330 3273 457 3336 Verum
469 3293 476 3335 :
497 3272 587 3355 quod
599 3278 618 3304 ‘⁸
627 3272 687 3335 iux
696 3271 711 3295 '⁹
721 3270 888 3352 significet
902 3272 1062 3335 Divinum
1074 3272 1215 3349 Verum,
1225 3283 1276 3337 est

160 3369 236 3451 quia
267 3367 325 3430 lux
358 3369 390 3430 in
422 3367 523 3430 caelis
554 3368 587 3429 in
618 3386 679 3429 sua
707 3367 855 3428 essentia
878 3377 931 3428 est
963 3365 1123 3430 Divinum
1151 3367 1275 3431 Verum

159 3460 351 3543 procedens
366 3480 386 3522 a
403 3458 553 3521 Domino
568 3473 688 3535 (ridemur
698 3473 724 3518 iu
736 3487 811 3532 opere
826 3474 863 3518 De
879 3474 947 3519 Caelo
957 3478 980 3519 et
990 3475 1094 3533 Insemo,
1105 3488 1129 3520 ιι.
1142 3475 1275 3535 126-14o);

159 3555 236 3637 quia
255 3573 342 3616 nunc
362 3551 521 3614 Divinum
538 3549 665 3613 Verum
684 3558 737 3612 est
756 3550 815 3612 lux
835 3552 868 3612 in
887 3550 1002 3623 caelis
1019 3552 1172 3633 sequitur
1189 3551 1275 3633 quod

159 3648 278 3711 salsum
309 3645 398 3719 mali,
427 3644 516 3727 quod
546 3653 598 3707 est
626 3643 745 3707 salsum
776 3646 808 3706 in
836 3644 982 3720 infernis,
1010 3646 1078 3707 sint
1106 3646 1275 3708 tenebrae.

160 3741 237 3804 Non
257 3742 392 3825 quidem
412 3750 489 3803 sunt
508 3739 670 3803 tenebrae
690 3738 827 3820 illisqui
846 3741 879 3801 in
899 3739 1034 3800 infernis
1050 3748 1142 3811 sunt,
1159 3740 1274 3802 vident

160 3837 248 3900 enim
268 3856 304 3898 se
322 3846 461 3910 mutuo;
484 3834 544 3896 sed
565 3833 678 3895 lumen
693 3853 738 3896 ex
754 3853 821 3915 quo
840 3833 969 3905 vident,
986 3841 1039 3894 est
1059 3834 1148 3896 sicut
1164 3832 1274 3895 lumen

160 3953 204 3993 ex
229 3930 429 3993 carbonibus
453 3929 589 4009 ignitis;
616 3937 652 3990 at
675 3926 738 3989 hoc
763 3926 886 4000 iumen,
907 3945 982 3989 cum
1006 3926 1039 3988 in
1063 3926 1146 3989 illud
1170 3927 1273 3989 influit

160 4024 219 4088 lux
238 4025 333 4099 caeli,
355 4024 390 4088 fit
411 4044 503 4086 mera
519 4022 649 4102 caligo:
673 4019 751 4084 inde
769 4041 902 4102 quoque
921 4031 984 4094 est,
1002 4021 1093 4102 quod
1111 4041 1274 4084 cavernae

160 4129 195 4183 et
213 4129 322 4193 antra,
343 4120 376 4181 in
395 4119 513 4200 quibus
532 4125 623 4190 sunt,
642 4123 828 4196 appareant
850 4112 989 4195 illisqui
1012 4116 1046 4176 in
1071 4115 1175 4178 caelis
1198 4125 1274 4177 sunt

160 4215 246 4278 sicut
269 4234 390 4295 specus
414 4212 659 4276 tenebricosae.
703 4208 841 4271 Exinde
864 4219 1021 4271 constare
1045 4219 1162 4289 potest
1186 4210 1272 4273 unde

161 4321 213 4374 est
237 4310 326 4393 quod
352 4305 564 4370 ·‘tenebrae”
583 4302 773 4386 significent
795 4302 878 4365 salsa
901 4301 991 4377 mali,
1011 4313 1045 4365 et
1070 4304 1161 4386 quod
1184 4305 1273 4369 dica·

161 4416 214 4469 tur
233 4426 252 4467 a
272 4403 420 4466 Domino
