2684 4988
341 494 423 548 cnr.
440 475 515 559 iun,
532 496 635 547 vans.
655 481 911 567 1.-u.419[f].
1103 496 1182 565 10²7

102 641 181 737 lpud
194 663 347 740 eundem,

138 773 247 824 “Omnes
260 785 366 826 turmas
379 776 440 838 ejus
454 777 606 840 dispergam
621 779 649 827 in
664 792 774 827 omnem
785 787 905 837 ventum,
919 787 946 827 et
959 778 1079 841 gladium
1094 779 1182 842 evagi-

199 843 268 890 nabo
280 852 344 903 post
356 842 440 891 illos''
451 843 507 904 (xii.
520 851 574 903 14):

102 983 140 1029 er
153 970 227 1035 haec
248 972 371 1034 similia
390 971 630 1053 significantur.
677 973 780 1056 Apud
798 973 1017 1049 Matthaeum,

123 1115 281 1165 “Descendit
295 1116 400 1173 imber„
411 1155 416 1166 .
427 1129 465 1165 ,ct
477 1117 574 1166 tlarunt
586 1119 667 1175 venti,
680 1128 707 1167 et
720 1119 854 1169 irruerunt
868 1119 894 1168 in
908 1120 1017 1168 domum
1033 1119 1124 1176 illam:
1142 1130 1181 1169 ta·

194 1195 254 1229 men
268 1196 323 1228 non
337 1183 438 1240 cecidit,
451 1183 561 1231 lundata
573 1184 644 1231 enim
657 1194 714 1232 erat
727 1198 807 1247 super
818 1183 914 1246 petra”
927 1183 980 1242 lvii.
991 1197 1029 1245 24,
1041 1197 1079 1245 25,
1091 1188 1147 1245 27):

102 1330 133 1376 er
144 1317 343 1380 “descendit
361 1319 467 1381 imber
475 1318 490 1341 ”
503 1331 537 1382 et
554 1319 703 1383 “darunt
720 1301 843 1395 venti,'’
856 1322 1087 1403 significantur
1104 1335 1179 1386 ten·

102 1409 224 1484 itiones,
245 1423 280 1474 et
305 1411 385 1474 inde
403 1432 535 1494 quoque
558 1412 642 1476 salsa
665 1416 844 1491 irruentia;
869 1436 947 1478 nam
970 1419 1179 1480 tentationes

102 1503 255 1568 >irituales
270 1527 337 1568 non
351 1506 441 1568 aliud
458 1519 536 1570 sunt
550 1528 650 1590 quam
664 1509 898 1572 infestationes
912 1513 1036 1573 mentis
1052 1533 1071 1572 a
1088 1511 1180 1574 salsis

101 1615 106 1655 :
123 1599 233 1662 malis:
258 1622 362 1682 quare
379 1622 438 1683 per
455 1609 605 1665 “ventos
614 1602 628 1624 ”
644 1605 748 1665 etiam
768 1602 821 1665 hic
839 1605 1071 1686 significantur
1085 1605 1179 1667 salsa.

102 1697 179 1753 leliqua
188 1698 314 1744 videantur
325 1699 443 1756 explicata
452 1713 532 1758 supra,
544 1713 566 1746 m
577 1699 698 1763 411[c].)

130 1785 188 1867 [fi]
216 1786 429 1867 1¹¹Quoniam,
442 1797 478 1850 ut
496 1787 736 1870 supradictum
749 1799 814 1863 est,
828 1791 860 1851 in
873 1791 1000 1853 mundo
1012 1792 1178 1873 spirituali

102 1891 151 1941 cut
169 1881 201 1941 in
221 1880 349 1942 mundo
366 1880 511 1943 naturali
530 1880 683 1943 existunt
701 1883 793 1943 venti
812 1881 917 1944 sortes
936 1893 970 1946 et
988 1882 1177 1966 procellae;

102 1972 127 2033 ed
144 1973 314 2055 procellae
338 1976 371 2035 in
391 1973 517 2036 mundo
536 1974 701 2056 spirituali
724 1976 878 2038 existunt
902 1997 946 2037 ex
971 1977 1097 2039 influxu
1118 1977 1177 2039 Di·

105 2068 134 2129 ni
155 2069 187 2130 in
211 2067 368 2130 inferiora
391 2068 446 2130 ubi
469 2077 548 2131 sunt
571 2069 626 2149 qui
655 2069 687 2129 in
711 2068 808 2130 malis
831 2080 866 2131 et
890 2069 1002 2147 salsis;
1033 2071 1178 2133 influxus

102 2160 124 2224 le
139 2162 225 2224 sicut
249 2162 428 2224 descendit
447 2183 466 2224 e
485 2161 587 2224 caelis
607 2182 723 2225 versus
747 2173 854 2224 terras
873 2183 958 2244 quae
982 2163 1064 2225 inira
1086 2176 1176 2236 suut,

102 2274 110 2312 i
125 2254 159 2318 fit
175 2257 321 2329 densior,
339 2267 375 2318 et
392 2267 532 2338 apparet
549 2257 635 2319 sicut
653 2256 768 2331 nubes,
786 2276 825 2318 ac
842 2257 930 2338 apud
948 2257 1055 2318 malos
1071 2257 1177 2320 densa

127 2370 231 2431 opaca
258 2350 443 2413 secundum
472 2349 551 2412 mali
577 2362 741 2432 quantum
769 2361 803 2412 et
831 2351 949 2432 quale:
983 2350 1047 2413 hae
1072 2352 1177 2414 nubes

102 2454 141 2506 uit
159 2447 379 2527 apparentiae
398 2443 472 2506 falsi
491 2465 535 2507 ex
555 2444 656 2518 malo,
674 2444 834 2507 oriundae
852 2466 897 2506 ex
918 2445 1069 2526 sphaeris
1086 2446 1177 2510 vitae

102 2557 187 2610 irum,
205 2558 284 2600 nam
303 2540 427 2600 circum
448 2540 704 2619 unumquemvis
723 2539 927 2619 spiritumet
947 2540 1107 2618 angelum
1123 2550 1176 2603 est

102 2631 204 2694 thaera
220 2634 321 2694 vitae.
370 2631 454 2694 Cum
475 2631 633 2694 Divinum
653 2631 785 2694 sortiter
803 2633 971 2695 emittitur
989 2653 1009 2694 a
1029 2632 1176 2695 Domino

102 2744 106 2784 ;
126 2723 212 2800 Sole,
236 2745 275 2788 ac
299 2727 332 2788 in
357 2726 480 2788 densas
503 2736 538 2788 et
565 2745 689 2808 opacas
713 2726 774 2788 has
798 2726 902 2789 nubes
930 2727 1047 2799 influit,
1072 2727 1177 2788 oritur

102 2818 220 2891 ocella,
240 2839 342 2901 quam
362 2821 497 2901 spiritus
516 2820 560 2882 ibi
583 2820 771 2901 percipiunt
790 2820 944 2882 similiter
963 2840 1001 2881 ac
1022 2820 1176 2882 homines

102 2911 227 2974 rosellas
251 2914 284 2974 in
309 2912 449 2990 tellure;
474 2912 642 2996 procellas
665 2912 845 2994 aliquoties
869 2914 943 2976 illas
966 2916 1070 2977 etiam
1094 2913 1176 2976 mihi

102 3006 231 3088 ercipere
258 3008 377 3069 datum
405 3018 469 3081 est,
493 3017 529 3069 et
557 3028 689 3090 quoque
713 3018 853 3069 ventum
880 3009 1092 3083 orientalem,
1117 3030 1176 3091 per

102 3119 162 3163 uem
183 3102 338 3183 dissipati
362 3111 440 3164 sunt
468 3101 559 3176 mali,
583 3111 618 3163 et
646 3098 789 3182 conjedti
816 3103 849 3163 in
876 3103 1014 3176 inferna,
1039 3104 1176 3185 quando

102 3190 215 3258 ltimum
241 3195 403 3277 judicium
432 3196 678 3277 peragebatur:
713 3216 759 3258 ex
788 3195 840 3257 his
870 3208 1027 3259 constare
1058 3207 1175 3279 potest

102 3287 146 3349 uid
169 3290 397 3373 “procellae''
429 3289 715 3371 “tempestates’'
745 3310 784 3352 ac
818 3293 940 3353 “uenti
970 3292 1175 3373 impetuosi''

102 3378 250 3460 lenificant
269 3387 304 3448 in
323 3386 543 3468 sequentibus
563 3384 645 3446 locis
658 3383 814 3466 :-Apud
833 3385 985 3460 Esaiam,

127 3526 279 3593 ''Disperges
292 3545 348 3586 eos,
362 3540 390 3579 ut
402 3539 499 3578 ventus
511 3529 616 3579 auferat
628 3544 683 3588 eos,
698 3538 724 3577 et
734 3529 850 3591 procella
859 3530 972 3593 dissipet
984 3546 1030 3579 eos
1039 3530 1052 3549 '⁵
1060 3531 1105 3581 xli.
1119 3532 1175 3594 16),

104 3652 153 3724 pud
173 3654 369 3729 Jeremiam,

127 3762 200 3818 “¹¹¹En
213 3770 333 3833 procella
345 3769 465 3834 Jehovae
478 3768 519 3817 ira
529 3768 621 3825 exivit,
634 3777 660 3817 et
672 3770 749 3818 turbo
762 3769 871 3817 minans
883 3768 991 3826 irruere,
1003 3783 1084 3831 super
1095 3779 1175 3831 caput

188 3836 331 3898 impiorum
341 3835 445 3884 irruet'’
455 3835 538 3896 (xxiii.
552 3847 597 3897 19,
616 3848 673 3896 cap.
685 3849 746 3883 xxx.
760 3840 815 3894 23);

104 3956 152 4026 ud
167 3959 340 4035 Davidem,

125 4067 462 4205 “lesgrffiassberrgsstionem
477 4088 566 4123 meam
581 4089 597 4123 a
611 4082 694 4122 vento
708 4073 869 4136 impetuoso,
883 4089 900 4122 a
914 4075 1033 4136 procella
1041 4073 1055 4092 '⁹
1067 4074 1122 4136 (Ps.
1135 4074 1171 4127 lv.

102 4261 149 4334 pud
165 4265 320 4338 eundem,

119 4375 203 4428 ‘'Dcus
215 4380 252 4428 mi
256 4416 326 4436 .....
333 4392 493 4441 persequere
506 4392 553 4425 eos
567 4391 613 4438 per
624 4377 769 4438 procellam
782 4388 865 4435 tuam,
879 4388 906 4427 et
924 4393 971 4440 per
983 4386 1169 4439 tempestatem

183 4454 267 4504 tuam,
282 4454 352 4494 terre
370 4443 453 4493 illos''
465 4443 521 4504 (Ps.
534 4443 635 4491 lxxxiii.
651 4440 718 4506 [14,]
733 4445 762 4491 16
775 4442 820 4508 [B.
832 4447 866 4493 A.
882 4457 918 4504 13,
933 4441 1001 4506 15]);
