2684 4988
433 332 975 400 cAP.V111.,VERs.12.—N.527.
1180 331 1257 396 ¹3¹¹
1330 352 1338 376 .

123 508 246 581 parte
262 498 335 580 ejus
353 509 388 562 et
407 519 477 562 nox
496 498 682 562 similiter.”
723 509 1261 573 (Qu0u·'teruapm··stoentficetomne‚pte-

122 615 200 646 num
210 609 352 659 etprorsus.
361 602 556 660 videatursupra‚
565 616 589 649 n.
601 585 682 667 506.)
715 584 833 649 Slmlle
848 584 902 647 hic
916 604 976 666 per
990 584 1109 646 “diem
1123 592 1161 645 et
1176 600 1259 645 noc·

123 678 247 751 tem,''
268 680 357 760 quod
382 698 439 759 per
460 679 577 741 “diem
601 688 636 742 et
659 675 818 741 nodtem”
836 678 870 739 in
892 677 1004 757 capite
1027 676 1134 755 primo
1159 673 1259 736 Gene-

125 793 228 846 seos,
251 773 469 853 significatur,
491 774 695 846 ubidicitur,

194 909 213 931 ‘¹
224 906 299 955 Dixit
315 907 395 965 Deus,
410 907 449 956 Sit
463 908 516 963 lux,
531 916 557 956 et
571 904 642 956 india
655 915 696 955 est
709 906 771 964 lux;
788 915 815 954 et
829 904 894 954 vidit
908 903 982 953 Deus
995 903 1082 952 lucem
1094 901 1164 966 quod
1178 902 1257 958 bona.

279 981 305 1020 et
319 973 440 1021 distinxit
457 972 529 1021 Deus
547 973 616 1021 inter
634 972 718 1020 lucem
737 981 763 1021 et
781 971 850 1020 inter
863 971 1004 1025 tenebras:
1024 977 1052 1017 et
1065 968 1172 1016 vocavit
1187 966 1260 1016 Deus

279 1038 363 1086 lucem
372 1039 452 1093 diem,
462 1048 488 1086 et
496 1039 620 1086 tenebras
629 1037 735 1085 vocavit
742 1033 858 1094 nodum,
868 1046 895 1085 et
902 1034 952 1084 fuit
959 1049 1071 1097 vespera
1078 1043 1105 1082 et
1112 1031 1258 1089 strumene,

278 1102 335 1150 dies
347 1102 470 1165 primus”
482 1104 562 1164 (vers.
575 1101 648 1164 3-5);

129 1227 178 1281 et
200 1229 333 1298 postea,

196 1326 258 1376 “Et
269 1328 336 1377 dixit
350 1328 431 1385 Deus,
444 1328 502 1377 Sint
514 1328 656 1377 luminaria
668 1328 694 1376 in
707 1341 827 1390 expanso
839 1325 982 1382 caelorum,
994 1324 1028 1402 ad
1040 1322 1258 1386 distinguendum

278 1393 348 1442 inter
361 1393 430 1442 diern
444 1403 471 1442 et
483 1395 551 1442 inter
564 1391 686 1449 tiodiem:
704 1402 730 1441 et
742 1401 819 1441 erunt
832 1391 859 1440 in
872 1391 958 1453 signa,
972 1399 999 1438 et
1011 1403 1037 1438 tn
1048 1398 1118 1437 stata
1128 1397 1257 1465 tempora.

278 1467 305 1506 et
319 1459 346 1506 in
360 1458 417 1507 dies
431 1468 458 1506 et
470 1473 583 1507 annos:.
595 1496 600 1507 .
610 1495 616 1507 .
627 1467 664 1507 ,et
679 1457 741 1506 lecit
755 1457 827 1506 Deus
841 1456 894 1504 duo
907 1455 1049 1504 luminaria
1062 1467 1169 1515 magna,
1184 1453 1260 1502 lumt·

278 1537 341 1571 nare
351 1538 394 1571 ma
413 1539 477 1572 num
490 1525 524 1573 ad
533 1523 726 1573 dominandum
735 1523 787 1578 die,
799 1531 825 1572 et
838 1521 968 1570 luminare
978 1520 1067 1568 minus
1076 1519 1110 1567 ad
1119 1519 1261 1567 dominan-

277 1589 339 1636 dum
353 1603 369 1636 n
417 1604 439 1644 e.
454 1601 480 1637 et
492 1589 598 1638 stellas:
616 1599 643 1637 et
655 1589 744 1651 posuit
756 1587 802 1636 illa
815 1586 887 1636 Deus
900 1587 927 1634 in
937 1599 1056 1647 expanso
1069 1583 1212 1641 caelorum,
1226 1584 1260 1632 ad

278 1652 362 1701 lucem
375 1655 491 1702 dandum
505 1668 584 1715 super
596 1663 675 1709 terra,
690 1663 716 1702 et
730 1653 764 1701 ad
778 1652 969 1701 dominandum
985 1651 1013 1698 in
1028 1650 1071 1698 die
1085 1659 1112 1698 et
1126 1649 1154 1697 in
1168 1646 1257 1706 nodie,

277 1728 303 1766 et
315 1719 348 1767 ad
361 1719 578 1780 distinguendum
592 1719 661 1767 inter
673 1718 759 1767 lucem
771 1727 798 1766 et
813 1719 884 1766 inter
894 1718 1019 1766 tenebras
1029 1730 1047 1773 ;.
1057 1751 1079 1765 ..
1090 1725 1128 1763 ,et
1139 1713 1189 1763 luit
1201 1728 1261 1764 ves·

279 1798 342 1845 pera
354 1794 380 1832 et
392 1784 440 1832 luit
453 1799 541 1841 mane.
556 1794 665 1847 quartus
678 1782 757 1832 dies”
768 1783 796 1844 (ἰ.
810 1782 913 1845 14-19):

147 1927 205 1988 per
225 1906 386 1968 “lucem'’
405 1928 489 1988 quae
508 1904 596 1969 faita
614 1907 667 1969 die
687 1908 794 1988 primo
813 1905 1019 1987 significatur
1039 1905 1161 1967 Divina
1179 1904 1258 1967 Lux

146 2021 231 2082 quae
250 2002 283 2062 in
300 2022 335 2062 se
352 2013 386 2063 et
403 2022 461 2062 sua
477 2004 625 2066 essentia
640 2012 692 2064 est
710 2001 867 2063 Divinum
881 2000 1029 2077 Verum;
1052 2001 1099 2062 ita
1115 2000 1174 2062 lux
1190 2001 1258 2080 spi·

148 2093 284 2168 ritualis,
303 2115 388 2176 quae
405 2094 551 2159 illustrat
570 2093 790 2160 intellectum.
835 2094 962 2176 Agitur
983 2096 1017 2157 in
1036 2115 1077 2156 eo
1096 2095 1206 2175 capite
1225 2095 1258 2156 in

148 2208 245 2251 sensu
269 2190 402 2251 interno
425 2189 466 2250 de
494 2190 736 2252 instauratione
763 2188 925 2252 ecclesiae
952 2210 972 2251 a
999 2189 1146 2251 Domino
1169 2188 1257 2268 apud

147 2284 394 2363 antiquissimos
408 2305 414 2358 ;
438 2293 472 2345 et
490 2284 565 2364 quia
580 2285 721 2364 primurn
734 2294 787 2346 est
805 2292 840 2345 ut
857 2280 1049 2346 intelle&us
1062 2282 1257 2357 illustretur,

148 2394 222 2436 nam
243 2376 368 2457 absque
388 2376 456 2456 ejus
475 2377 698 2439 illustratione
717 2398 737 2439 a
761 2377 908 2438 Domino
927 2376 1018 2439 nulla
1037 2375 1075 2438 fit
1098 2376 1257 2439 reforma·

146 2469 202 2540 tio,
227 2470 274 2531 ita
302 2489 368 2531 non
396 2471 538 2533 ecclesia
562 2472 650 2552 apud
675 2472 856 2543 hominem,
881 2471 957 2533 ideo
980 2471 1129 2534 omnium
1151 2472 1258 2552 primo

147 2562 266 2625 dicitur
289 2563 331 2625 de
356 2563 439 2635 luce,
464 2586 522 2626 seu
545 2565 635 2646 quod
660 2565 717 2627 lux
743 2567 849 2645 primo
873 2565 926 2628 die
948 2563 1037 2629 saeta
1059 2567 1112 2628 sit.
1158 2564 1257 2646 Quod

146 2656 275 2720 dicatur
298 2659 386 2738 quod
412 2660 560 2722 “viderit
585 2659 676 2722 Deus
701 2661 808 2722 lucem
832 2660 921 2742 quod
949 2660 1067 2734 bona‚’¹
1089 2660 1257 2742 significat

145 2751 233 2831 quod
251 2751 338 2830 apud
355 2750 431 2814 illos
447 2753 535 2815 bona
551 2752 730 2816 illustratio
745 2764 779 2816 et
796 2755 945 2834 receptio
957 2754 1076 2817 suerit:
1101 2775 1160 2836 per
1177 2762 1256 2818 “te-

146 2844 287 2906 nebras’'
306 2856 419 2907 autem
439 2846 645 2927 significatur
665 2846 775 2909 lumen
795 2848 884 2930 quod
904 2858 956 2910 est
980 2849 1013 2909 in
1033 2848 1176 2911 naturali
1195 2849 1256 2912 ho·

145 2939 243 3013 mine,
261 2939 349 3021 quod
369 2942 470 3002 etiam
491 2940 603 3003 lumen
621 2941 771 3004 naturale
787 2951 946 3018 vocatur;
970 2943 1125 3023 quiahoc
1143 2944 1255 3006 lumen

144 3032 185 3094 ad
210 3032 319 3095 lucem
343 3035 560 3113 spiritualem,
584 3045 636 3097 est
664 3032 849 3116 respedtive
873 3038 958 3100 sicut
986 3038 1157 3111 tenebrae,
1180 3038 1257 3103 ideo

144 3125 223 3189 illud
247 3147 306 3207 per
326 3128 512 3190 “tenebras
522 3128 536 3151 '¹
555 3128 764 3212 intelligitur.
809 3128 873 3191 Est
892 3131 980 3192 enim
1001 3131 1175 3213 unicuique
1194 3132 1256 3194 ho·

145 3221 222 3281 mini
242 3240 337 3282 mens
357 3220 487 3283 inferior
507 3242 565 3284 seu
583 3224 733 3285 exterior
751 3232 786 3286 et
810 3241 905 3284 mens
924 3225 1073 3304 superior
1091 3245 1149 3287 seu
1167 3225 1255 3287 inte·

145 3314 225 3376 rior:
254 3335 349 3377 mens
372 3316 506 3378 inferior
528 3338 586 3379 seu
609 3317 758 3379 exterior
780 3327 832 3379 est
857 3336 951 3379 mens
975 3319 1146 3394 naturalis,
1170 3340 1256 3401 quae

144 3418 282 3471 vocatur
298 3410 458 3472 naturalis
477 3411 598 3487 homo;
627 3430 723 3472 mens
743 3421 857 3473 autem
877 3413 1026 3492 superior
1041 3433 1099 3475 seu
1119 3415 1257 3477 interior

143 3512 192 3565 est
219 3522 316 3565 mens
343 3504 533 3584 spiritualis,
558 3515 593 3569 et
619 3516 760 3568 vocatur
788 3506 893 3568 homo
919 3507 1109 3587 spiritualis.
1154 3507 1255 3589 Quod

142 3613 235 3657 mens
252 3597 382 3659 dicatur
399 3599 511 3671 h0m0,
525 3608 577 3661 est
594 3600 670 3680 quia
686 3599 789 3661 homo
806 3609 858 3661 est
874 3600 977 3663 homo
993 3622 1037 3663 ex
1054 3611 1170 3665 mente
1186 3623 1255 3665 sua.

143 3685 245 3751 Binae
269 3689 346 3752 illae
368 3702 512 3764 mentes,
532 3694 683 3772 superior
705 3704 740 3755 et
764 3693 907 3768 inferior,
927 3704 1006 3758 sunt
1029 3714 1163 3776 prorsus
1186 3697 1254 3760 dis·

141 3780 286 3859 tinitae;
310 3785 412 3847 homo
431 3806 490 3866 per
510 3798 659 3850 mentem
679 3787 867 3850 inferiorem
884 3799 937 3853 est
955 3789 989 3851 in
1008 3789 1135 3854 mundo
1154 3802 1254 3854 natu·

142 3877 198 3938 tali
218 3898 284 3939 una
302 3897 377 3941 cum
398 3880 586 3942 hominibus
606 3883 660 3955 ibi,
677 3891 713 3944 at
732 3902 792 3962 per
810 3892 961 3946 mentem
978 3885 1183 3964 superiorem
1201 3896 1254 3950 est

140 3969 170 4032 in
187 3972 313 4033 mundo
329 3973 491 4052 spirituali
508 3993 582 4036 cum
599 3975 728 4056 angelis
744 3977 798 4038 ibi.
840 3975 923 4039 Illae
939 3978 1036 4040 binae
1056 3988 1188 4041 mentes
1207 3979 1255 4042 ita

139 4064 322 4129 distinstae.
333 4077 421 4141 sunt,
435 4078 471 4130 ut
489 4069 601 4143 homo,
614 4070 772 4150 quamdiu
784 4071 866 4134 vivit
882 4073 915 4134 in
932 4072 1068 4148 mundo,
1083 4093 1150 4136 non
1168 4073 1254 4138 sciat

140 4160 214 4239 quid
234 4161 323 4241 apud
342 4182 378 4223 se
398 4164 569 4243 peragitur
586 4164 618 4225 in
638 4174 753 4226 mente
772 4184 831 4227 sua
850 4166 1040 4245 superiore3
1063 4176 1099 4229 et
1114 4166 1253 4248 quando

139 4250 174 4316 fit
199 4255 346 4335 spiritus,
370 4255 460 4336 quod
487 4255 523 4319 fit
551 4257 667 4319 statim
691 4268 768 4338 post
791 4269 947 4335 mortem,
972 4279 1040 4322 non
1063 4260 1148 4324 sciat
1172 4260 1252 4343 quid
