2684 4988
109 470 175 539 Μ
419 471 668 523 APOCALYPSIS
691 472 916 524 EXPLICATA.

110 624 208 689 “glotis
216 629 229 646 '⁸
240 630 358 688 significet
370 632 484 677 Divinum
495 633 587 677 Verum
599 632 734 690 procedens
747 647 763 678 a
777 633 890 686 Domino,
902 633 1012 678 videatur
1024 646 1102 691 supra,
1112 647 1135 678 n.
1146 629 1214 696 [1133.

111 692 350 865 ²88lc30l⁵ll2uia
363 790 381 815 ‘⁴
391 803 460 864 pax
470 781 485 806 ”
495 784 528 844 in
541 803 643 845 sensu
654 785 791 846 interno
801 783 908 846 Verbi
919 783 1091 864 significat
1104 784 1214 845 Domi·

110 893 200 948 num,
218 885 254 936 et
277 875 355 937 inde
379 874 508 937 caelum
531 884 567 936 et
588 876 694 971 yitam
718 885 902 946 aeternam,
922 878 955 937 in
975 878 1088 956 specie
1107 875 1214 955 jucun·

110 968 188 1031 dum
213 968 296 1030 caeli
326 967 502 1030 oriundum
530 987 575 1029 ex
599 966 835 1047 conjunctione
863 988 940 1031 cum
964 969 1123 1042 Domino,
1147 970 1214 1030 ideo

110 1061 286 1134 Dominus,
318 1073 396 1143 post
427 1057 716 1135 resurrectionem,
747 1081 823 1124 cum
857 1064 1012 1144 apparuit
1044 1062 1214 1143 discipulis,

110 1156 198 1219 dixit
217 1156 292 1230 illis,

282 1291 299 1312 ⁸·
310 1287 365 1336 Pax
377 1287 476 1337 vobis”
488 1288 560 1349 (Luc.
571 1288 643 1338 xxiv.
653 1289 693 1348 3⁶,
704 1301 750 1348 37:
771 1288 833 1353 Joh.
843 1302 886 1337 xx„
901 1300 939 1350 19,
949 1301 989 1345 21,
1000 1287 1051 1350 2⁶).

110 1411 222 1486 Porro,
244 1412 332 1493 apud
351 1411 466 1474 Mosen
482 1435 495 1474 .·

162 1525 330 1574 “Benedicat
348 1525 394 1573 tibi
404 1524 535 1588 Jehovah,
549 1533 576 1574 et
593 1525 725 1574 custodiat
743 1533 786 1579 te:
807 1524 894 1573 lucere
912 1523 992 1572 iaciat
1004 1523 1128 1587 Jehovah
1146 1524 1214 1572 facie

239 1605 302 1639 suas
320 1605 400 1651 super
417 1600 451 1647 te,
472 1600 498 1638 et
516 1589 745 1666 misereaturtui:
767 1600 793 1638 et
811 1589 1051 1701 attollatgehovah
1064 1589 1148 1638 iacies
1165 1604 1214 1638 suo

239 1670 319 1716 super
331 1664 365 1712 te,
380 1664 406 1702 et
419 1664 502 1716 ponat
515 1657 561 1703 ttbr
575 1669 666 1716 pacem
674 1653 689 1671 ”
701 1655 795 1714 (Num.
807 1669 842 1702 tu.
855 1665 919 1713 24-2
937 1660 962 1714 l:

110 1796 269 1862 Divinum
289 1797 428 1871 Verum,
448 1818 492 1859 ex
516 1818 583 1878 quo
606 1797 715 1859 omnis
738 1795 966 1876 intelligentia
989 1805 1024 1857 et
1048 1796 1214 1877 sapientia

110 1911 185 1954 curn
215 1913 282 1973 quo
312 1891 416 1952 influit
442 1891 616 1961 Dominus,
647 1890 847 1970 intelligitur
877 1909 936 1970 per
960 1888 1103 1952 “lucere
1127 1891 1214 1952 sacia⁴

109 1985 259 2068 Jehovah
276 1986 377 2047 iacies
390 2006 465 2046 suas
478 2006 576 2066 super
590 1996 624 2047 te
637 1984 662 2061 ;’'
681 1995 715 2047 et
733 2004 791 2066 per
807 1985 839 2045 id
857 1983 965 2045 tutela
981 2005 1001 2045 a
1018 1984 1109 2046 falsis
1127 1986 1214 2048 intel<

110 2079 223 2163 ligitur
246 2100 305 2161 per
325 2080 549 2141 “misereatur
568 2078 616 2140 tui
629 2078 654 2153 ;”
677 2098 716 2140 ac
742 2077 900 2139 Divinum
926 2077 1068 2150 Bonum,
1089 2100 1135 2140 ex
1159 2100 1214 2161 qu<

109 2175 219 2238 omnis
242 2194 335 2235 amor
354 2183 388 2234 et
409 2173 566 2244 charitas,
587 2191 662 2234 curn
685 2192 753 2253 quo
776 2171 882 2232 influit
903 2170 1078 2245 Dominus,
1100 2172 1214 2236 intelli·

109 2269 200 2351 gitur
223 2289 281 2349 pet
306 2266 472 2329 “attollat
490 2266 642 2346 Jehovah
662 2267 762 2328 iacies
785 2285 861 2326 suas
884 2285 984 2345 super
1007 2276 1042 2327 te
1055 2266 1081 2341 ;”
1112 2278 1147 2329 et
1171 2288 1214 2348 pe:

110 2362 143 2425 id
160 2362 268 2425 tutela
285 2383 304 2423 a
322 2361 429 2432 malis
447 2381 485 2423 ac
503 2359 580 2422 inde
597 2359 728 2422 caelum
745 2371 779 2421 et
796 2359 937 2421 felicitas
953 2370 1106 2433 aeterna,
1125 2360 1214 2424 intel·

110 2455 224 2538 ligitur
247 2476 305 2537 per
329 2462 463 2537 “ponat
487 2455 548 2517 tibi
575 2474 693 2535 pacem
707 2453 732 2529 ;”
760 2473 836 2515 nam
861 2473 935 2515 cum
964 2453 1053 2515 rnala
1081 2464 1118 2516 et
1145 2454 1214 2517 salsa

111 2562 241 2614 remota
258 2560 346 2621 sunt,
361 2560 395 2612 et
410 2569 476 2611 non
493 2549 636 2630 amplius
652 2549 824 2620 infestant,
839 2558 918 2610 tunc
937 2547 1043 2609 influit
1058 2548 1214 2610 Dominus

110 2664 187 2707 cum
216 2664 310 2726 pace,
335 2645 367 2705 in
398 2665 462 2725 qua
494 2653 528 2705 et
561 2664 605 2704 ex
636 2663 701 2724 qua
730 2653 782 2704 est
814 2641 956 2715 caelum,
981 2662 1019 2704 ac
1041 2641 1214 2722 jucundun

93 2807 94 2810 ,
110 2739 320 2802 beatitudine
339 2739 482 2819 implens
499 2739 657 2800 interiora
674 2738 807 2808 mentis,
826 2737 872 2798 ita
888 2737 1047 2816 gaudium
1065 2737 1212 2800 caeleste

110 2843 191 2900 (Haec
201 2843 789 2899 benedietioetiamexplicatavideatursupm,n.
803 2840 921 2903 340[d].)
952 2823 1071 2887 Slmlle
1095 2826 1214 2906 Slgnlfi·

35 2941 36 2944 ¹
109 2920 205 2972 catur
224 2929 282 2990 pet
302 2917 320 2940 ‘⁴
331 2929 448 2990 pacem
459 2909 473 2930 ”
492 2910 579 2988 apud
598 2908 772 2979 Davidem,

255 3051 400 3115 “Jehovah
412 3051 551 3099 benedicet
564 3049 662 3112 populo
675 3064 724 3098 suo
737 3050 764 3098 in
778 3064 841 3111 pace
849 3048 863 3069 '⁹
875 3048 931 3111 (Ps.
942 3049 1014 3098 xxix.
1029 3049 1086 3112 11);

109 3174 145 3227 et
163 3165 252 3245 apud
272 3165 427 3236 eundem,

161 3277 252 3341 “Quis
265 3278 390 3325 ostendet
408 3277 485 3325 nobis
500 3277 618 3325 bonurn?
651 3276 751 3324 Attolle
763 3290 843 3338 super
855 3290 905 3323 nos
923 3275 1008 3324 lucem
1022 3275 1151 3325 iacierum
1170 3287 1214 3326 tua

239 3357 306 3398 rum,
315 3342 453 3406 Jehovah,
467 3343 515 3389 das
523 3342 648 3402 gaudium
659 3342 685 3388 in
696 3342 776 3389 corde
795 3356 856 3391 tneo
871 3358 934 3407 prae
948 3354 1072 3405 tempore
1088 3337 1164 3406 [quo]
1174 3342 1214 3391 iru

240 3418 358 3455 mentum
373 3418 398 3455 et
417 3417 533 3455 mustum
551 3421 643 3455 eorum
657 3407 880 3467 multiplicantur;
899 3405 925 3452 in
939 3420 1003 3467 pace
1016 3407 1096 3454 simul
1114 3410 1183 3455 cubo
1200 3422 1213 3455 e

238 3473 351 3528 dormio,
367 3487 428 3520 nam
441 3472 491 3529 Tu,
503 3471 635 3600 Jehovah,
650 3473 723 3519 solus
736 3485 857 3519 securum
871 3486 914 3518 me
932 3471 1051 3519 habitare
1068 3471 1134 3520 iacis
1143 3471 1157 3490 ”
1169 3472 1214 3532 (Ps

240 3534 539 3601 wmfflfflwk

109 3669 162 3732 hic
179 3669 377 3731 describitur
394 3690 461 3750 pax
481 3689 566 3750 quae
584 3667 648 3730 illis
667 3669 722 3749 qui
741 3678 818 3730 sunt
838 3669 871 3729 in
892 3666 1128 3747 conjunctione
1149 3690 1214 3732 curr

110 3762 257 3826 Domino
287 3783 346 3843 per
369 3764 598 3843 receptionem
627 3761 738 3824 Divini
768 3762 852 3824 Boni
880 3774 914 3824 et
942 3762 1052 3824 Divini
1079 3763 1159 3827 Veri
1184 3766 1214 3827 al

110 3856 199 3937 Ipso,
218 3866 254 3918 et
273 3856 362 3936 quod
385 3876 452 3936 pax
473 3858 516 3918 sit
540 3858 571 3917 in
592 3866 709 3937 quaet
729 3877 774 3919 ex
793 3877 858 3936 qua
877 3857 1034 3936 gaudium
1055 3858 1205 3922 caeleste

110 3950 267 4012 Divinum
301 3950 431 4011 Bonum
466 3950 665 4030 intelligitur
697 3970 755 4031 per
786 3949 898 4030 “Quis
932 3950 1093 4012 ostendet
1129 3954 1214 4014 nobis

109 4043 233 4105 bonurn
245 4043 274 4104 ?'’
290 4053 324 4105 et
343 4043 499 4105 Divinum
517 4043 656 4116 Verum,
674 4040 903 4124 per“Attolle
921 4062 1096 4122 supernos
1113 4044 1214 4106 lucen

108 4136 265 4199 facierum
285 4147 416 4198 tuarum
430 4136 455 4212 ;”
480 4137 567 4199 “lux
584 4138 739 4200 facierum
749 4137 764 4160 ’'
784 4138 917 4199 Domini
946 4147 999 4198 est
1021 4136 1145 4200 Divina
1165 4137 1214 4200 iun

110 4232 297 4312 procedens
320 4252 363 4292 ex
385 4230 463 4311 Ipso
482 4242 517 4294 ut
538 4231 617 4294 Sole
640 4232 788 4294 incaelo
811 4230 977 4311 angelico,
998 4252 1084 4312 quae
1108 4233 1142 4294 in
1166 4254 1214 4296 su:

107 4322 259 4383 essentia
275 4332 328 4384 est
345 4322 505 4384 Divinum
522 4322 649 4385 Verum
663 4340 700 4396 (ut
709 4348 830 4383 ostensum
841 4339 949 4382 videatur
959 4338 983 4381 tn
994 4351 1068 4395 opere
1080 4340 1117 4384 ne
1128 4341 1214 4385 eaeor

109 4427 363 4486 [asmunmouot
376 4432 383 4488 ;
403 4413 566 4492 gaudium
577 4412 728 4474 caeleste
740 4413 829 4486 inde,
842 4411 1048 4491 intelligitur
1059 4433 1119 4493 per
1131 4420 1151 4446 ‘⁴
1162 4415 1214 4475 dat
