2684 4988
290 512 374 564 car.
391 511 466 574 vn,
483 511 588 563 vars.
609 497 870 581 1.-u.419[j].
1060 513 1142 581 ¹0²9

108 681 121 705 '¹
150 681 320 745 liberatio
344 681 389 744 ab
411 681 476 743 illis
499 679 709 761 significatur
732 700 790 763 per
813 679 903 762 quod
929 680 1140 744 “subsistere

108 776 130 837 it
154 775 352 857 procellam
376 786 413 837 ut
437 775 577 838 silerent
601 771 750 838 fluetus.”
794 772 910 837 Simile
933 773 1141 856 significatur

106 889 173 931 iaec
193 870 291 950 apud
310 869 477 943 Marcum,

106 1017 187 1067 fiebat
200 1019 284 1066 turbo
297 1019 373 1066 venti
388 1033 511 1079 magnus,
526 1028 554 1068 et
571 1016 668 1067 nunus
687 1019 821 1067 irruerunt
838 1019 866 1066 in
880 1019 980 1073 navim,
995 1018 1033 1066 ita
1049 1029 1078 1066 ut
1097 1019 1143 1067 illa

147 1084 201 1146 jam
217 1084 393 1145 impleretur:
412 1097 472 1132 curn
485 1083 572 1132 vero''
584 1082 664 1147 Jesus
678 1087 776 1132 “esset
789 1083 817 1132 in
831 1085 913 1145 puppi
925 1097 1006 1145 super
1017 1084 1142 1132 cervicali

147 1149 289 1197 dormiens
300 1164 306 1203 ;
321 1148 595 1210 etexpergelecerunt
606 1148 706 1210 ipsum,
715 1149 842 1196 etdicunt
853 1147 931 1209 Ipsi..
941 1149 1054 1196 ‚Annon
1062 1162 1141 1198 curae

149 1213 209 1262 Tibi
227 1225 272 1263 est
290 1214 363 1276 quod
381 1216 540 1275 pereamus?
580 1213 613 1262 Et
630 1211 837 1276 expergcladlus
854 1214 1002 1275 increpavit
1020 1223 1139 1264 ventum.

149 1288 175 1327 et
186 1279 256 1327 dixit
269 1279 348 1336 mari,
361 1278 425 1336 Sile,
435 1280 591 1327 obtumesce
601 1294 607 1335 ;
624 1288 652 1327 ct
663 1279 765 1342 quievit
778 1289 882 1337 ventus,
894 1287 921 1327 et
932 1276 1006 1327 ladla
1017 1288 1059 1327 est
1070 1289 1141 1327 tran-

149 1345 268 1408 quillitas
281 1343 405 1406 magna”
417 1344 462 1404 (iv.
473 1341 606 1405 ί’Ῑ37·39);

105 1475 163 1554 pud
181 1473 317 1548 Lucam,

105 1598 164 1648 Cum
183 1599 355 1660 navigarent,
375 1599 541 1648 obdormivit
548 1598 562 1616 ’'
580 1597 676 1662 Jesus;
703 1602 789 1648 “curn
811 1599 911 1648 invasit
932 1599 1051 1661 procella
1068 1600 1141 1649 venti

152 1665 248 1721 lacum,
266 1664 304 1712 ita
318 1675 347 1712 ut
365 1660 626 1727 e01¹1implerenrur,
643 1674 670 1714 et
687 1665 918 1727 periclitarentur;
939 1675 966 1714 et
983 1666 1142 1714 accedentes

149 1729 391 1791 expergelecerunt
404 1728 506 1791 Ipsum,
515 1729 644 1786 dicentes,
657 1728 798 1791 Magister,
810 1729 949 1792 Magister,
961 1731 1095 1792 perimus:
1114 1740 1142 1778 et

153 1794 214 1856 lpse
225 1791 433 1856 expergefactus
446 1795 595 1856 increpavit
607 1805 718 1843 ventum
730 1805 758 1843 et
769 1793 878 1844 {ludium
892 1796 982 1853 maris,
997 1796 1043 1859 qul
1055 1810 1142 1844 cessa-

152 1870 221 1917 ruur,
236 1870 263 1908 et
276 1857 348 1908 latia
360 1869 401 1908 est
413 1860 528 1908 malacia
536 1859 550 1877 ’⁹
562 1860 626 1918 (viii.
638 1872 678 1920 23,
689 1861 744 1919 24):

115 2002 308 2065 miraculum
334 2003 470 2064 Domini
497 1997 651 2066 similiter
674 2003 817 2066 involvit
843 2023 968 2065 arcana
994 2003 1079 2066 caeli
1106 2013 1141 2066 et

104 2098 181 2159 riora
200 2096 367 2160 ecclesiae
390 2106 490 2178 prout
513 2098 627 2159 omnia
648 2097 786 2178 reliqua.
831 2097 995 2161 Miracula
1019 2097 1142 2159 Divina

105 2190 230 2253 iraculis
250 2211 319 2252 non
340 2190 469 2252 Divinis
489 2190 645 2254 differunt
665 2192 697 2252 in
718 2211 770 2262 eo,
791 2191 881 2272 quod
900 2191 1061 2254 miracula
1081 2191 1141 2254 Di·

104 2304 251 2366 .quoque
272 2283 464 2364 significent
489 2283 622 2358 Divina,
642 2285 720 2366 quia
744 2284 902 2347 Divinum
926 2294 978 2347 est
1001 2285 1034 2346 in
1055 2284 1141 2361 illis;

104 2378 240 2441 niracula
259 2398 328 2441 non
350 2378 471 2440 Divina
491 2377 572 2440 nihil
595 2377 799 2460 significent,
820 2380 897 2461 quia
915 2379 1005 2441 intus
1025 2379 1057 2440 in
1077 2379 1141 2441 illis

104 2471 240 2535 lDivini
259 2483 335 2549 est;
359 2492 397 2534 ac
415 2474 591 2554 praeterea
610 2475 643 2535 in
660 2472 888 2555 descriptione
905 2474 1142 2536 miraculorum

104 2567 221 2629 inorum
235 2568 269 2628 in
280 2566 408 2641 Verbo,
420 2577 455 2628 et
469 2567 501 2628 in
514 2566 655 2647 singulis
668 2566 748 2647 ejus,
760 2579 812 2630 est
824 2588 941 2630 sensus
952 2569 1141 2650 spiritualis.

104 2659 329 2723 :miraculum
357 2660 499 2723 involvit
527 2661 740 2723 tentationes
767 2660 976 2743 spirituales:
1011 2663 1143 2724 “turbo

103 2754 120 2816 ti
137 2775 292 2836 magnus,
313 2765 349 2818 ut
368 2751 486 2817 fluctus
505 2755 668 2817 irruerent
689 2756 722 2817 in
742 2757 865 2829 navim,
887 2766 923 2818 ut
945 2755 1003 2817 illa
1022 2756 1141 2837 imple·

104 2849 145 2922 r,”
162 2848 334 2931 significat
353 2849 449 2926 illas;
473 2860 508 2913 et
528 2850 618 2931 quod
642 2870 718 2912 curn
742 2850 789 2913 illi
813 2852 844 2912 in
869 2871 1001 2912 summo
1021 2853 1142 2914 timore

107 2956 140 3008 nt
154 2945 278 3026 “Jesus
291 2941 551 3025 expergefactus
567 2946 790 3026 increpaverit
804 2956 955 3020 ventum,
970 2957 1004 3008 et
1017 2946 1141 3009 dixerit

104 3039 122 3111 i,
140 3038 218 3111 Sile,
238 3038 448 3112 obmutesce,
468 3049 504 3102 et
522 3039 649 3121 quievit
669 3049 790 3102 ventus
810 3049 845 3102 et
868 3037 956 3102 sadla
975 3049 1028 3102 est
1048 3049 1142 3102 tran·

103 3131 172 3196 litas
191 3131 348 3213 magna,”
367 3131 535 3212 significat
559 3132 795 3195 liberationem
818 3133 862 3195 ab
882 3133 957 3196 illis.
1002 3131 1143 3214 Singula

103 3246 132 3290 m
152 3228 256 3291 verba
282 3227 326 3288 ibi
354 3246 489 3289 sensum
513 3227 722 3308 spiritualem
747 3228 937 3302 continent,
962 3228 1021 3290 sed
1048 3227 1142 3290 illum

103 3320 222 3396 ¹illatim
234 3320 392 3383 evolvere
403 3340 470 3382 non
483 3319 580 3401 hujus
592 3320 676 3382 locis
686 3330 738 3383 est
752 3342 759 3397 ;
777 3321 880 3383 modo
890 3322 979 3404 quod
992 3327 1011 3352 “
1021 3321 1121 3384 turbo
1128 3320 1144 3347 ’'

103 3415 260 3497 'procella
279 3413 396 3476 venti''
415 3412 583 3496 significet
603 3416 825 3487 tentationes,
843 3417 920 3498 quia
939 3426 1017 3478 sunt
1037 3417 1142 3497 irrup-

103 3529 138 3571 ies
149 3509 309 3572 salsorum
319 3529 377 3570 seu
388 3509 627 3571 inundationes
639 3511 763 3571 mentis
775 3530 794 3571 a
807 3508 898 3571 salsis
911 3531 918 3586 ;
938 3509 1143 3592 quodetiam

102 3613 126 3665 et
139 3625 182 3667 ex
200 3604 432 3685 increpatione
449 3604 543 3666 venti
560 3613 595 3666 et
612 3600 768 3665 fluctuum
789 3613 823 3666 et
842 3625 862 3666 a
879 3605 989 3666 verbis
1006 3603 1143 3666 Domini

102 3716 194 3770 mare,
217 3704 237 3730 “
250 3697 329 3771 Sile,
350 3696 579 3771 obmutesce,”
598 3698 684 3760 sicut
704 3698 848 3760 dixisset
867 3700 910 3760 ad
934 3698 1001 3771 illa,
1022 3720 1081 3761 seu
1100 3701 1144 3761 ad

102 3795 186 3876 iqui
216 3794 380 3856 inducunt
412 3793 631 3855 tentationes.
692 3792 869 3855 Praeterea
899 3793 992 3855 venti
1023 3795 1077 3876 qui
1110 3795 1143 3856 in

102 3886 153 3951 ido
175 3886 340 3970 spirituali
364 3887 529 3960 existunt,
550 3907 594 3948 ex
615 3886 754 3949 diversis
778 3886 888 3968 plagis
910 3888 954 3950 ibi
978 3900 1144 3969 apparent

102 3999 230 4063 urgere;
255 3981 391 4063 quidam
408 4002 452 4044 ex
469 3980 608 4043 meridie
632 3981 768 4062 quidam
785 4001 829 4042 ex
846 3983 1090 4063 septentrione,
1108 3993 1144 4046 ct

102 4072 161 4138 lam
174 4097 219 4139 ex
233 4076 364 4138 oriente
377 4096 384 4152 ;
403 4074 451 4136 illi
464 4076 518 4156 qui
531 4095 575 4137 ex
589 4074 726 4157 meridie
750 4074 949 4156 dispergunt
963 4097 1042 4138 vera
1054 4077 1143 4159 apud

102 4172 176 4252 squi
199 4171 233 4232 in
256 4169 348 4232 salsis
370 4179 461 4243 sunt,
481 4179 515 4231 et
535 4170 590 4250 qui
614 4189 658 4230 ex
682 4170 811 4231 oriente
830 4169 1029 4250 dispergunt
1054 4171 1144 4232 bona

102 4261 122 4322 :d
134 4264 206 4327 illos
219 4265 275 4346 qui
292 4264 324 4325 in
342 4263 439 4325 malis
456 4273 554 4326 sunt:
579 4263 669 4345 quod
683 4263 775 4325 venti
793 4262 991 4345 dispergant
1008 4263 1076 4337 illa,
1091 4274 1143 4327 est

101 4361 276 4421 texistunt
295 4379 340 4420 ex
360 4359 492 4439 potenti
512 4367 547 4420 et
567 4357 643 4419 lorti
666 4357 794 4419 influxu
814 4357 927 4420 Divini
952 4379 1009 4439 per
1029 4359 1144 4420 caelos

101 4447 247 4527 iuferiora,
270 4471 311 4514 ac
336 4452 390 4514 ubi
416 4451 534 4526 influit,
559 4450 678 4533 implet
701 4471 780 4514 vera
803 4462 839 4515 et
864 4452 964 4524 bona,
989 4450 1053 4513 hoc
1077 4460 1141 4524 est,
