2684 4988
346 480 430 535 cae.
448 478 507 543 vn,
522 479 624 532 vens.
644 480 772 549 15.-u.
787 466 922 553 409idl·
1110 485 1172 555 991

104 670 174 715 unes
187 651 272 714 enim
289 650 349 732 qui
366 648 431 712 sibi
445 657 480 712 et
495 649 621 712 mundo
636 649 806 724 vixerunt,
822 659 858 714 et
874 664 953 725 non,
969 653 1056 715 sicut
1072 671 1173 733 opor?

104 756 127 820 et,
142 745 210 808 Deo
226 755 262 807 et
280 742 393 817 caelo,
412 744 445 805 in
464 742 570 807 altera
588 745 660 807 vita
679 743 863 808 Dominum
881 746 960 811 odio
979 746 1118 821 habent,
1137 755 1176 812 et

104 861 136 903 os
146 841 197 921 qui
213 839 324 920 Ipsius
340 848 421 901 sunt
437 848 691 920 persequuntur,
704 837 980 922 qualitercunque
996 841 1028 902 in
1046 843 1174 905 mundo

104 935 158 997 ruti
184 944 262 997 sunt
290 933 334 996 de
362 931 459 995 caelo
485 941 520 996 et
547 951 679 1014 quoque
706 933 749 994 de
781 931 949 997 Domino:
981 955 1026 997 ex
1054 934 1173 1016 quibus

106 1038 208 1091 nstare
224 1036 340 1108 potest
353 1027 444 1109 quod
461 1026 666 1106 impossibile
682 1026 726 1088 sit
738 1026 869 1088 duobus
880 1027 1024 1091 dominis
1037 1019 1185 1093 servires

104 1120 155 1183 rod
170 1120 227 1183 illa
241 1121 381 1183 Domini
397 1120 500 1183 verba
514 1119 731 1200 spiritualiter
743 1119 967 1200 intelligenda
982 1122 1060 1193 sint,
1075 1126 1171 1202 patet

127 1214 229 1294 Ipsius
257 1214 396 1277 Domini
420 1214 542 1286 verbis,
565 1232 643 1275 nam
671 1213 763 1285 dicit,
789 1213 897 1277 “Non
924 1217 1068 1296 potestis
1096 1216 1172 1280 Deo

104 1309 175 1370 rvire
193 1319 229 1371 et
247 1307 492 1371 mammonae.”
536 1306 640 1388 Apud
658 1305 879 1381 Manlium,

111 1454 190 1504 “lion
202 1464 244 1504 est
261 1455 407 1516 ‹fiscipulus'
424 1469 506 1518 supra
522 1455 689 1517 magistrum,
704 1469 790 1519 neque
808 1458 902 1504 serv'us
919 1470 1000 1518 supra
1014 1458 1170 1519 dominuui3

181 1520 506 1648 ἑιιιιῗεεῗὲιὶξῖἱάξὶὲιὸοζ
512 1529 542 1570 ut
551 1521 587 1569 sir
594 1520 662 1569 sicut
670 1520 799 1582 magister
805 1534 879 1578 suun,
888 1528 915 1570 et
922 1535 1002 1571 servo
1008 1523 1076 1572 sicut
1084 1524 1169 1572 domi-

105 1733 201 1796 rlioc
231 1733 264 1797 in
294 1732 472 1797 universali
499 1752 599 1796 sensu
625 1730 826 1814 intelligitur
852 1732 941 1814 quod
970 1731 1074 1797 ltomo
1101 1754 1169 1798 non

104 1829 280 1910 quiperabit
307 1848 342 1889 se
371 1827 529 1901 Domino,
553 1837 588 1890 et
611 1827 702 1908 quod
730 1826 873 1889 sufficiat
896 1829 926 1890 ei
949 1828 1040 1909 quod
1067 1848 1169 1892 omne

104 1938 147 1983 um
161 1922 204 1984 ab
219 1921 301 2002 Ipso
316 1920 459 1998 habeat;
483 1932 517 1983 et
533 1931 613 1984 tunc
630 1931 682 1983 est
695 1919 876 2001 discipulus
892 1920 977 1983 sicut
994 1923 1168 2003 magister,

112 2035 220 2078 servus
238 2017 325 2079 sicut
345 2015 522 2089 Dominus,
538 2035 617 2079 nam
636 2025 716 2078 tunc
735 2026 789 2078 est
807 2014 971 2079 Dominus
991 2017 1023 2078 in
1042 2016 1112 2088 illo,
1129 2037 1168 2087 ae

104 2111 233 2173 :iteum
260 2110 348 2173 velle
376 2110 501 2173 bonum
529 2119 564 2172 et
592 2109 743 2191 cogitare
771 2129 908 2186 verum;
936 2109 1169 2191 “discipulus'f

104 2205 171 2269 itur
188 2225 234 2267 ex
253 2205 354 2278 bono,
370 2214 406 2267 et
423 2210 442 2236 ‘¹
452 2223 567 2267 servus
576 2201 591 2227 ”
609 2223 654 2266 ex
674 2223 765 2266 vero.
810 2200 924 2267 Simile
944 2215 996 2267 est
1015 2205 1047 2266 in
1067 2210 1168 2269 sensu

104 2297 221 2379 igulari‚
239 2317 360 2378 nempe
376 2297 465 2379 apud
481 2316 750 2380 unumquemque
767 2296 948 2372 hominem,
966 2298 1020 2380 qui
1037 2296 1169 2361 ducitur

108 2388 265 2475 Domino:
296 2404 460 2455 externus
487 2412 546 2456 seu
568 2391 730 2454 naturalis
757 2391 860 2454 homo
883 2393 971 2473 apud
998 2392 1092 2455 illum
1115 2405 1167 2456 est

104 2484 284 2568 liscipulus”
306 2498 342 2551 et
367 2485 539 2562 “servus''
561 2505 600 2548 ac
624 2486 775 2549 internus
798 2494 833 2548 et
860 2485 1039 2566 spiritualis
1066 2487 1168 2550 homo

104 2585 143 2641 t⁶⁴
151 2583 313 2663 magister
321 2581 336 2606 ”
351 2591 387 2645 et
407 2580 591 2643 “dominus
603 2578 628 2658 ;”
651 2579 787 2661 quando
805 2588 968 2642 externus
991 2601 1049 2641 seu
1068 2591 1167 2642 natu-

104 2671 134 2737 lis
159 2676 260 2740 homo
290 2677 428 2739 inservit
458 2676 592 2738 interno
621 2694 680 2738 seu
709 2673 882 2755 spirituali.
912 2674 1103 2736 obediendo
1132 2686 1168 2738 et

104 2764 239 2845 luendo,
266 2781 347 2834 tunc
375 2780 428 2832 est
454 2771 482 2833 is
509 2770 611 2832 etiam
636 2773 655 2800 ‘⁴
666 2769 753 2831 sicut
779 2768 967 2848 magister”
990 2779 1024 2832 et
1049 2771 1167 2832 “sicut

104 2865 234 2945 iuiinusl’
252 2884 354 2927 unum
373 2866 463 2926 enim
481 2873 599 2945 agunt,
619 2864 705 2926 sicut
725 2863 845 2926 dicitur
864 2863 906 2925 de
925 2883 1025 2926 causa
1045 2865 1167 2951 princi·

104 2955 169 3023 liet
184 2958 433 3022 instrumentali
449 2958 539 3039 quod
555 2977 655 3020 unam
672 2976 807 3019 causam
824 2966 939 3037 agant.
984 2955 1168 3037 Singularis

104 3068 240 3115 csensus
258 3053 418 3115 coincidit
439 3054 472 3113 in
491 3073 532 3113 eo
551 3071 627 3113 cum
647 3051 836 3140 universali,
855 3050 957 3133 quod,
977 3071 1052 3113 cum
1072 3042 1167 3131 spiri-

104 3143 154 3207 alis
171 3157 206 3210 et
229 3146 392 3209 naturalis
415 3147 517 3208 homo
537 3165 638 3208 unum
657 3156 775 3225 agunt,
796 3155 876 3207 tunc
901 3144 978 3225 Ipse
1002 3134 1166 3207 Dominus

104 3242 154 3316 pt3
175 3261 251 3304 nam
271 3240 451 3322 spiritualis
469 3241 572 3303 homo
591 3238 673 3302 nihil
692 3258 736 3301 ex
755 3258 792 3300 se
811 3241 893 3322 agit,
909 3239 968 3301 sed
986 3239 1076 3320 quod
1096 3243 1167 3320 agit

104 3332 151 3396 tice
173 3346 254 3416 agat
281 3357 325 3397 ex
354 3335 521 3397 Domino:
550 3344 713 3416 quantum
741 3335 829 3396 enim
857 3332 1037 3414 spiritualis
1065 3333 1167 3396 homo

104 3436 187 3490 ltrtus
204 3440 258 3492 est
277 3424 346 3510 (hic
362 3430 452 3492 enim
468 3429 615 3509 aperitur
633 3428 665 3489 in
684 3426 843 3508 caelum),
860 3436 994 3490 tantum
1010 3446 1078 3490 non
1095 3429 1169 3507 agit

104 3526 159 3584 ise
178 3523 236 3586 sed
260 3544 279 3586 a
303 3523 473 3599 Domino;
496 3523 549 3584 hic
573 3521 753 3601 spiritualis
776 3522 879 3584 homo
901 3532 954 3583 est
976 3522 1010 3583 in
1033 3523 1167 3602 proprio

104 3627 155 3679 nar
170 3617 354 3700 spiritualis
369 3617 482 3681 homo.
527 3614 631 3697 Apud
649 3615 853 3690 Johammn,
949 3600 962 3631 ³

117 3757 460 3851 '‘Cognoscetisveritatem,
469 3759 568 3833 veritas
576 3759 736 3836 vosliberos
742 3758 819 3809 lacit:
836 3755 1031 3835 reaponderunt
1039 3757 1163 3823 ''Judaei

180 3822 1067 3955 „iiiimxiii‘tltimtssiiitlllllttti
1078 3838 1190 3940 rili:-

178 3973 256 4008 amen
268 3959 330 4008 dico
343 3959 428 4016 vobis.»
442 3957 513 4019 quod
525 3956 614 4004 omnis
626 3956 728 4004 iaciens
741 3964 877 4018 peccatum
891 3965 931 4002 est
943 3970 1036 4003 servus
1051 3948 1166 4018 peecati;

179 4030 272 4074 servus
281 4038 336 4073 non
346 4033 438 4071 manet
445 4023 471 4072 in
480 4008 562 4070 domo
569 4021 596 4068 ln
606 4030 769 4083 perpetuum.
779 4019 848 4067 filius
857 4027 947 4068 manet
957 4020 983 4067 in
993 4020 1166 4083 perpetuum:

178 4092 200 4140 tl
212 4102 278 4153 ergo
291 4089 375 4138 Filius
387 4102 437 4136 voa
451 4084 550 4137 liberos
562 4086 633 4145 tacit,
647 4100 709 4135 vere
723 4086 799 4134 liberi
810 4084 905 4162 eritiof'
916 4086 981 4146 iulii.
994 4086 1101 4146 32—36):'

104 4231 211 4298 rhaec
235 4231 438 4312 intelligitur
460 4226 550 4311 quod
578 4228 717 4292 liberum
741 4227 782 4290 sit
806 4227 882 4291 duci
905 4248 924 4291 a
948 4224 1106 4302 Domino,
1130 4240 1165 4292 et

104 4326 141 4389 rod
164 4348 295 4392 servum
320 4328 364 4389 sit
389 4326 463 4395 duci
490 4320 534 4388 ab
560 4322 708 4386 inferno:
737 4343 796 4404 per
820 4321 1057 4395 “veritatem’'
1080 4343 1165 4404 quae

104 4441 187 4487 erum
203 4425 294 4500 iacit,
312 4419 512 4501 intelligitur
529 4419 687 4481 Divinum
703 4412 831 4481 Verum
849 4417 938 4499 q'uod
957 4437 977 4478 a
997 4416 1163 4494 Domino;
