2684 4988
363 483 457 534 car.
477 478 781 552 vr.‚v1cns.4-rt.
800 452 870 553 366.
1134 466 1137 471 ’
1147 484 1211 554 7²9

125 652 289 719 falsificentur
307 655 430 718 etiam
447 656 730 738 exstinguuntur;
755 676 814 738 per
832 653 1102 718 falsificationem
1119 652 1208 718 enim

126 747 150 811 it
159 749 215 812 alius
225 746 439 812 intelled'tus
453 768 578 826 eorum,
592 769 630 812 ac
644 769 760 813 verum
776 748 829 814 est
843 769 958 812 verum
971 749 1074 812 cuivis
1088 769 1207 812 secun-

128 843 177 905 dun
194 840 409 906 intellectum
436 843 480 906 de
507 864 568 921 eo;
597 863 692 909 amor
719 845 808 908 enim
836 853 881 907 et·
899 844 1099 925 principium
1122 864 1208 925 quae

128 947 225 1016 regnant
239 937 274 1001 in
292 936 456 1011 homine,
474 937 614 1001 trahunt
631 939 744 1000 omnia
762 939 806 1001 ad
825 958 872 1010 se,
890 949 925 1000 et
941 937 1115 1020 applicant
1133 938 1205 1008 sibi,

129 1031 195 1093 ctiam
206 1033 270 1113 ipsa
282 1053 370 1095 vera
384 1054 393 1109 ;
417 1052 521 1113 quare
537 1052 613 1095 cum
629 1051 725 1095 amor
739 1031 846 1095 malus
863 1042 915 1095 est
932 1043 991 1095 aut
1009 1033 1206 1114 principium

129 1123 216 1199 salsum,
230 1136 312 1190 tunc
337 1148 422 1190 vera
446 1125 649 1191 insediantur
672 1127 764 1190 malo
787 1128 910 1190 amoris
934 1137 992 1189 aut
1011 1126 1097 1189 salso
1116 1128 1205 1208 prin·

129 1219 185 1298 tipii,
199 1229 228 1283 et
243 1223 291 1284 sic
310 1224 601 1303 exstinguuntur:
628 1222 693 1284 hoc
713 1223 827 1304 itaque
847 1231 899 1283 est
919 1218 1008 1302 quod
1028 1220 1082 1282 hic
1101 1222 1205 1300 signi·

128 1308 209 1375 icatur
216 1335 270 1396 per
280 1316 374 1398 quod
387 1321 407 1348 ⁴⁴
416 1315 473 1378 atii
485 1315 571 1379 alios
583 1315 770 1380 occident.”
808 1314 909 1397 Quod
923 1315 987 1378 hoc
1001 1313 1059 1379 fiat
1070 1315 1206 1396 quando

128 1403 216 1469 bouum
227 1428 291 1471 non
304 1419 359 1472 est
372 1409 464 1491 apud
480 1408 665 1484 hominem,
678 1419 715 1472 et
728 1411 836 1490 magis
849 1408 986 1490 quando
999 1407 1125 1470 bonum
1138 1427 1205 1470 non

128 1509 161 1560 est
177 1502 202 1561 in
218 1500 369 1565 doctrina
393 1502 558 1566 ecclesiae
581 1503 662 1584 ejus,
683 1514 820 1566 constat
844 1523 888 1564 ex
913 1502 1204 1584 praecedentibus,

128 1591 272 1658 ubidicitur
284 1602 303 1628 ⁴‘
314 1595 400 1660 Cum
413 1598 602 1678 aperuisset
613 1598 799 1661 secundum
811 1596 971 1678 sigillum,
983 1598 1090 1660 exivit
1102 1618 1206 1679 equus

127 1685 195 1760 rufus,
215 1701 246 1753 et
271 1691 407 1755 sedenti
434 1712 534 1773 super
561 1692 619 1757 illo
642 1693 761 1755 datum
788 1702 841 1755 est
868 1690 990 1754 tollere
1018 1700 1136 1772 pacem
1163 1692 1205 1754 de

127 1782 219 1860 terra;'’
238 1805 295 1867 per
311 1806 398 1867 quae
417 1785 626 1867 significatur
641 1787 810 1850 secundus
826 1795 938 1848 status
957 1784 1133 1858 ecclesiae,
1150 1788 1205 1866 qui

127 1884 162 1936 est
178 1879 298 1959 quando
317 1877 513 1943 intellectus
532 1879 638 1944 Verbi
656 1880 853 1962 deperditus
872 1880 916 1943 sit
936 1879 1047 1961 quoad
1067 1879 1204 1950 bonum,

127 1967 187 2028 unde
200 1969 331 2033 dissidia
349 1972 382 2033 in
398 1970 546 2034 ecclesia
562 1988 603 2045 (de
614 1988 701 2045 quibus
712 1987 820 2032 videatur
830 2001 908 2045 supra,
920 2000 943 2033 n.
957 1970 1026 2050 361.
1040 1970 1109 2049 364.
1121 1970 1204 2050 365).

127 2053 197 2134 Quod
218 2060 410 2142 intelle&us
438 2061 554 2138 Verbi,
579 2084 638 2126 seu
661 2064 751 2146 quod
778 2064 878 2136 idern,
903 2060 1097 2125 intelledtus
1124 2064 1203 2134 veri,

127 2151 280 2233 deperditus
298 2157 344 2220 sit
363 2158 501 2239 quando
518 2158 609 2239 apud
627 2157 801 2221 hominem
821 2178 888 2220 non
908 2165 960 2220 est
980 2157 1118 2230 bonum,
1139 2157 1203 2219 hoc

127 2256 170 2319 est,
187 2251 310 2330 quando
333 2271 402 2313 non
427 2263 479 2314 est
502 2271 598 2314 amor
624 2253 657 2314 in
686 2251 869 2314 Dominum
892 2262 927 2314 et
951 2251 1100 2313 charitas
1123 2271 1204 2332 erga

128 2340 291 2416 proximum,
314 2343 474 2404 videatur
497 2363 599 2424 supra
625 2360 660 2417 (n.
676 2343 810 2423 365[a]):
842 2343 968 2405 bonurn
996 2343 1086 2404 enirn
1114 2344 1203 2425 apud

127 2423 268 2505 honinem,
285 2454 344 2495 seu
361 2434 452 2516 quod
471 2435 571 2509 idem,
589 2455 685 2498 amor
703 2435 791 2517 apud
810 2434 915 2509 illum,
935 2435 1096 2516 estignis
1113 2436 1204 2499 vitae

127 2517 351 2597 tinnuerunt
365 2527 456 2609 apud
473 2527 568 2591 illum
584 2550 643 2591 seu
663 2528 745 2593 fides
759 2530 838 2602 veri,
853 2540 907 2591 est
924 2527 983 2590 lux
1000 2528 1097 2604 inde;
1122 2549 1203 2610 qua-

126 2625 227 2697 propter
243 2621 342 2703 quale
366 2630 421 2684 est
443 2621 569 2684 bonum
593 2644 653 2686 seu
671 2623 779 2706 qualis
797 2632 850 2687 est
871 2642 967 2686 amor
985 2622 1075 2704 apud
1097 2621 1203 2696 illum,

128 2706 173 2771 tale
190 2725 233 2776 est
254 2736 371 2778 verum
395 2736 455 2778 seu
477 2715 556 2779 talis
580 2727 633 2780 est
657 2716 741 2780 fides
764 2719 833 2780 veri
856 2717 946 2799 apud
971 2715 1074 2779 illurn.
1121 2717 1204 2781 Inde

127 2814 245 2873 constare
261 2820 390 2892 potest,
409 2810 435 2872 si
456 2811 582 2874 malurn
600 2822 654 2877 est
673 2812 764 2895 apud
782 2810 876 2875 illum
895 2832 954 2874 seu
973 2831 1068 2874 arnor
1084 2812 1202 2885 malus,

120 2900 187 2989 ¹quod
204 2923 266 2966 non
285 2924 403 2967 verum
426 2907 469 2967 sit
489 2906 579 2987 apud
601 2904 707 2982 illurn,
728 2927 787 2969 seu
805 2907 896 2989 quod
919 2925 987 2968 non
1010 2905 1094 2968 tides
1113 2909 1202 2983 veri;

126 2983 253 3091 duxerim
269 3019 356 3081 quae
375 3018 421 3061 ex
440 2998 499 3062 illo
518 3001 596 3082 igne
616 3002 700 3076 exit,
717 3012 770 3065 est
787 2999 895 3084 qualis
914 3008 967 3063 est
987 2999 1046 3063 lux
1067 2999 1203 3084 illisqui

126 3099 147 3143 ¹11
157 3085 263 3155 inferno
277 3102 370 3165 sunt,
388 3114 474 3174 quae
490 3104 543 3159 est
563 3094 624 3158 lux
639 3095 741 3170 fatua,
760 3097 846 3159 sicut
867 3094 926 3157 lux
941 3116 986 3157 ex
1002 3094 1203 3157 carbonibus

90 3194 93 3199 ·
125 3172 214 3259 into,
232 3207 318 3269 quae
341 3185 403 3248 lux
429 3186 589 3251 influente
613 3189 687 3252 luce
706 3209 724 3250 e
743 3189 840 3252 caelo
858 3189 1001 3252 vertitur
1024 3190 1056 3250 in
1077 3208 1202 3252 meram

125 3271 274 3358 caliginem.
321 3279 418 3343 Talis
437 3282 541 3344 etiam
559 3290 611 3346 est
632 3283 691 3346 lux
708 3303 794 3367 quae
810 3293 951 3346 vocatur
970 3282 1083 3345 lumen
1103 3292 1202 3346 natu·

124 3365 170 3431 fale
183 3376 262 3455 apud
285 3373 408 3449 malos,
428 3395 530 3457 quum
548 3377 794 3440 ratiocinantur
812 3387 932 3440 contra
952 3398 1005 3440 res
1028 3376 1201 3441 ecclesiae.

123 3453 192 3562 ,9¹¹0d
205 3469 410 3533 falsificaturi
426 3471 494 3533 sint
510 3490 600 3543 vera,
618 3479 653 3534 et
670 3490 729 3552 per
745 3471 778 3533 id
794 3469 995 3534 exstindturi
1012 3471 1080 3545 illa,
1098 3475 1202 3538 etiam

123 3559 285 3645 intelligitur
304 3584 365 3648 per
385 3563 522 3627 Domini
541 3566 643 3628 verba
661 3566 751 3648 apud
769 3565 989 3643 Matthaeum,

157 3698 218 3763 Jetus
226 3707 292 3756 dixit
300 3708 452 3769 discipulis,
467 3707 592 3757 “Tradet
601 3709 684 3758 irater
693 3709 815 3760 tratrem.
825 3747 832 3759 .
841 3747 861 3768 .‚
873 3720 950 3772 pater
959 3710 1051 3771 filiurn,
1062 3712 1204 3777 insurgent

216 3772 291 3822 liberi
303 3781 400 3822 contra
411 3782 547 3835 parentes,
561 3783 588 3823 et
600 3775 680 3824 morti
693 3774 794 3823 dabunt
806 3775 867 3824 illos
876 3774 890 3794 '⁹
901 3776 937 3837 (x.
950 3778 1006 3838 21):

123 3899 145 3951 01
157 3901 228 3980 apud
246 3900 381 3976 Lucam,

155 4018 314 4074 “Trademini
328 4040 346 4075 a
360 4024 529 4087 parentibus,
545 4033 572 4074 et
588 4024 732 4084 fratribus·
743 4035 770 4077 et
784 4027 907 4090 cognatis
921 4037 948 4077 et
961 4028 1064 4088 amicis,
1080 4039 1108 4079 et
1121 4032 1203 4080 morti

214 4090 314 4140 dabunt
325 4104 360 4139 ex
372 4087 472 4139 vobis”
483 4089 547 4151 (xxi.
561 4090 614 4152 16):

121 4237 372 4317 otr“purentes‚”
384 4236 563 4312 “fratrea'’
574 4238 756 4314 “liberos’‘
771 4238 806 4322 [⁴⁴
816 4253 983 4323 cognatos
992 4242 1022 4325 ”]
1036 4252 1072 4306 et
1087 4248 1107 4275 ‘⁴
1117 4245 1201 4306 arni·

120 4323 248 4393 cou”non
265 4331 505 4414 intelliguntur
523 4332 567 4394 ibi
586 4344 755 4415 parentes,
776 4332 907 4409 fratres
925 4335 1030 4410 liberi,
1049 4338 1200 4418 cognati,

120 4419 200 4497 amici,
211 4445 266 4490 nec
278 4448 338 4511 per
354 4424 568 4508 “discipulos
576 4426 591 4450 ”
604 4426 841 4510 intelliguntur
854 4430 1019 4512 discipuli,
1034 4431 1093 4493 sed
1111 4430 1201 4493 bona
