2684 4988
366 557 445 607 cnr.
462 558 537 619 vn,
556 557 658 607 VERS.
680 556 808 606 11.-N.
823 544 896 621 462.
1109 555 1188 621 ¹173

104 723 159 788 lus
187 725 313 808 Agnus
344 747 444 808 super
473 727 608 800 throno,
632 736 669 790 ut
695 726 798 807 Apoc.
818 745 890 808 cap.
910 745 940 786 v.
959 723 990 797 6,
1012 723 1131 786 “Ecce
1148 723 1188 784 'in

104 821 180 884 tedio
200 821 318 884 throni
342 819 466 902 Agnus
488 832 584 885 stans
597 821 623 898 ;”
648 819 712 903 [et]
730 841 803 901 cap.
819 821 872 883 vii.
894 834 940 900 17,
958 817 1111 900 “Agnus
1133 817 1188 898 qui

104 915 226 978 tmedio
239 915 357 979 throni
374 925 491 997 pascet
507 936 566 979 eos
578 915 604 978 :''
620 926 655 978 et
674 935 807 998 quoque
817 924 965 977 ¹vocatur
985 913 1076 976 solus
1096 911 1189 974 Deus

104 1025 114 1067 ι
131 1007 188 1071 hoc
210 1011 335 1089 capite,
355 1030 440 1072 vers.
464 1027 511 1083 ιι,
535 1026 582 1084 12,
607 1009 841 1074 “Ceciderunt
864 1017 944 1071 ante
964 1008 1188 1070 thronum...

104 1109 118 1164 :t
135 1103 310 1167 adorarunt
335 1104 456 1178 Deum,
476 1105 640 1178 dicentes,
655 1152 661 1165 .
676 1151 683 1166 .
698 1103 837 1165 ‚Robur
855 1102 930 1165 Deo
949 1110 1067 1164 nostro
1080 1101 1105 1178 ;”
1123 1102 1187 1164 hoc

104 1195 218 1260 imiliter
234 1198 495 1280 intelligendum
512 1208 565 1261 est
581 1208 618 1262 ut
634 1197 724 1280 quod
746 1197 911 1259 Dominus
927 1195 1018 1259 dicat
1036 1200 1055 1228 ⁴⁸
1066 1195 1189 1258 Pater”

104 1299 120 1352 et
137 1290 288 1366 “Filius’'
312 1294 400 1355 sicut
427 1302 542 1355 essent
566 1293 643 1366 du0,
668 1311 744 1354 cum
775 1301 890 1354 tamen
918 1311 978 1372 per
1001 1290 1189 1353 “Patrem’'

104 1384 237 1453 ntellexit
275 1388 436 1450 Divinum
470 1388 504 1449 in
540 1386 595 1461 Se,
626 1396 662 1450 et
694 1406 755 1468 per
785 1384 962 1449 “Filium”
993 1384 1188 1447 Humanum

104 1496 165 1549 tuum
183 1502 225 1543 ex
246 1480 306 1543 illo
327 1481 464 1565 Divino¹
482 1482 572 1563 quod
596 1481 699 1544 etiam
719 1479 896 1543 manifeste
912 1480 1025 1551 docet,
1043 1478 1189 1541 dicendo

104 1575 160 1652 {uod
181 1575 278 1638 Pater
300 1576 344 1638 sit
368 1576 401 1637 in
426 1575 505 1656 Ipso
527 1584 563 1638 et
587 1575 664 1656 Ipse
688 1575 720 1637 in
745 1574 855 1648 Patre,
879 1583 915 1636 et
938 1573 1029 1657 quod
1052 1573 1130 1654 Ipse
1153 1583 1189 1637 et

104 1662 169 1730 Pater
183 1688 282 1732 unum
300 1671 368 1732 sint
381 1691 388 1746 ;
413 1669 520 1732 simile
535 1679 588 1732 est
605 1689 681 1759 cum
698 1675 718 1701 “
728 1667 878 1732 Sedente
898 1687 997 1749 super
1012 1669 1137 1731 throno
1152 1677 1189 1731 et

104 1754 204 1838 hgllo.”
246 1777 334 1835 (Quod
349 1777 419 1822 etiam
435 1790 478 1834 per
488 1773 608 1835 ‘'Agnum
618 1776 631 1792 '¹
643 1776 789 1834 intelligatur
800 1776 914 1822 Divinum
927 1776 1070 1821 Humanum
1082 1776 1189 1828 Domini,

104 1852 139 1898 lin
146 1867 210 1902 sensu
220 1856 357 1915 respaotivo
368 1857 460 1902 bonum
471 1857 630 1911 innocentiae,
639 1857 748 1902 videatur
757 1870 838 1915 supra,
848 1869 872 1904 n.
885 1856 966 1920 314.)

525 2122 629 2160 vassus
642 2122 680 2168 ιι,
694 2122 732 2160 ra.

137 2212 224 2331 5⁶1·
252 2235 267 2256 ⁶⁴
273 2234 301 2275 fr
312 2244 389 2275 onum
400 2234 472 2284 nnooll
484 2234 575 2275 rtatim
584 2234 665 2275 olroum
676 2235 784 2281 tamum,
796 2235 821 2274 ot
829 2233 930 2275 aalma
940 2234 965 2273 ot
974 2235 1067 2283 quatuor
1076 2231 1187 2280 «utnulla,

104 2288 226 2334 tueamur
235 2305 309 2335 uorum
320 2295 398 2335 torono
407 2304 473 2342 rum
479 2293 554 2344 [nolu
562 2304 623 2340 ruas,
633 2297 657 2334 ct
666 2292 813 2336 aarum
823 2293 894 2334 Dm.
922 2291 1030 2340 Dloentu,
1041 2291 1114 2339 Aaron,
1125 2292 1190 2333 une·

104 2343 143 2388 lello
152 2352 171 2390 rt
182 2352 249 2400 ulorln
260 2354 284 2392 et
295 2351 415 2400 replentia,
427 2353 451 2390 ct
463 2351 583 2400 oratiorum
597 2351 661 2397 nouo,
673 2353 697 2390 et
709 2351 783 2397 honor,
794 2352 819 2391 ot
828 2349 935 2399 mutto,
946 2352 970 2389 et
982 2347 1101 2390 roborosa
1114 2350 1190 2390 murro

104 2410 190 2448 'mlo
198 2411 351 2456 mentorum
365 2418 434 2449 nmen,
439 2409 452 2425 ''

110 2520 138 2560 11.
156 2515 195 2566 'ft
205 2532 295 2568 omnes
307 2516 396 2630 ‘'2⁹⁰'‘
402 2516 508 2568 stabant
519 2516 615 2568 cirrum
627 2517 753 2574 thronum,
764 2520 793 2568 ot
801 2515 920 2568 eonion·
931 2519 960 2567 oi
969 2520 1081 2582 quatuor
1089 2514 1188 2567 aalma·

198 2583 254 2639 lio:
264 2584 330 2647 sigui
350 2593 389 2632 cat
399 2585 598 2649 conjunctionem
608 2585 719 2635 Domini
728 2601 785 2632 cum
797 2584 917 2633 urriverso
926 2585 991 2632 caelo
1001 2583 1040 2648 [ιι.
1049 2581 1129 2698 ιόιές
1148 2586 1193 2634 “ot

199 2649 351 2701 ceciderunt
367 2664 454 2700 corum
473 2650 562 2701 throno
577 2665 658 2715 sopor
670 2649 752 2701 lucios
769 2663 841 2706 sunu,
854 2652 883 2701 at
897 2649 1074 2701 odoraret-um
1110 2651 1190 2707 oum?

199 2716 323 2779 significat
337 2719 486 2780 gratiarnm
503 2718 626 2765 adiuuem
643 2733 675 2765 ex
691 2717 787 2765 humili
802 2717 881 2775 corde,
897 2717 966 2780 quod
979 2723 1015 2764 tot
1029 2716 1125 2764 salvati
1139 2717 1192 2764 sint

201 2783 239 2848 [n.
252 2782 328 2847 4⁶31·

111 2875 139 2919 ¹²·
157 2875 291 2934 'ilicem
303 2877 402 2933 Amen?
412 2876 535 2941 significat
549 2878 690 2926 Dominum
702 2878 788 2942 quood
796 2878 927 2927 Divinum
944 2878 1036 2926 Verum
1047 2894 1080 2926 ex
1090 2878 1191 2927 Dirn'no

199 2944 272 2992 Bono
287 2944 326 3009 [n.
339 2943 419 3008 464];
439 2943 603 2999 “benedictin
613 2943 698 3010 plotio
711 2948 738 2995 ot
748 2943 896 3010 snpientia?
906 2942 1029 3007 significat
1041 2944 1102 2992 hoec
1112 2960 1128 2990 a
1139 2944 1188 2992 Di·

199 3012 260 3058 vino
280 3011 341 3057 Vero
352 3011 419 3073 quod
428 3011 541 3074 procedit
551 3028 567 3057 a
581 3011 692 3058 Domino
706 3009 745 3075 [ιι.
758 3009 837 3076 465];
857 3014 901 3060 “oi
913 3009 1060 3076 misarum
1077 3009 1146 3061 acilo
1163 3014 1192 3062 nt

198 3077 301 3132 bonon*
309 3075 432 3138 significat
441 3077 526 3125 laneca
536 3077 638 3126 Divino
646 3077 719 3125 Bono
726 3078 907 3141 quodprocedit
913 3094 930 3124 a
939 3077 1051 3126 Domino
1058 3076 1101 3190 [ιι.
1109 3075 1188 3142 466];

142 3203 145 3209 ¹
200 3147 243 3195 'ei
256 3142 374 3208 potentin
392 3147 419 3193 oi
435 3144 534 3200 robur?
546 3142 667 3205 significat
679 3143 881 3206 omnipotentiam
898 3159 930 3191 ex
947 3144 1047 3194 Divino
1084 3159 1130 3190 ono
1141 3151 1191 3206 per

198 3211 334 3259 Divinum
355 3209 444 3256 Verum
466 3209 504 3275 [n.
524 3208 603 3273 467];
631 3208 703 3259 '¹000
722 3213 812 3261 nostro
830 3209 857 3260 in
876 3210 983 3260 soeculo
1004 3208 1190 3265 soeculorum?

200 3276 322 3340 significat
341 3276 482 3324 Dominum
500 3277 529 3323 in
546 3283 676 3323 aeternum
697 3274 736 3341 [ιι.
746 3275 825 3341 468];
845 3276 956 3332 “nmon,”
967 3275 1089 3339 siguificat
1100 3275 1190 3340 confir·

200 3345 336 3391 maionem
349 3359 365 3389 a
377 3342 476 3391 Divino
490 3342 529 3408 [ιι.
541 3341 615 3406 469].

135 3476 225 3558 462.
248 3491 330 3551 [Vm.
344 3490 391 3549 rt]
414 3474 473 3536 Ἐι
488 3492 592 3536 omnes
607 3472 713 3555 anysii
726 3472 979 3536 statuminum
994 3473 1143 3546 thronum,
1159 3479 1193 3538 oi

104 3561 207 3629 iulum
222 3570 257 3628 oi
269 3569 403 3646 quotuor
413 3562 732 3644 animulio.''—Quod
749 3562 917 3644 significet
933 3563 1189 3646 conjunliionem

104 3639 204 3720 lomim·
215 3679 289 3720 cum
307 3656 462 3719 um'verso
476 3656 572 3731 caelo,
590 3665 727 3719 constat
743 3676 788 3718 ex
805 3654 1050 3736 significatione
1069 3660 1189 3720 “stare

104 3740 189 3815 ‘heum
200 3751 393 3826 thronum,’'
403 3751 494 3833 quod
507 3753 550 3814 sit
562 3746 755 3831 conjuntiio
765 3768 841 3812 cum
853 3749 1021 3823 Domino;
1041 3769 1118 3811 nam
1130 3770 1190 3830 per

104 3836 282 3911 'Sedentem
294 3866 395 3927 super
403 3847 528 3909 throno
540 3854 576 3908 et
587 3843 727 3926 Agnum
737 3844 753 3868 '⁹
761 3843 1058 3926 intelligitursolus
1070 3844 1188 3907 Domi·

104 3948 135 3996 us
148 3950 248 4010 (ulmos
257 3965 338 4010 supra.
348 3965 371 3997 n.
380 3934 454 4014 460,
464 3950 556 3996 arnum
565 3951 622 4009 aa),
635 3943 670 3996 et
684 3953 743 4015 per
757 3939 880 3996 “stare
895 3933 1021 3996 circum
1031 3932 1046 3957 ”
1058 3932 1188 4014 signifi·

103 4035 164 4092 atur
188 4025 403 4110 conjunttim
434 4028 467 4090 in
492 4027 620 4090 mundo
644 4027 734 4089 enim
758 4025 922 4106 spirituali
948 4034 1113 4106 apparent
1141 4026 1190 4090 illi

104 4133 264 4187 raesentes
280 4142 356 4185 cum
374 4123 493 4204 quibus
509 4118 702 4202 conjunfflo
717 4129 780 4193 est,
797 4130 832 4182 et
848 4120 1007 4182 absentes
1023 4138 1099 4182 cum
1115 4122 1187 4201 qui·

104 4236 128 4281 rs
143 4238 211 4282 non
228 4213 439 4298 conjunt'tio:
464 4226 500 4280 et
517 4237 562 4279 ex
575 4213 820 4296 significatione
835 4219 854 4245 “
864 4213 1092 4294 angelorum,'’
1105 4219 1187 4277 “se-

104 4333 195 4379 orum
204 4311 220 4337 ”
243 4323 279 4375 et
304 4316 478 4394 “quatuor
500 4309 723 4384 animalium,''
741 4309 831 4391 quod
854 4309 921 4372 sint
944 4308 1000 4390 qui
1024 4308 1057 4371 in
1081 4308 1187 4371 tribus

104 4407 178 4484 elis,
188 4409 239 4471 ita
251 4408 306 4489 qui
320 4408 352 4469 in
366 4408 521 4469 universo
534 4405 649 4479 caelo;
673 4425 732 4486 per
745 4410 764 4436 ‘⁴
773 4402 915 4485 angelos
924 4401 939 4428 ''
951 4402 1188 4484 intelliguntur

104 4507 108 4566 f
123 4503 184 4588 qui
200 4502 235 4565 in
252 4502 361 4583 primo
376 4522 435 4565 seu
452 4501 572 4565 ultimo
587 4498 685 4564 caelo
700 4507 789 4573 sunt,
803 4517 862 4579 per
873 4496 1049 4561 “seniores
1057 4495 1073 4522 ”
1082 4496 1136 4578 qni
1152 4497 1185 4558 in
