2684 4988
107 479 170 560 958
420 490 671 542 arocnsrrsrs
694 490 922 545 uxemcaaa.
958 514 962 521 ·

108 661 192 722 scire
211 669 336 741 potest.
382 659 485 740 Apud
505 658 662 734 eundem,

159 794 316 844 “Palatium
334 795 384 844 erit
402 795 548 851 desertum.
568 795 712 844 multitudo
730 795 803 844 urbia
820 791 960 852 dentiae,
978 794 1060 844 clivus
1075 803 1098 843 et
1109 792 1184 855 mh

239 871 319 909 erunt
335 874 416 922 super
434 860 569 923 speluncis
586 860 613 908 iu
626 870 768 910 aeternum
784 874 878 924 usque,
891 860 1020 923 gaudium
1031 864 1185 922 onagrorum«

238 939 366 988 pascuum
378 925 513 987 gregum”
524 924 616 988 (xxxii.
631 926 686 986 14)ss

107 1092 167 1154 per
182 1071 266 1134 haec
284 1071 485 1134 describitur
501 1071 668 1135 ecclesiae
686 1073 836 1136 vastatio
853 1071 985 1145 totalis,
1004 1071 1057 1134 ubi
1073 1089 1128 1133 non
1139 1086 1190 1157 aro-¹

108 1164 196 1246 plius
214 1164 351 1247 aliquod
371 1166 498 1227 bonum
517 1167 608 1229 vitae
627 1184 666 1229 ac
686 1185 803 1228 verum
822 1162 1018 1241 doctrinan
1047 1165 1100 1227 sed
1115 1174 1190 1244 usqae

109 1278 211 1320 nemo
230 1261 315 1321 scire
334 1268 450 1341 potest
470 1259 549 1341 quid
566 1258 625 1321 illa
644 1260 833 1334 involvunt,
856 1261 919 1322 nisi
942 1261 998 1341 qui
1018 1260 1079 1321 scit
1095 1264 1192 1320 statull

109 1371 219 1415 rerum
236 1353 269 1414 in
283 1354 411 1416 mundo
422 1353 598 1435 spirituali,
612 1364 648 1417 et
665 1353 764 1416 simul
781 1373 919 1416 sensum
935 1354 1107 1416 internum.
1143 1349 1190 1412 lle*

109 1448 259 1509 vastatio
290 1449 396 1509 totius
426 1447 590 1510 ecclesiae
620 1447 824 1529 intelligitur
854 1468 914 1530 per
942 1446 1126 1510 “Palatium
1148 1444 1190 1506 eril

108 1539 292 1613 desertum,
306 1551 341 1602 et
359 1540 544 1604 multitudo
559 1542 649 1604 urbis
665 1538 828 1603 derelista
840 1540 868 1617 ;”
892 1539 1104 1623 “palatium''
1116 1536 1191 1618 sigul-

108 1631 187 1697 ficat
205 1644 316 1696 totam
333 1635 512 1698 ecclesiam
529 1635 641 1718 quoad
660 1654 740 1698 vera
759 1654 804 1698 ex
823 1635 926 1707 bono,
944 1652 984 1697 ac
1006 1626 1192 1696 “desertum⁸

108 1724 277 1808 significat
294 1747 362 1790 non
379 1729 505 1791 bonum
521 1730 598 1811 quia
614 1746 683 1791 non
695 1747 833 1806 verum;
856 1728 936 1791 inde
954 1726 1137 1810 “palatium
1148 1722 1193 1786 erit

108 1821 305 1884 desertum”
334 1821 504 1902 significat
534 1822 714 1885 ecclesiam
744 1822 983 1885 devastatam:
1018 1816 1194 1883 “multitudo

109 1914 221 1977 urbis’'
246 1915 415 1996 significat
442 1918 556 1979 omnia
582 1935 662 1978 vera
689 1913 874 1989 doetrinae,
900 1914 1036 1978 “urbs”
1060 1915 1138 1977 enim
1156 1918 1193 1973 etl

108 2007 272 2083 dodtrina,
290 2021 324 2072 et
347 2009 583 2073 “multitudo’'
599 2011 723 2072 dicitur
737 2011 781 2072 de
797 2011 894 2082 veris,
911 2029 998 2091 quae
1016 2000 1193 2071 “derelicta''

108 2103 266 2166 dicuntur
284 2104 420 2186 quando
439 2124 507 2166 non
527 2112 626 2166 suut:
651 2103 742 2186 quod
763 2103 900 2167 “clivus
919 2113 954 2166 et
975 2103 1193 2186 speculamur

108 2217 208 2279 super
224 2197 393 2279 speluncis
410 2199 442 2260 in
459 2209 636 2262 aeternum
649 2197 779 2280 usque”
791 2195 962 2278 significat
978 2197 1067 2279 quod
1081 2192 1192 2274 amplius

110 2292 203 2354 nulla
225 2292 369 2355 ecclesia
392 2293 481 2374 apud
506 2293 582 2356 illos
605 2295 680 2367 erit,
701 2294 779 2374 quia
802 2311 869 2354 non
894 2293 956 2353 nisi
980 2309 1077 2373 quam
1098 2285 1192 2350 malum

108 2389 200 2450 vitae
219 2397 254 2449 et
274 2386 394 2449 salsum
414 2384 608 2464 dod'trinae3
638 2387 850 2469 “speluncae
858 2385 874 2410 ”
893 2384 1082 2467 significant
1102 2381 1149 2445 illa
1161 2392 1193 2440 ex

109 2500 210 2543 causa
223 2483 299 2564 quia
316 2481 404 2543 tales
421 2481 579 2544 habitant
596 2483 629 2543 in
646 2479 827 2563 speluncis,
842 2490 878 2542 ut
895 2499 1000 2561 supra
1011 2476 1192 2547 didiunrem

109 2586 144 2638 et
163 2576 241 2658 quia
261 2576 348 2638 tales
367 2578 399 2638 in
421 2576 547 2638 mundo
566 2575 732 2657 spirituali
756 2577 789 2637 in
809 2575 983 2656 profundis
1005 2573 1155 2642 habitant,
1167 2578 1193 2628 et

109 2688 208 2751 supra
232 2680 396 2750 teguntur
419 2689 438 2732 a
462 2671 557 2732 clivis
581 2681 615 2733 et
640 2669 796 2751 speculis,
817 2670 865 2729 ita
884 2668 1074 2730 absconditi
1094 2664 1130 2726 ab
1147 2660 1194 2724 illis

109 2766 164 2846 qui
188 2785 288 2846 supra
308 2767 406 2826 terris
430 2766 473 2827 ibi
498 2774 771 2839 commorantur;
799 2764 876 2825 ideo
899 2782 968 2824 non
987 2763 1086 2824 modo
1101 2758 1194 2821 dicitu

110 2860 200 2941 quod
222 2858 356 2921 “clivus
376 2870 410 2922 et
431 2860 568 2941 specula
587 2869 685 2922 erunt
705 2877 805 2940 super
827 2857 1028 2939 speluncis,”
1046 2855 1101 2919 sed
1117 2852 1192 2915 etim

108 2955 198 3036 quod
221 2956 408 3035 “gaudium
432 2973 635 3035 onagrorum
660 2962 695 3016 et
719 2972 880 3034 pascuum
903 2951 1082 3042 gregum;”
1107 2950 1135 3011 in
1152 2942 1192 3007 illo

110 3050 237 3111 mundo
256 3050 361 3110 etiam
383 3059 460 3111 sunt
484 3048 614 3111 inferna
633 3047 729 3130 plura
751 3049 785 3109 in
806 3045 979 3129 profundis
999 3062 1124 3128 prorsus
1138 3039 1192 3102 abs·

111 3144 250 3206 condita
274 3164 333 3224 per
356 3153 474 3216 terras,
500 3153 614 3225 petras
638 3150 673 3204 et
696 3141 803 3204 colles
825 3159 936 3222 supra,
962 3160 1020 3202 seu
1043 3157 1097 3221 per
1115 3134 1191 3197 clins

109 3248 144 3300 et
164 3237 331 3319 speculas,
353 3238 407 3299 ubi
427 3256 568 3317 gramen
588 3237 674 3298 sicut
695 3255 855 3317 pascuum
875 3235 1056 3315 gregibus;
1082 3220 1190 3294 undell

109 3333 199 3414 quod
223 3333 343 3412 ignota
362 3333 430 3393 sint
454 3330 688 3392 habitantibus
711 3347 810 3410 super
834 3339 923 3390 terra
946 3329 1012 3390 ibi:
1042 3321 1188 3408 “gaudium

109 3445 313 3508 onagrorum
323 3425 337 3448 ''
353 3427 458 3488 etiam
475 3424 643 3505 significat
660 3420 871 3486 affectionem
890 3440 950 3484 seu
965 3439 1108 3485 amorem
1118 3412 1188 3480 falsu

109 3541 192 3595 rum,
211 3541 249 3583 ac
272 3528 461 3602 “pascuum
480 3534 622 3600 gregum
632 3518 646 3541 ”
666 3519 886 3581 nutritionem
906 3517 988 3580 mali
1007 3538 1051 3581 ex
1069 3513 1188 3582 salsius

112 3626 291 3696 utrumque
307 3615 582 3676 devastationem
598 3613 667 3674 veri
687 3632 746 3693 per
763 3610 868 3673 salsa:
894 3631 939 3673 ex
959 3611 1012 3673 his
1028 3607 1121 3672 videri
1136 3606 1187 3684 pol·

109 3720 162 3774 est
189 3710 360 3791 quodnam
388 3726 548 3771 arcanum
575 3708 607 3769 in
635 3706 687 3769 his
715 3706 827 3769 verbis
853 3704 951 3768 latet.
998 3702 1097 3787 Apud
1119 3696 1188 3772 Jm·

109 3824 221 3877 meam,

157 3935 253 3986 “Num
267 3936 394 3998 spelunca
411 3934 545 3984 latronum
561 3931 634 3983 ludia
650 3943 691 3982 est
708 3934 804 3982 domus
821 3932 897 3990 haec,
911 3946 993 3995 super
1010 3946 1062 3996 qua
1074 3920 1189 3980 nominatur

240 4016 339 4050 nornen
353 4015 441 4049 meum
449 4000 475 4051 ?''
493 4001 549 4061 (vii.
563 4012 590 4047 11
603 3999 620 4060 :)

108 4167 168 4229 per
196 4144 424 4227 “speluncam
452 4142 623 4206 latronum
633 4141 648 4164 ”
671 4140 880 4222 significatur
909 4140 1037 4203 malum
1064 4140 1140 4203 vitae
1160 4132 1192 4185 θ’(

108 4241 199 4304 salsis
218 4237 403 4311 dodtrinae,
424 4250 458 4300 et
480 4259 538 4319 per
559 4236 725 4298 “domum
747 4255 846 4316 super
869 4256 934 4316 qua
954 4237 1135 4298 nominatur
1149 4234 1192 4284 1¹0·

108 4356 186 4400 meu
206 4334 340 4398 meum''
357 4332 566 4413 significatur
586 4331 730 4395 ecclesia
751 4331 806 4392 ubi
826 4329 937 4391 cultus
955 4351 1001 4392 ex
1021 4331 1111 4393 bonis
1126 4321 1192 4384 vitae

107 4454 166 4516 per
185 4452 264 4495 vcra
284 4427 476 4505 dodlrinae;
507 4426 679 4488 “domus''
698 4436 751 4488 est
771 4424 925 4499 ecclesia,
949 4431 1100 4488 “nomen
1115 4413 1192 4501 Jeh0·
