2684 4988
136 469 199 562 δ’ἐξ
435 498 696 550 sneocnevrsrs
719 500 945 550 mumma

135 665 228 728 tione
239 665 281 727 ad
295 663 555 748 intelligendum
566 666 623 730 illa
634 689 719 749 quae
730 669 762 730 in
775 668 861 730 binis
872 669 1095 750 sequentibus
1106 689 1156 730 ver

88 795 92 801 ·
135 760 302 832 dicuntur,
328 779 461 842 nempe,
485 763 574 843 quod
602 763 657 843 qui
684 762 746 824 sub
769 761 868 825 altari
893 762 1147 825 “clamaverint

109 903 114 912 .
134 873 270 935 magna,
285 856 449 929 dicentes,
464 855 581 938 Usque
594 877 661 938 quo
678 856 835 928 Domine,
849 858 904 938 qui
921 853 1068 919 Sanctus
1084 868 1118 919 et
1133 857 1156 918 V

132 964 201 1011 non
215 948 344 1028 judicas
360 960 395 1012 et
408 951 560 1012 vindicas
573 952 774 1031 sanguinem
788 961 942 1014 nostrum
958 951 1001 1013 de
1020 950 1156 1014 habitan

133 1063 232 1124 super
252 1043 364 1105 terra?
410 1043 456 1106 Et
476 1044 578 1106 datae
601 1043 666 1106 illis
685 1044 796 1107 stolae
815 1044 924 1115 albae,
945 1055 980 1107 et
1002 1042 1156 1107 dictum<

133 1138 384 1218 requiescerent
402 1138 513 1199 adhuc
534 1148 668 1218 tempus
688 1159 837 1220 parvum,
856 1138 1057 1220 usquedum
1078 1158 1156 1220 com]

133 1242 187 1293 tur
204 1242 240 1294 et
260 1233 413 1293 conservi
432 1251 548 1294 eorum
567 1242 602 1293 et
626 1232 745 1295 iratres
764 1252 890 1300 eorum,
911 1233 966 1313 qui
990 1231 1091 1294 futuri
1108 1233 1156 1294 intr

134 1326 220 1387 sicut
245 1335 279 1387 et
303 1324 379 1387 illi.”
424 1323 524 1406 Quod
546 1326 637 1387 “sub
658 1326 757 1389 altari
766 1326 781 1348 ''
800 1324 967 1407 significet
992 1327 1056 1388 sub
1074 1325 1156 1389 caele

135 1420 213 1500 quia
242 1418 403 1482 “altare”
429 1421 462 1482 in
490 1439 647 1501 supremo
674 1440 774 1482 sensu
802 1418 970 1500 significat
1002 1420 1156 1482 Dominur

132 1510 322 1594 respectivo
335 1512 466 1576 caelum
480 1524 514 1576 et
528 1513 707 1576 ecclesiam
720 1513 812 1596 (quia
826 1514 993 1576 Dominus
1006 1526 1059 1578 est
1074 1514 1156 1577 caelu

133 1606 288 1680 ecclesia,
313 1627 414 1669 omne
437 1609 527 1670 enim
551 1608 636 1670 caeli
663 1619 697 1671 et
724 1607 899 1680 ecclesiae,
924 1629 983 1671 seu
1007 1629 1107 1671 omne
1127 1627 1156 1670 ar

134 1710 169 1766 et
189 1700 266 1764 fidei
283 1723 369 1784 quae
385 1700 510 1765 iaciunt
528 1701 585 1764 illa
602 1703 690 1785 apud
707 1701 867 1784 angelum
884 1713 918 1765 et
940 1703 1122 1775 hominem,
1136 1723 1156 1763 er

134 1795 215 1877 Ipso
227 1806 263 1858 et
280 1797 357 1858 inde
370 1806 422 1859 est
441 1796 566 1878 Ipsius)
580 1818 586 1872 ;
611 1798 644 1859 in
657 1799 827 1859 communi
844 1807 959 1859 autem
977 1818 1077 1859 sensu
1093 1795 1156 1858 “all

90 1966 97 1975 ,
132 1889 302 1972 fignificat
320 1909 456 1953 omnem
473 1890 602 1953 cultum
622 1891 770 1962 Domini,
788 1893 821 1953 in
838 1893 949 1972 specie
970 1891 1097 1954 cultum
1116 1909 1156 1970 re1

126 1986 355 2057 sentativum,
372 1984 481 2066 qualis
497 1985 557 2048 suit
574 1986 663 2066 apud
681 1985 766 2047 filios
781 1984 925 2047 Israelis.
973 1983 1075 2066 Quod
1094 1983 1156 2045 “all

133 2077 301 2160 significet
315 2099 452 2142 omnem
467 2080 606 2153 cultum,
621 2090 673 2142 est
687 2100 788 2142 causa
801 2080 878 2160 quia
894 2078 1008 2141 cultus
1025 2081 1057 2140 in
1074 2079 1156 2140 illae

134 2172 182 2235 sia
202 2172 432 2254 principaliter
447 2173 631 2237 constabat
651 2175 685 2235 in
705 2173 915 2236 holocaustis
934 2183 969 2236 et
988 2172 1148 2235 sacrificiis

133 2268 266 2341 rendis;
287 2267 513 2330 offerebantur
525 2269 614 2330 enim
632 2289 692 2350 pro
707 2269 797 2330 omni
815 2277 959 2349 peccato
976 2278 1011 2329 et
1030 2279 1157 2338 reatu,e

134 2381 177 2424 ex
191 2360 431 2424 benevolentia
445 2372 481 2424 ut
496 2363 669 2445 placerent
680 2362 831 2443 Jehovae
844 2361 944 2442 (quae
958 2361 1116 2424 sacrificia
1125 2381 1156 2422 eu

134 2456 248 2518 ristica
262 2477 320 2518 seu
337 2457 487 2537 gratuita
500 2455 737 2537 vocabantur),
752 2466 786 2518 et
800 2476 933 2537 quoque
950 2477 1011 2537 pro
1024 2455 1155 2517 mundat

134 2550 195 2611 bus
209 2551 319 2611 omnis
332 2550 465 2630 generis
478 2572 486 2627 ;
504 2571 562 2632 per
573 2549 774 2612 holocausta
788 2561 822 2612 et
837 2547 998 2611 sacrificia
1013 2549 1156 2612 fiebante

134 2645 410 2724 inaugurationes
433 2645 465 2706 in
490 2665 591 2706 omne
614 2643 768 2719 sanctum
793 2644 968 2716 ecclesiae,
991 2655 1027 2706 ut
1051 2654 1156 2705 consta

133 2737 303 2800 sacrificiis
316 2739 359 2800 ad
374 2739 642 2820 inaugurandum
654 2738 853 2800 Aharonem
867 2748 901 2800 et
915 2735 1002 2799 filios
1015 2738 1085 2818 ejus
1098 2739 1127 2799 in
1137 2757 1156 2797 s:

133 2828 275 2906 dotium,
286 2843 320 2894 et
332 2833 374 2894 ad
387 2834 654 2914 inaugurandum
664 2833 863 2895 Tentorium
875 2843 1076 2903 conventus,
1086 2842 1118 2894 et
1129 2851 1156 2912 pr

133 2924 334 3007 Templum:
360 2938 394 2990 et
411 2929 488 3008 quia
507 2929 540 2989 in
560 2926 768 2989 holocaustis
784 2935 819 2988 et
836 2924 1007 2988 sacrificiis
1024 2927 1156 3006 principa

133 3022 315 3084 constabat
333 3019 444 3083 cultus
459 3021 621 3101 Jehovae,
636 3020 699 3083 hoc
717 3031 781 3091 est,
797 3019 944 3091 Domini,
962 3020 1041 3081 ideo
1057 3021 1154 3082 etiam

134 3114 226 3186 tidie,
241 3135 365 3196 nempe
377 3117 496 3196 quovis
513 3135 611 3177 mane
628 3126 663 3176 et
677 3134 817 3194 vespere
833 3112 1070 3186 offerebantur,
1085 3133 1156 3194 quar

132 3228 216 3271 voce
235 3209 447 3272 vocabantur
467 3209 602 3290 “juge''
622 3218 756 3290 praeter
779 3208 812 3269 in
836 3227 961 3288 magna
983 3209 1156 3288 copiaque

132 3302 239 3366 festo:
256 3303 334 3365 inde
345 3304 377 3364 in
387 3303 503 3365 Verbo
513 3303 618 3383 “juge
627 3302 641 3325 ”
650 3301 817 3382 significat
829 3321 965 3364 omnem
977 3302 1106 3364 cultum
1117 3321 1156 3381 re]

133 3399 350 3460 sentativum.
397 3397 453 3459 Ex
481 3397 533 3459 his
560 3408 718 3459 constare
748 3405 863 3477 potest
891 3395 982 3477 quod
1010 3395 1156 3465 cultus=

133 3492 244 3571 specie
264 3490 374 3553 cultus
393 3492 703 3572 repraesentativus
723 3488 811 3551 illius
835 3490 948 3570 gentis
969 3488 1156 3571 principalit

133 3585 342 3648 holocaustis
361 3592 396 3649 et
416 3584 585 3647 sacrificiis
605 3585 810 3648 constiterit.
858 3583 943 3645 lnde
962 3594 1014 3645 est
1036 3583 1156 3665 quoda

133 3680 232 3760 super
247 3699 314 3760 quo
333 3678 471 3749 fiebant,
489 3690 524 3742 et
541 3680 631 3761 quod
651 3689 724 3741 erat
741 3678 921 3740 continens
941 3698 1069 3750 eorum,
1087 3679 1119 3739 in
1136 3676 1156 3738 ll

133 3771 300 3855 significet
317 3774 350 3835 in
366 3793 493 3853 genere
510 3793 645 3836 omnem
659 3772 798 3835 cultum.
846 3772 907 3833 Per
919 3770 1049 3834 cultum
1067 3773 1156 3833 noni

133 3867 248 3948 ligitur
271 3867 380 3929 solum
404 3867 516 3930 cultus
540 3879 713 3939 externus,
735 3867 794 3929 sed
819 3868 922 3928 etiam
942 3865 1055 3927 cultus
1078 3867 1157 3927 inter

133 3971 168 4023 et
181 3959 292 4023 cultus
305 3962 457 4023 internus
470 3961 729 4042 comprehendit
743 3980 843 4022 omne
856 3961 980 4021 amoris
994 3969 1029 4021 et
1047 3979 1147 4022 omne

133 4057 181 4118 ita
193 4075 293 4118 omne
306 4056 339 4116 id
352 4052 442 4137 quod
458 4056 537 4118 facit
551 4055 730 4118 ecclesiam
744 4076 802 4117 seu
815 4054 947 4117 caelum
961 4054 1051 4134 apud
1068 4054 1156 4116 homi

133 4150 237 4215 verbo
256 4150 346 4232 quod
365 4151 445 4213 facit
465 4162 502 4213 ut
523 4151 688 4212 Dominus
708 4153 751 4213 sit
771 4151 860 4231 apud
880 4149 984 4211 illum.

141 4263 143 4266 ’
190 4254 259 4339 [h]
291 4254 393 4335 Quod
415 4256 549 4318 caelum
572 4276 687 4317 coram
708 4255 865 4336 Johanne
885 4265 1156 4336 repraesentatur

134 4368 193 4429 per
208 4347 326 4420 altare,
341 4349 445 4410 etiam
462 4358 514 4409 est
532 4368 632 4409 causa
648 4349 725 4429 quia
742 4358 852 4409 totum
871 4347 1021 4409 Verbum
1039 4367 1098 4427 per
1115 4367 1156 4428 rel

134 4443 305 4504 sentativa
318 4450 370 4503 est
383 4443 623 4523 conscriptum,
638 4451 672 4503 et
690 4463 748 4524 per
761 4441 843 4504 talia
860 4443 1150 4523 repraesentativa
