<?xml version="1.0" encoding="UTF-8"?>
<!DOCTYPE html PUBLIC "-//W3C//DTD XHTML 1.0 Transitional//EN"
    "http://www.w3.org/TR/xhtml1/DTD/xhtml1-transitional.dtd">
<html xmlns="http://www.w3.org/1999/xhtml" xml:lang="en" lang="en">
 <head>
  <title>
</title>
<meta http-equiv="Content-Type" content="text/html;charset=utf-8" />
  <meta name='ocr-system' content='tesseract 3.04.00' />
  <meta name='ocr-capabilities' content='ocr_page ocr_carea ocr_par ocr_line ocrx_word'/>
</head>
<body>
  <div class='ocr_page' id='page_1' title='image "./apocalypsisexpl00swedgoog_0244.png"; bbox 0 0 2684 4988; ppageno 0'>
   <div class='ocr_carea' id='block_1_1' title="bbox 107 459 922 529">
    <p class='ocr_par' dir='ltr' id='par_1_1' title="bbox 107 459 922 529">
     <span class='ocr_line' id='line_1_1' title="bbox 107 459 922 529; baseline 0 -20"><span class='ocrx_word' id='word_1_1' title='bbox 107 462 173 529; x_wconf 66' lang='grc' dir='ltr'>ῳ4</span> <span class='ocrx_word' id='word_1_2' title='bbox 420 459 673 510; x_wconf 79' lang='lat' dir='ltr'>APOCALYPSIS</span> <span class='ocrx_word' id='word_1_3' title='bbox 695 459 922 510; x_wconf 79' lang='lat' dir='ltr'>EXPLICATA.</span> 
     </span>
    </p>
   </div>
   <div class='ocr_carea' id='block_1_2' title="bbox 108 627 1165 806">
    <p class='ocr_par' dir='ltr' id='par_1_2' title="bbox 108 627 1165 806">
     <span class='ocr_line' id='line_1_2' title="bbox 109 627 1165 712; baseline -0.003 -19"><span class='ocrx_word' id='word_1_4' title='bbox 109 629 237 693; x_wconf 91' lang='lat' dir='ltr'>bonum</span> <span class='ocrx_word' id='word_1_5' title='bbox 260 629 383 691; x_wconf 87' lang='lat' dir='ltr'>amoris</span> <span class='ocrx_word' id='word_1_6' title='bbox 406 629 439 691; x_wconf 94' lang='lat' dir='ltr'>in</span> <span class='ocrx_word' id='word_1_7' title='bbox 467 629 650 692; x_wconf 90' lang='lat' dir='ltr'>Dominum</span> <span class='ocrx_word' id='word_1_8' title='bbox 674 648 774 712; x_wconf 89' lang='lat' dir='ltr'>quarn</span> <span class='ocrx_word' id='word_1_9' title='bbox 801 629 928 692; x_wconf 87' lang='lat' dir='ltr'>bonurn</span> <span class='ocrx_word' id='word_1_10' title='bbox 951 627 1118 691; x_wconf 86' lang='lat' dir='ltr'>charitatis</span> <span class='ocrx_word' id='word_1_11' title='bbox 1136 647 1165 690; x_wconf 89' lang='lat' dir='ltr'>er</span> 
     </span>
     <span class='ocr_line' id='line_1_3' title="bbox 108 722 632 806; baseline -0.004 -19"><span class='ocrx_word' id='word_1_12' title='bbox 108 725 312 806; x_wconf 88' lang='lat' dir='ltr'>proximum.</span> <span class='ocrx_word' id='word_1_13' title='bbox 357 723 461 805; x_wconf 87' lang='lat' dir='ltr'>Apud</span> <span class='ocrx_word' id='word_1_14' title='bbox 480 722 632 797; x_wconf 82' lang='lat' dir='ltr'><em>Esaiam,</em></span> 
     </span>
    </p>
   </div>
   <div class='ocr_carea' id='block_1_3' title="bbox 160 862 1165 997">
    <p class='ocr_par' dir='ltr' id='par_1_3' title="bbox 160 862 1165 997">
     <span class='ocr_line' id='line_1_4' title="bbox 160 862 1165 930; baseline -0.005 -11"><span class='ocrx_word' id='word_1_15' title='bbox 160 868 272 919; x_wconf 84' lang='lat' dir='ltr'>“Erunt</span> <span class='ocrx_word' id='word_1_16' title='bbox 289 883 369 930; x_wconf 88' lang='lat' dir='ltr'>super</span> <span class='ocrx_word' id='word_1_17' title='bbox 380 869 455 918; x_wconf 88' lang='lat' dir='ltr'>omni</span> <span class='ocrx_word' id='word_1_18' title='bbox 473 879 565 919; x_wconf 85' lang='lat' dir='ltr'>monte</span> <span class='ocrx_word' id='word_1_19' title='bbox 583 868 646 924; x_wconf 76' lang='lat' dir='ltr'>olto,</span> <span class='ocrx_word' id='word_1_20' title='bbox 661 878 687 917; x_wconf 88' lang='lat' dir='ltr'>et</span> <span class='ocrx_word' id='word_1_21' title='bbox 704 882 785 930; x_wconf 85' lang='lat' dir='ltr'>super</span> <span class='ocrx_word' id='word_1_22' title='bbox 796 866 870 916; x_wconf 90' lang='lat' dir='ltr'>omni</span> <span class='ocrx_word' id='word_1_23' title='bbox 888 867 956 916; x_wconf 87' lang='lat' dir='ltr'>colle</span> <span class='ocrx_word' id='word_1_24' title='bbox 968 867 1047 924; x_wconf 83' lang='lat' dir='ltr'>elato,</span> <span class='ocrx_word' id='word_1_25' title='bbox 1061 865 1115 923; x_wconf 84' lang='lat' dir='ltr'>rivi,</span> <span class='ocrx_word' id='word_1_26' title='bbox 1125 862 1165 914; x_wconf 73' lang='lat' dir='ltr'>dud</span> 
     </span>
     <span class='ocr_line' id='line_1_5' title="bbox 240 931 1150 997; baseline -0.003 -15"><span class='ocrx_word' id='word_1_27' title='bbox 240 948 377 997; x_wconf 75' lang='lat' dir='ltr'>equarum,</span> <span class='ocrx_word' id='word_1_28' title='bbox 393 935 420 983; x_wconf 88' lang='lat' dir='ltr'>in</span> <span class='ocrx_word' id='word_1_29' title='bbox 432 934 475 983; x_wconf 92' lang='lat' dir='ltr'>die</span> <span class='ocrx_word' id='word_1_30' title='bbox 487 934 576 983; x_wconf 75' lang='lat' dir='ltr'>caedis</span> <span class='ocrx_word' id='word_1_31' title='bbox 588 948 712 995; x_wconf 74' lang='lat' dir='ltr'>magnae,</span> <span class='ocrx_word' id='word_1_32' title='bbox 725 947 786 982; x_wconf 86' lang='lat' dir='ltr'>cum</span> <span class='ocrx_word' id='word_1_33' title='bbox 798 933 894 982; x_wconf 74' lang='lat' dir='ltr'>eadent</span> <span class='ocrx_word' id='word_1_34' title='bbox 906 942 992 982; x_wconf 75' lang='lat' dir='ltr'>turres</span> <span class='ocrx_word' id='word_1_35' title='bbox 1000 931 1014 950; x_wconf 84' lang='lat'>&#39;&#39;</span> <span class='ocrx_word' id='word_1_36' title='bbox 1026 933 1095 993; x_wconf 84' lang='lat' dir='ltr'>(xxx.</span> <span class='ocrx_word' id='word_1_37' title='bbox 1104 933 1150 991; x_wconf 63' lang='lat' dir='ltr'>²5)ss</span> 
     </span>
    </p>
   </div>
   <div class='ocr_carea' id='block_1_4' title="bbox 109 1072 1165 2562">
    <p class='ocr_par' dir='ltr' id='par_1_4' title="bbox 109 1072 1165 2562">
     <span class='ocr_line' id='line_1_6' title="bbox 110 1072 1165 1158; baseline -0.004 -20"><span class='ocrx_word' id='word_1_38' title='bbox 110 1077 265 1139; x_wconf 89' lang='lat' dir='ltr'>ultimum</span> <span class='ocrx_word' id='word_1_39' title='bbox 279 1074 450 1156; x_wconf 91' lang='lat' dir='ltr'>judicium,</span> <span class='ocrx_word' id='word_1_40' title='bbox 467 1076 510 1139; x_wconf 92' lang='lat' dir='ltr'>de</span> <span class='ocrx_word' id='word_1_41' title='bbox 530 1096 596 1158; x_wconf 91' lang='lat' dir='ltr'>quo</span> <span class='ocrx_word' id='word_1_42' title='bbox 616 1077 660 1138; x_wconf 92' lang='lat' dir='ltr'>ibi</span> <span class='ocrx_word' id='word_1_43' title='bbox 679 1077 801 1157; x_wconf 90' lang='lat' dir='ltr'>agitur,</span> <span class='ocrx_word' id='word_1_44' title='bbox 818 1075 1019 1156; x_wconf 86' lang='lat' dir='ltr'>intelligitur</span> <span class='ocrx_word' id='word_1_45' title='bbox 1039 1095 1095 1156; x_wconf 91' lang='lat' dir='ltr'>per</span> <span class='ocrx_word' id='word_1_46' title='bbox 1109 1072 1165 1134; x_wconf 74' lang='lat' dir='ltr'>“die</span> 
     </span>
     <span class='ocr_line' id='line_1_7' title="bbox 109 1167 1165 1270; baseline -0.006 -36"><span class='ocrx_word' id='word_1_47' title='bbox 109 1171 223 1235; x_wconf 90' lang='lat' dir='ltr'>caedis</span> <span class='ocrx_word' id='word_1_48' title='bbox 246 1190 391 1270; x_wconf 77' lang='lat' dir='ltr'>magnae</span> <span class='ocrx_word' id='word_1_49' title='bbox 414 1190 490 1234; x_wconf 90' lang='lat' dir='ltr'>cum</span> <span class='ocrx_word' id='word_1_50' title='bbox 514 1170 639 1234; x_wconf 87' lang='lat' dir='ltr'>cadent</span> <span class='ocrx_word' id='word_1_51' title='bbox 662 1181 770 1233; x_wconf 87' lang='lat' dir='ltr'>turres</span> <span class='ocrx_word' id='word_1_52' title='bbox 782 1170 808 1247; x_wconf 90' lang='lat'>;”</span> <span class='ocrx_word' id='word_1_53' title='bbox 836 1172 988 1232; x_wconf 86' lang='lat' dir='ltr'>“caedes</span> <span class='ocrx_word' id='word_1_54' title='bbox 1010 1167 1165 1250; x_wconf 76' lang='lat' dir='ltr'>magna”‹</span> 
     </span>
     <span class='ocr_line' id='line_1_8' title="bbox 109 1260 1165 1348; baseline -0.005 -20"><span class='ocrx_word' id='word_1_55' title='bbox 109 1266 265 1328; x_wconf 91' lang='lat' dir='ltr'>interitus</span> <span class='ocrx_word' id='word_1_56' title='bbox 279 1265 453 1340; x_wconf 88' lang='lat' dir='ltr'>malorum,</span> <span class='ocrx_word' id='word_1_57' title='bbox 467 1273 487 1298; x_wconf 77' lang='lat'>‘⁶</span> <span class='ocrx_word' id='word_1_58' title='bbox 496 1265 628 1329; x_wconf 88' lang='lat' dir='ltr'>turres’&#39;</span> <span class='ocrx_word' id='word_1_59' title='bbox 639 1286 724 1348; x_wconf 89' lang='lat' dir='ltr'>quae</span> <span class='ocrx_word' id='word_1_60' title='bbox 738 1265 862 1328; x_wconf 87' lang='lat' dir='ltr'>cadent</span> <span class='ocrx_word' id='word_1_61' title='bbox 875 1276 954 1327; x_wconf 90' lang='lat' dir='ltr'>sunt</span> <span class='ocrx_word' id='word_1_62' title='bbox 967 1264 1050 1327; x_wconf 86' lang='lat' dir='ltr'>salsa</span> <span class='ocrx_word' id='word_1_63' title='bbox 1060 1260 1165 1326; x_wconf 74' lang='lat' dir='ltr'>dodlrin</span> 
     </span>
     <span class='ocr_line' id='line_1_9' title="bbox 109 1356 1165 1442; baseline -0.006 -20"><span class='ocrx_word' id='word_1_64' title='bbox 109 1379 196 1442; x_wconf 87' lang='lat' dir='ltr'>quae</span> <span class='ocrx_word' id='word_1_65' title='bbox 215 1380 259 1422; x_wconf 89' lang='lat' dir='ltr'>ex</span> <span class='ocrx_word' id='word_1_66' title='bbox 275 1379 390 1422; x_wconf 88' lang='lat' dir='ltr'>amore</span> <span class='ocrx_word' id='word_1_67' title='bbox 405 1361 456 1422; x_wconf 92' lang='lat' dir='ltr'>sui</span> <span class='ocrx_word' id='word_1_68' title='bbox 474 1371 508 1423; x_wconf 88' lang='lat' dir='ltr'>et</span> <span class='ocrx_word' id='word_1_69' title='bbox 528 1360 664 1437; x_wconf 88' lang='lat' dir='ltr'>mundi;</span> <span class='ocrx_word' id='word_1_70' title='bbox 687 1360 777 1442; x_wconf 92' lang='lat' dir='ltr'>quod</span> <span class='ocrx_word' id='word_1_71' title='bbox 797 1358 854 1422; x_wconf 92' lang='lat' dir='ltr'>illa</span> <span class='ocrx_word' id='word_1_72' title='bbox 872 1379 932 1441; x_wconf 90' lang='lat' dir='ltr'>per</span> <span class='ocrx_word' id='word_1_73' title='bbox 949 1365 1085 1420; x_wconf 86' lang='lat' dir='ltr'>“turres</span> <span class='ocrx_word' id='word_1_74' title='bbox 1094 1356 1107 1378; x_wconf 79' lang='lat'>&#39;¹</span> <span class='ocrx_word' id='word_1_75' title='bbox 1119 1357 1165 1435; x_wconf 81' lang='lat' dir='ltr'>sigi</span> 
     </span>
     <span class='ocr_line' id='line_1_10' title="bbox 111 1452 1165 1536; baseline -0.007 -20"><span class='ocrx_word' id='word_1_76' title='bbox 111 1452 265 1527; x_wconf 88' lang='lat' dir='ltr'>ficentur,</span> <span class='ocrx_word' id='word_1_77' title='bbox 289 1465 409 1516; x_wconf 88' lang='lat' dir='ltr'>estex</span> <span class='ocrx_word' id='word_1_78' title='bbox 433 1455 638 1536; x_wconf 86' lang='lat' dir='ltr'>apparentiis</span> <span class='ocrx_word' id='word_1_79' title='bbox 660 1454 694 1516; x_wconf 92' lang='lat' dir='ltr'>in</span> <span class='ocrx_word' id='word_1_80' title='bbox 717 1454 844 1516; x_wconf 91' lang='lat' dir='ltr'>mundo</span> <span class='ocrx_word' id='word_1_81' title='bbox 867 1452 1041 1534; x_wconf 86' lang='lat' dir='ltr'>spirituali,</span> <span class='ocrx_word' id='word_1_82' title='bbox 1064 1452 1165 1534; x_wconf 89' lang='lat' dir='ltr'>quien</span> 
     </span>
     <span class='ocr_line' id='line_1_11' title="bbox 111 1543 1163 1630; baseline -0.006 -19"><span class='ocrx_word' id='word_1_83' title='bbox 111 1567 172 1630; x_wconf 87' lang='lat' dir='ltr'>per</span> <span class='ocrx_word' id='word_1_84' title='bbox 191 1548 272 1610; x_wconf 89' lang='lat' dir='ltr'>talia</span> <span class='ocrx_word' id='word_1_85' title='bbox 291 1568 378 1630; x_wconf 91' lang='lat' dir='ltr'>quae</span> <span class='ocrx_word' id='word_1_86' title='bbox 395 1548 559 1612; x_wconf 89' lang='lat' dir='ltr'>ecclesiae</span> <span class='ocrx_word' id='word_1_87' title='bbox 577 1557 656 1611; x_wconf 89' lang='lat' dir='ltr'>sunt</span> <span class='ocrx_word' id='word_1_88' title='bbox 676 1549 886 1610; x_wconf 88' lang='lat' dir='ltr'>dominatum</span> <span class='ocrx_word' id='word_1_89' title='bbox 906 1558 1081 1629; x_wconf 87' lang='lat' dir='ltr'>quaerunt,</span> <span class='ocrx_word' id='word_1_90' title='bbox 1099 1543 1163 1606; x_wconf 85' lang='lat' dir='ltr'>inal</span> 
     </span>
     <span class='ocr_line' id='line_1_12' title="bbox 111 1637 1165 1713; baseline -0.006 -12"><span class='ocrx_word' id='word_1_91' title='bbox 111 1637 296 1701; x_wconf 85' lang='lat' dir='ltr'>aedificant</span> <span class='ocrx_word' id='word_1_92' title='bbox 318 1640 381 1702; x_wconf 91' lang='lat' dir='ltr'>sibi</span> <span class='ocrx_word' id='word_1_93' title='bbox 405 1649 516 1703; x_wconf 86' lang='lat' dir='ltr'>turres</span> <span class='ocrx_word' id='word_1_94' title='bbox 538 1655 831 1713; x_wconf 62' lang='lat' dir='ltr'>(aequumuaamru</span> <span class='ocrx_word' id='word_1_95' title='bbox 844 1655 1013 1712; x_wconf 71' lang='lat' dir='ltr'>opuscnone</span> <span class='ocrx_word' id='word_1_96' title='bbox 1028 1654 1109 1700; x_wconf 60' lang='lat' dir='ltr'>uram</span> <span class='ocrx_word' id='word_1_97' title='bbox 1117 1651 1165 1713; x_wconf 56' lang='grc' dir='ltr'>μ’</span> 
     </span>
     <span class='ocr_line' id='line_1_13' title="bbox 110 1727 1152 1811; baseline -0.001 -23"><span class='ocrx_word' id='word_1_98' title='bbox 110 1744 254 1802; x_wconf 74' lang='lat' dir='ltr'>n.56,5s):</span> <span class='ocrx_word' id='word_1_99' title='bbox 287 1729 378 1810; x_wconf 92' lang='lat' dir='ltr'>quod</span> <span class='ocrx_word' id='word_1_100' title='bbox 405 1728 454 1791; x_wconf 91' lang='lat' dir='ltr'>illi</span> <span class='ocrx_word' id='word_1_101' title='bbox 477 1739 559 1792; x_wconf 92' lang='lat' dir='ltr'>tunc</span> <span class='ocrx_word' id='word_1_102' title='bbox 583 1730 638 1811; x_wconf 91' lang='lat' dir='ltr'>qui</span> <span class='ocrx_word' id='word_1_103' title='bbox 665 1730 699 1791; x_wconf 92' lang='lat' dir='ltr'>in</span> <span class='ocrx_word' id='word_1_104' title='bbox 721 1748 838 1791; x_wconf 87' lang='lat' dir='ltr'>amore</span> <span class='ocrx_word' id='word_1_105' title='bbox 865 1729 899 1790; x_wconf 92' lang='lat' dir='ltr'>in</span> <span class='ocrx_word' id='word_1_106' title='bbox 927 1727 1107 1790; x_wconf 90' lang='lat' dir='ltr'>Dominum</span> <span class='ocrx_word' id='word_1_107' title='bbox 1125 1735 1152 1787; x_wconf 87' lang='lat' dir='ltr'>et</span> 
     </span>
     <span class='ocr_line' id='line_1_14' title="bbox 112 1817 1165 1902; baseline -0.006 -19"><span class='ocrx_word' id='word_1_108' title='bbox 112 1822 278 1883; x_wconf 84' lang='lat' dir='ltr'>charitate</span> <span class='ocrx_word' id='word_1_109' title='bbox 291 1841 373 1902; x_wconf 89' lang='lat' dir='ltr'>erga</span> <span class='ocrx_word' id='word_1_110' title='bbox 386 1823 577 1902; x_wconf 87' lang='lat' dir='ltr'>proximum</span> <span class='ocrx_word' id='word_1_111' title='bbox 591 1831 680 1895; x_wconf 90' lang='lat' dir='ltr'>sunt,</span> <span class='ocrx_word' id='word_1_112' title='bbox 694 1820 869 1883; x_wconf 86' lang='lat' dir='ltr'>eleventur</span> <span class='ocrx_word' id='word_1_113' title='bbox 882 1821 914 1881; x_wconf 93' lang='lat' dir='ltr'>in</span> <span class='ocrx_word' id='word_1_114' title='bbox 928 1820 1057 1881; x_wconf 86' lang='lat' dir='ltr'>caelum</span> <span class='ocrx_word' id='word_1_115' title='bbox 1073 1832 1102 1880; x_wconf 87' lang='lat' dir='ltr'>et</span> <span class='ocrx_word' id='word_1_116' title='bbox 1117 1817 1165 1879; x_wconf 87' lang='lat' dir='ltr'>inl</span> 
     </span>
     <span class='ocr_line' id='line_1_15' title="bbox 111 1914 1165 1998; baseline -0.004 -21"><span class='ocrx_word' id='word_1_117' title='bbox 111 1926 212 1977; x_wconf 90' lang='lat' dir='ltr'>antur</span> <span class='ocrx_word' id='word_1_118' title='bbox 227 1915 454 1996; x_wconf 84' lang='lat' dir='ltr'>intelligentia</span> <span class='ocrx_word' id='word_1_119' title='bbox 470 1927 505 1978; x_wconf 89' lang='lat' dir='ltr'>et</span> <span class='ocrx_word' id='word_1_120' title='bbox 522 1916 698 1998; x_wconf 91' lang='lat' dir='ltr'>sapientia,</span> <span class='ocrx_word' id='word_1_121' title='bbox 710 1914 912 1995; x_wconf 82' lang='lat' dir='ltr'>intelligitur</span> <span class='ocrx_word' id='word_1_122' title='bbox 928 1934 988 1995; x_wconf 90' lang='lat' dir='ltr'>per</span> <span class='ocrx_word' id='word_1_123' title='bbox 1000 1914 1087 1996; x_wconf 91' lang='lat' dir='ltr'>quod</span> <span class='ocrx_word' id='word_1_124' title='bbox 1102 1920 1165 1973; x_wconf 80' lang='lat' dir='ltr'>“eru</span> 
     </span>
     <span class='ocr_line' id='line_1_16' title="bbox 112 2006 1165 2089; baseline -0.003 -19"><span class='ocrx_word' id='word_1_125' title='bbox 112 2029 211 2089; x_wconf 87' lang='lat' dir='ltr'>super</span> <span class='ocrx_word' id='word_1_126' title='bbox 223 2010 315 2071; x_wconf 91' lang='lat' dir='ltr'>omni</span> <span class='ocrx_word' id='word_1_127' title='bbox 328 2019 444 2071; x_wconf 89' lang='lat' dir='ltr'>monte</span> <span class='ocrx_word' id='word_1_128' title='bbox 457 2009 529 2072; x_wconf 88' lang='lat' dir='ltr'>alto</span> <span class='ocrx_word' id='word_1_129' title='bbox 545 2021 580 2073; x_wconf 93' lang='lat' dir='ltr'>et</span> <span class='ocrx_word' id='word_1_130' title='bbox 597 2009 684 2072; x_wconf 88' lang='lat' dir='ltr'>colle</span> <span class='ocrx_word' id='word_1_131' title='bbox 701 2009 803 2082; x_wconf 88' lang='lat' dir='ltr'>elato,</span> <span class='ocrx_word' id='word_1_132' title='bbox 818 2010 888 2082; x_wconf 91' lang='lat' dir='ltr'>rivi,</span> <span class='ocrx_word' id='word_1_133' title='bbox 903 2006 1023 2070; x_wconf 69' lang='lat' dir='ltr'>duetus</span> <span class='ocrx_word' id='word_1_134' title='bbox 1035 2023 1165 2089; x_wconf 85' lang='lat' dir='ltr'>aquarum</span> 
     </span>
     <span class='ocr_line' id='line_1_17' title="bbox 114 2102 1165 2185; baseline -0.005 -21"><span class='ocrx_word' id='word_1_135' title='bbox 114 2107 242 2165; x_wconf 85' lang='lat' dir='ltr'>“mons</span> <span class='ocrx_word' id='word_1_136' title='bbox 258 2102 371 2165; x_wconf 80' lang='lat' dir='ltr'>altus&#39;”</span> <span class='ocrx_word' id='word_1_137' title='bbox 386 2102 553 2184; x_wconf 85' lang='lat' dir='ltr'>significat</span> <span class='ocrx_word' id='word_1_138' title='bbox 571 2104 626 2166; x_wconf 91' lang='lat' dir='ltr'>ubi</span> <span class='ocrx_word' id='word_1_139' title='bbox 641 2113 719 2166; x_wconf 90' lang='lat' dir='ltr'>sunt</span> <span class='ocrx_word' id='word_1_140' title='bbox 736 2105 790 2185; x_wconf 91' lang='lat' dir='ltr'>qui</span> <span class='ocrx_word' id='word_1_141' title='bbox 808 2105 840 2165; x_wconf 90' lang='lat' dir='ltr'>in</span> <span class='ocrx_word' id='word_1_142' title='bbox 857 2122 972 2164; x_wconf 89' lang='lat' dir='ltr'>amore</span> <span class='ocrx_word' id='word_1_143' title='bbox 989 2104 1021 2163; x_wconf 94' lang='lat' dir='ltr'>in</span> <span class='ocrx_word' id='word_1_144' title='bbox 1039 2102 1165 2163; x_wconf 73' lang='lat' dir='ltr'>Domini</span> 
     </span>
     <span class='ocr_line' id='line_1_18' title="bbox 113 2196 1165 2279; baseline -0.005 -22"><span class='ocrx_word' id='word_1_145' title='bbox 113 2205 149 2259; x_wconf 89' lang='lat' dir='ltr'>et</span> <span class='ocrx_word' id='word_1_146' title='bbox 168 2196 294 2259; x_wconf 85' lang='lat' dir='ltr'>“collis</span> <span class='ocrx_word' id='word_1_147' title='bbox 312 2196 444 2260; x_wconf 88' lang='lat' dir='ltr'>elatus’&#39;</span> <span class='ocrx_word' id='word_1_148' title='bbox 464 2198 519 2259; x_wconf 92' lang='lat' dir='ltr'>ubi</span> <span class='ocrx_word' id='word_1_149' title='bbox 542 2197 588 2260; x_wconf 93' lang='lat' dir='ltr'>illi</span> <span class='ocrx_word' id='word_1_150' title='bbox 607 2198 663 2279; x_wconf 91' lang='lat' dir='ltr'>qui</span> <span class='ocrx_word' id='word_1_151' title='bbox 686 2199 719 2261; x_wconf 93' lang='lat' dir='ltr'>in</span> <span class='ocrx_word' id='word_1_152' title='bbox 740 2198 907 2260; x_wconf 89' lang='lat' dir='ltr'>charitate</span> <span class='ocrx_word' id='word_1_153' title='bbox 926 2216 1008 2276; x_wconf 87' lang='lat' dir='ltr'>erga</span> <span class='ocrx_word' id='word_1_154' title='bbox 1030 2196 1165 2276; x_wconf 86' lang='lat' dir='ltr'>proximu</span> 
     </span>
     <span class='ocr_line' id='line_1_19' title="bbox 113 2283 1164 2372; baseline -0.006 -19"><span class='ocrx_word' id='word_1_155' title='bbox 113 2296 134 2323; x_wconf 82' lang='lat'>‘⁸</span> <span class='ocrx_word' id='word_1_156' title='bbox 142 2291 203 2353; x_wconf 89' lang='lat' dir='ltr'>rivi</span> <span class='ocrx_word' id='word_1_157' title='bbox 211 2290 225 2314; x_wconf 92' lang='grc'>”</span> <span class='ocrx_word' id='word_1_158' title='bbox 244 2289 434 2371; x_wconf 86' lang='lat' dir='ltr'>significant</span> <span class='ocrx_word' id='word_1_159' title='bbox 453 2293 665 2372; x_wconf 89' lang='lat' dir='ltr'>sapientiam,</span> <span class='ocrx_word' id='word_1_160' title='bbox 683 2302 718 2355; x_wconf 88' lang='lat' dir='ltr'>et</span> <span class='ocrx_word' id='word_1_161' title='bbox 736 2288 885 2353; x_wconf 70' lang='lat' dir='ltr'>“ductus</span> <span class='ocrx_word' id='word_1_162' title='bbox 904 2289 1086 2372; x_wconf 87' lang='lat' dir='ltr'>aquarum”</span> <span class='ocrx_word' id='word_1_163' title='bbox 1102 2283 1164 2350; x_wconf 85' lang='lat' dir='ltr'>intel</span> 
     </span>
     <span class='ocr_line' id='line_1_20' title="bbox 113 2383 1165 2467; baseline -0.004 -21"><span class='ocrx_word' id='word_1_164' title='bbox 113 2386 276 2466; x_wconf 88' lang='lat' dir='ltr'>gentiam,</span> <span class='ocrx_word' id='word_1_165' title='bbox 300 2391 435 2467; x_wconf 87' lang='lat' dir='ltr'>“aquae</span> <span class='ocrx_word' id='word_1_166' title='bbox 444 2386 459 2410; x_wconf 86' lang='lat'>’&#39;</span> <span class='ocrx_word' id='word_1_167' title='bbox 481 2388 571 2448; x_wconf 90' lang='lat' dir='ltr'>enim</span> <span class='ocrx_word' id='word_1_168' title='bbox 595 2396 672 2448; x_wconf 88' lang='lat' dir='ltr'>sunt</span> <span class='ocrx_word' id='word_1_169' title='bbox 695 2405 775 2447; x_wconf 88' lang='lat' dir='ltr'>vera</span> <span class='ocrx_word' id='word_1_170' title='bbox 798 2405 842 2447; x_wconf 87' lang='lat' dir='ltr'>ex</span> <span class='ocrx_word' id='word_1_171' title='bbox 866 2386 986 2466; x_wconf 89' lang='lat' dir='ltr'>quibus</span> <span class='ocrx_word' id='word_1_172' title='bbox 1008 2383 1165 2463; x_wconf 80' lang='lat' dir='ltr'>intelligent</span> 
     </span>
     <span class='ocr_line' id='line_1_21' title="bbox 114 2480 649 2562; baseline 0 -20"><span class='ocrx_word' id='word_1_173' title='bbox 114 2488 149 2542; x_wconf 85' lang='lat' dir='ltr'>et</span> <span class='ocrx_word' id='word_1_174' title='bbox 168 2481 343 2561; x_wconf 90' lang='lat' dir='ltr'>sapientia.</span> <span class='ocrx_word' id='word_1_175' title='bbox 389 2480 492 2562; x_wconf 89' lang='lat' dir='ltr'>Apud</span> <span class='ocrx_word' id='word_1_176' title='bbox 512 2481 649 2554; x_wconf 76' lang='lat' dir='ltr'>Joelem,</span> 
     </span>
    </p>
   </div>
   <div class='ocr_carea' id='block_1_5' title="bbox 165 2614 1165 2753">
    <p class='ocr_par' dir='ltr' id='par_1_5' title="bbox 165 2614 1165 2753">
     <span class='ocr_line' id='line_1_22' title="bbox 165 2614 1165 2682; baseline -0.002 -11"><span class='ocrx_word' id='word_1_177' title='bbox 165 2622 249 2672; x_wconf 84' lang='lat' dir='ltr'>“Fiet</span> <span class='ocrx_word' id='word_1_178' title='bbox 267 2623 293 2671; x_wconf 93' lang='lat' dir='ltr'>in</span> <span class='ocrx_word' id='word_1_179' title='bbox 312 2624 355 2672; x_wconf 91' lang='lat' dir='ltr'>die</span> <span class='ocrx_word' id='word_1_180' title='bbox 373 2624 427 2682; x_wconf 91' lang='lat' dir='ltr'>illo,</span> <span class='ocrx_word' id='word_1_181' title='bbox 447 2624 587 2673; x_wconf 81' lang='lat' dir='ltr'>stillabunt</span> <span class='ocrx_word' id='word_1_182' title='bbox 604 2634 711 2672; x_wconf 81' lang='lat' dir='ltr'>montes</span> <span class='ocrx_word' id='word_1_183' title='bbox 728 2633 855 2679; x_wconf 83' lang='lat' dir='ltr'>mustum,</span> <span class='ocrx_word' id='word_1_184' title='bbox 869 2633 896 2672; x_wconf 87' lang='lat' dir='ltr'>et</span> <span class='ocrx_word' id='word_1_185' title='bbox 914 2623 996 2670; x_wconf 90' lang='lat' dir='ltr'>colles</span> <span class='ocrx_word' id='word_1_186' title='bbox 1014 2622 1093 2670; x_wconf 85' lang='lat' dir='ltr'>fluent</span> <span class='ocrx_word' id='word_1_187' title='bbox 1107 2614 1165 2669; x_wconf 66' lang='lat' dir='ltr'>lette.</span> 
     </span>
     <span class='ocr_line' id='line_1_23' title="bbox 245 2685 1035 2753; baseline 0 -17"><span class='ocrx_word' id='word_1_188' title='bbox 245 2704 340 2737; x_wconf 86' lang='lat' dir='ltr'>omnes</span> <span class='ocrx_word' id='word_1_189' title='bbox 353 2690 402 2738; x_wconf 89' lang='lat' dir='ltr'>rivi</span> <span class='ocrx_word' id='word_1_190' title='bbox 414 2689 533 2753; x_wconf 84' lang='lat' dir='ltr'>Jehudae</span> <span class='ocrx_word' id='word_1_191' title='bbox 546 2689 629 2737; x_wconf 87' lang='lat' dir='ltr'>fluent</span> <span class='ocrx_word' id='word_1_192' title='bbox 640 2689 717 2751; x_wconf 80' lang='lat' dir='ltr'>aquis</span> <span class='ocrx_word' id='word_1_193' title='bbox 725 2687 738 2706; x_wconf 81' lang='lat'>’⁸</span> <span class='ocrx_word' id='word_1_194' title='bbox 751 2689 796 2749; x_wconf 83' lang='lat' dir='ltr'>(iv.</span> <span class='ocrx_word' id='word_1_195' title='bbox 810 2685 855 2752; x_wconf 86' lang='lat' dir='ltr'>[B.</span> <span class='ocrx_word' id='word_1_196' title='bbox 867 2690 903 2736; x_wconf 86' lang='grc' dir='ltr'>Α.</span> <span class='ocrx_word' id='word_1_197' title='bbox 915 2685 965 2750; x_wconf 77' lang='lat' dir='ltr'>iii]</span> <span class='ocrx_word' id='word_1_198' title='bbox 982 2688 1035 2749; x_wconf 82' lang='lat'>18):</span> 
     </span>
    </p>
   </div>
   <div class='ocr_carea' id='block_1_6' title="bbox 114 2828 1165 3565">
    <p class='ocr_par' dir='ltr' id='par_1_6' title="bbox 114 2828 1165 3565">
     <span class='ocr_line' id='line_1_24' title="bbox 114 2828 1165 2912; baseline -0.005 -19"><span class='ocrx_word' id='word_1_199' title='bbox 114 2831 226 2912; x_wconf 88' lang='lat' dir='ltr'>agitur</span> <span class='ocrx_word' id='word_1_200' title='bbox 242 2832 285 2893; x_wconf 96' lang='lat' dir='ltr'>ibi</span> <span class='ocrx_word' id='word_1_201' title='bbox 305 2832 346 2893; x_wconf 94' lang='lat' dir='ltr'>de</span> <span class='ocrx_word' id='word_1_202' title='bbox 363 2832 513 2894; x_wconf 87' lang='lat' dir='ltr'>adventu</span> <span class='ocrx_word' id='word_1_203' title='bbox 534 2831 680 2904; x_wconf 87' lang='lat' dir='ltr'>Domini,</span> <span class='ocrx_word' id='word_1_204' title='bbox 698 2841 732 2893; x_wconf 86' lang='lat' dir='ltr'>et</span> <span class='ocrx_word' id='word_1_205' title='bbox 752 2831 793 2892; x_wconf 90' lang='lat' dir='ltr'>de</span> <span class='ocrx_word' id='word_1_206' title='bbox 814 2850 904 2892; x_wconf 93' lang='lat' dir='ltr'>novo</span> <span class='ocrx_word' id='word_1_207' title='bbox 920 2829 1016 2892; x_wconf 88' lang='lat' dir='ltr'>caelo</span> <span class='ocrx_word' id='word_1_208' title='bbox 1034 2839 1068 2891; x_wconf 88' lang='lat' dir='ltr'>et</span> <span class='ocrx_word' id='word_1_209' title='bbox 1084 2828 1120 2890; x_wconf 91' lang='lat' dir='ltr'>de</span> <span class='ocrx_word' id='word_1_210' title='bbox 1135 2840 1165 2886; x_wconf 80' lang='lat' dir='ltr'>nc</span> 
     </span>
     <span class='ocr_line' id='line_1_25' title="bbox 115 2921 1165 3009; baseline -0.006 -23"><span class='ocrx_word' id='word_1_211' title='bbox 115 2935 205 2987; x_wconf 89' lang='lat' dir='ltr'>terra</span> <span class='ocrx_word' id='word_1_212' title='bbox 221 2935 321 3003; x_wconf 92' lang='lat' dir='ltr'>tunc;</span> <span class='ocrx_word' id='word_1_213' title='bbox 345 2936 380 2988; x_wconf 90' lang='lat' dir='ltr'>et</span> <span class='ocrx_word' id='word_1_214' title='bbox 400 2947 458 3007; x_wconf 93' lang='lat' dir='ltr'>per</span> <span class='ocrx_word' id='word_1_215' title='bbox 472 2927 560 3009; x_wconf 89' lang='lat' dir='ltr'>quod</span> <span class='ocrx_word' id='word_1_216' title='bbox 576 2932 740 2988; x_wconf 86' lang='lat' dir='ltr'>“montes</span> <span class='ocrx_word' id='word_1_217' title='bbox 756 2925 933 2987; x_wconf 91' lang='lat' dir='ltr'>stillabunt</span> <span class='ocrx_word' id='word_1_218' title='bbox 951 2921 1115 2987; x_wconf 87' lang='lat' dir='ltr'>mustum‘&#39;</span> <span class='ocrx_word' id='word_1_219' title='bbox 1126 2921 1165 2981; x_wconf 83' lang='lat' dir='ltr'>int</span> 
     </span>
     <span class='ocr_line' id='line_1_26' title="bbox 115 3018 1165 3101; baseline -0.005 -21"><span class='ocrx_word' id='word_1_220' title='bbox 115 3019 230 3100; x_wconf 89' lang='lat' dir='ltr'>ligitur</span> <span class='ocrx_word' id='word_1_221' title='bbox 252 3020 341 3101; x_wconf 93' lang='lat' dir='ltr'>quod</span> <span class='ocrx_word' id='word_1_222' title='bbox 370 3041 414 3081; x_wconf 86' lang='lat' dir='ltr'>ex</span> <span class='ocrx_word' id='word_1_223' title='bbox 442 3021 533 3082; x_wconf 91' lang='lat' dir='ltr'>bono</span> <span class='ocrx_word' id='word_1_224' title='bbox 555 3020 678 3082; x_wconf 88' lang='lat' dir='ltr'>amoris</span> <span class='ocrx_word' id='word_1_225' title='bbox 705 3021 737 3080; x_wconf 94' lang='lat' dir='ltr'>in</span> <span class='ocrx_word' id='word_1_226' title='bbox 767 3018 950 3080; x_wconf 88' lang='lat' dir='ltr'>Dominum</span> <span class='ocrx_word' id='word_1_227' title='bbox 975 3038 1075 3080; x_wconf 89' lang='lat' dir='ltr'>omne</span> <span class='ocrx_word' id='word_1_228' title='bbox 1096 3031 1165 3076; x_wconf 85' lang='lat' dir='ltr'>veru</span> 
     </span>
     <span class='ocr_line' id='line_1_27' title="bbox 115 3107 1165 3197; baseline -0.008 -21"><span class='ocrx_word' id='word_1_229' title='bbox 115 3133 175 3197; x_wconf 88' lang='lat' dir='ltr'>per</span> <span class='ocrx_word' id='word_1_230' title='bbox 197 3114 286 3195; x_wconf 92' lang='lat' dir='ltr'>quod</span> <span class='ocrx_word' id='word_1_231' title='bbox 312 3120 330 3145; x_wconf 84' lang='lat'>‘⁴</span> <span class='ocrx_word' id='word_1_232' title='bbox 343 3113 447 3176; x_wconf 90' lang='lat' dir='ltr'>colles</span> <span class='ocrx_word' id='word_1_233' title='bbox 470 3113 574 3176; x_wconf 89' lang='lat' dir='ltr'>fluent</span> <span class='ocrx_word' id='word_1_234' title='bbox 597 3110 712 3175; x_wconf 71' lang='lat' dir='ltr'>ladie‘’</span> <span class='ocrx_word' id='word_1_235' title='bbox 734 3112 936 3192; x_wconf 84' lang='lat' dir='ltr'>intelligitur</span> <span class='ocrx_word' id='word_1_236' title='bbox 958 3112 1049 3195; x_wconf 92' lang='lat' dir='ltr'>quod</span> <span class='ocrx_word' id='word_1_237' title='bbox 1076 3130 1116 3172; x_wconf 87' lang='lat' dir='ltr'>ex</span> <span class='ocrx_word' id='word_1_238' title='bbox 1136 3107 1165 3168; x_wconf 72' lang='lat' dir='ltr'>b«</span> 
     </span>
     <span class='ocr_line' id='line_1_28' title="bbox 115 3205 1165 3289; baseline -0.004 -19"><span class='ocrx_word' id='word_1_239' title='bbox 115 3207 290 3271; x_wconf 86' lang='lat' dir='ltr'>charitatis</span> <span class='ocrx_word' id='word_1_240' title='bbox 320 3228 400 3289; x_wconf 91' lang='lat' dir='ltr'>erga</span> <span class='ocrx_word' id='word_1_241' title='bbox 430 3208 621 3289; x_wconf 88' lang='lat' dir='ltr'>proximum</span> <span class='ocrx_word' id='word_1_242' title='bbox 651 3208 721 3269; x_wconf 89' lang='lat' dir='ltr'>vita</span> <span class='ocrx_word' id='word_1_243' title='bbox 751 3205 955 3288; x_wconf 89' lang='lat' dir='ltr'>spiritualis;</span> <span class='ocrx_word' id='word_1_244' title='bbox 992 3217 1027 3269; x_wconf 89' lang='lat' dir='ltr'>et</span> <span class='ocrx_word' id='word_1_245' title='bbox 1057 3225 1112 3287; x_wconf 85' lang='lat' dir='ltr'>per</span> <span class='ocrx_word' id='word_1_246' title='bbox 1137 3217 1165 3283; x_wconf 84' lang='lat' dir='ltr'>q¹</span> 
     </span>
     <span class='ocr_line' id='line_1_29' title="bbox 117 3300 1165 3383; baseline -0.006 -17"><span class='ocrx_word' id='word_1_247' title='bbox 117 3308 264 3366; x_wconf 86' lang='lat' dir='ltr'>“omnes</span> <span class='ocrx_word' id='word_1_248' title='bbox 279 3304 339 3365; x_wconf 90' lang='lat' dir='ltr'>rivi</span> <span class='ocrx_word' id='word_1_249' title='bbox 356 3302 506 3383; x_wconf 76' lang='lat' dir='ltr'>jehudae</span> <span class='ocrx_word' id='word_1_250' title='bbox 526 3302 629 3364; x_wconf 86' lang='lat' dir='ltr'>fluent</span> <span class='ocrx_word' id='word_1_251' title='bbox 645 3301 763 3383; x_wconf 90' lang='lat' dir='ltr'>aquis”</span> <span class='ocrx_word' id='word_1_252' title='bbox 779 3300 979 3381; x_wconf 87' lang='lat' dir='ltr'>intelligitur</span> <span class='ocrx_word' id='word_1_253' title='bbox 995 3301 1084 3383; x_wconf 92' lang='lat' dir='ltr'>quod</span> <span class='ocrx_word' id='word_1_254' title='bbox 1102 3319 1142 3360; x_wconf 88' lang='lat' dir='ltr'>ex</span> <span class='ocrx_word' id='word_1_255' title='bbox 1160 3312 1165 3352; x_wconf 65' lang='grc' dir='ltr'>ε</span> 
     </span>
     <span class='ocr_line' id='line_1_30' title="bbox 116 3392 1165 3476; baseline -0.008 -20"><span class='ocrx_word' id='word_1_256' title='bbox 116 3393 205 3476; x_wconf 85' lang='lat' dir='ltr'>gulis</span> <span class='ocrx_word' id='word_1_257' title='bbox 221 3393 330 3457; x_wconf 90' lang='lat' dir='ltr'>Verbi</span> <span class='ocrx_word' id='word_1_258' title='bbox 346 3414 437 3470; x_wconf 87' lang='lat' dir='ltr'>vera,</span> <span class='ocrx_word' id='word_1_259' title='bbox 454 3414 514 3476; x_wconf 89' lang='lat' dir='ltr'>per</span> <span class='ocrx_word' id='word_1_260' title='bbox 530 3414 616 3475; x_wconf 89' lang='lat' dir='ltr'>quae</span> <span class='ocrx_word' id='word_1_261' title='bbox 635 3392 875 3474; x_wconf 87' lang='lat' dir='ltr'>intelligentia.</span> <span class='ocrx_word' id='word_1_262' title='bbox 917 3408 978 3467; x_wconf 78' lang='lat' dir='ltr'>(Sed</span> <span class='ocrx_word' id='word_1_263' title='bbox 989 3407 1165 3466; x_wconf 67' lang='lat' dir='ltr'>implentur</span> 
     </span>
     <span class='ocr_line' id='line_1_31' title="bbox 116 3482 881 3565; baseline -0.003 -19"><span class='ocrx_word' id='word_1_264' title='bbox 116 3506 170 3547; x_wconf 69' lang='lat' dir='ltr'>mu</span> <span class='ocrx_word' id='word_1_265' title='bbox 180 3501 306 3546; x_wconf 77' lang='lat' dir='ltr'>videantur</span> <span class='ocrx_word' id='word_1_266' title='bbox 316 3514 395 3558; x_wconf 77' lang='lat' dir='ltr'>supra,</span> <span class='ocrx_word' id='word_1_267' title='bbox 407 3513 431 3546; x_wconf 84' lang='lat' dir='ltr'>n.</span> <span class='ocrx_word' id='word_1_268' title='bbox 444 3483 564 3563; x_wconf 72' lang='lat' dir='ltr'>376[l].)</span> <span class='ocrx_word' id='word_1_269' title='bbox 606 3482 712 3565; x_wconf 87' lang='lat' dir='ltr'>Apud</span> <span class='ocrx_word' id='word_1_270' title='bbox 730 3482 881 3557; x_wconf 79' lang='lat' dir='ltr'>Nahum,</span> 
     </span>
    </p>
   </div>
   <div class='ocr_carea' id='block_1_7' title="bbox 167 3608 1155 3744">
    <p class='ocr_par' dir='ltr' id='par_1_7' title="bbox 167 3608 1155 3744">
     <span class='ocr_line' id='line_1_32' title="bbox 167 3608 1155 3744; baseline -0.005 -80"><span class='ocrx_word' id='word_1_271' title='bbox 167 3616 186 3638; x_wconf 81' lang='lat'>⁴⁸</span> <span class='ocrx_word' id='word_1_272' title='bbox 194 3614 235 3664; x_wconf 84' lang='lat' dir='ltr'>En</span> <span class='ocrx_word' id='word_1_273' title='bbox 248 3629 330 3744; x_wconf 42' lang='lat' dir='ltr'>apel}</span> <span class='ocrx_word' id='word_1_274' title='bbox 340 3615 476 3744; x_wconf 45' lang='lat' dir='ltr'>montssus</span> <span class='ocrx_word' id='word_1_275' title='bbox 488 3614 569 3677; x_wconf 75' lang='lat' dir='ltr'>pedes</span> <span class='ocrx_word' id='word_1_276' title='bbox 581 3609 812 3678; x_wconf 80' lang='lat' dir='ltr'>evangelizantis[,</span> <span class='ocrx_word' id='word_1_277' title='bbox 827 3609 1031 3676; x_wconf 77' lang='lat' dir='ltr'>proclamantis]</span> <span class='ocrx_word' id='word_1_278' title='bbox 1047 3608 1155 3675; x_wconf 82' lang='lat' dir='ltr'>pacem”</span> 
     </span>
     <span class='ocr_line' id='line_1_33' title="bbox 288 3691 453 3740; baseline 0.018 -11"><span class='ocrx_word' id='word_1_279' title='bbox 288 3716 294 3729; x_wconf 92' lang='lat'><strong>.</strong></span> <span class='ocrx_word' id='word_1_280' title='bbox 335 3691 412 3740; x_wconf 81' lang='lat'><strong>.1.15</strong></span> <span class='ocrx_word' id='word_1_281' title='bbox 446 3697 453 3732; x_wconf 72' lang='grc' dir='ltr'>ι</span> 
     </span>
    </p>
   </div>
   <div class='ocr_carea' id='block_1_8' title="bbox 117 3811 378 3893">
    <p class='ocr_par' dir='ltr' id='par_1_8' title="bbox 117 3811 378 3893">
     <span class='ocr_line' id='line_1_34' title="bbox 117 3811 378 3893; baseline -0.004 -18"><span class='ocrx_word' id='word_1_282' title='bbox 117 3812 206 3893; x_wconf 89' lang='lat' dir='ltr'>apud</span> <span class='ocrx_word' id='word_1_283' title='bbox 225 3811 378 3887; x_wconf 83' lang='lat' dir='ltr'>Esaiam,</span> 
     </span>
    </p>
   </div>
   <div class='ocr_carea' id='block_1_9' title="bbox 168 3921 1159 4039">
    <p class='ocr_par' dir='ltr' id='par_1_9' title="bbox 168 3921 1159 4039">
     <span class='ocr_line' id='line_1_35' title="bbox 168 3921 1159 4039; baseline -0.002 -65"><span class='ocrx_word' id='word_1_284' title='bbox 168 3925 282 3990; x_wconf 79' lang='lat' dir='ltr'>“Quam</span> <span class='ocrx_word' id='word_1_285' title='bbox 294 3925 402 3986; x_wconf 87' lang='lat' dir='ltr'>jucundi</span> <span class='ocrx_word' id='word_1_286' title='bbox 412 3935 474 3975; x_wconf 85' lang='lat' dir='ltr'>sunt</span> <span class='ocrx_word' id='word_1_287' title='bbox 487 3922 580 3991; x_wconf 89' lang='lat' dir='ltr'>[super</span> <span class='ocrx_word' id='word_1_288' title='bbox 589 3921 832 4039; x_wconf 44' lang='lat' dir='ltr'>montibuskpedes</span> <span class='ocrx_word' id='word_1_289' title='bbox 841 3924 1062 3987; x_wconf 82' lang='lat' dir='ltr'>exangelizantis,</span> <span class='ocrx_word' id='word_1_290' title='bbox 1073 3924 1159 3973; x_wconf 83' lang='lat' dir='ltr'>audire</span> 
     </span>
    </p>
   </div>
   <div class='ocr_carea' id='block_1_10' title="bbox 248 3987 1132 4053">
    <p class='ocr_par' dir='ltr' id='par_1_10' title="bbox 248 3987 1132 4053">
     <span class='ocr_line' id='line_1_36' title="bbox 248 3987 1132 4053; baseline -0.001 -14"><span class='ocrx_word' id='word_1_291' title='bbox 248 3992 318 4039; x_wconf 83' lang='lat' dir='ltr'>entis</span> <span class='ocrx_word' id='word_1_292' title='bbox 330 4005 444 4052; x_wconf 81' lang='lat' dir='ltr'>pacem..</span> <span class='ocrx_word' id='word_1_293' title='bbox 455 4028 477 4042; x_wconf 87' lang='lat'>..</span> <span class='ocrx_word' id='word_1_294' title='bbox 488 3991 611 4041; x_wconf 77' lang='lat' dir='ltr'>dicentis</span> <span class='ocrx_word' id='word_1_295' title='bbox 623 3990 708 4050; x_wconf 90' lang='lat' dir='ltr'>Zioni,</span> <span class='ocrx_word' id='word_1_296' title='bbox 748 4000 829 4053; x_wconf 84' lang='lat' dir='ltr'>egnat</span> <span class='ocrx_word' id='word_1_297' title='bbox 841 3987 926 4038; x_wconf 78' lang='lat' dir='ltr'>1¹1Rex</span> <span class='ocrx_word' id='word_1_298' title='bbox 938 4000 1000 4039; x_wconf 84' lang='lat' dir='ltr'>tuus</span> <span class='ocrx_word' id='word_1_299' title='bbox 1008 3990 1022 4009; x_wconf 89' lang='lat'><strong>”</strong></span> <span class='ocrx_word' id='word_1_300' title='bbox 1035 3990 1081 4052; x_wconf 78' lang='lat' dir='ltr'>(lii.</span> <span class='ocrx_word' id='word_1_301' title='bbox 1094 3992 1132 4051; x_wconf 82' lang='lat'>7):</span> 
     </span>
    </p>
   </div>
   <div class='ocr_carea' id='block_1_11' title="bbox 118 4104 381 4187">
    <p class='ocr_par' dir='ltr' id='par_1_11' title="bbox 118 4104 381 4187">
     <span class='ocr_line' id='line_1_37' title="bbox 118 4104 381 4187; baseline -0.008 -19"><span class='ocrx_word' id='word_1_302' title='bbox 118 4104 207 4187; x_wconf 88' lang='lat' dir='ltr'>apud</span> <span class='ocrx_word' id='word_1_303' title='bbox 226 4105 381 4179; x_wconf 86' lang='lat' dir='ltr'>eundern,</span> 
     </span>
    </p>
   </div>
   <div class='ocr_carea' id='block_1_12' title="bbox 169 4216 1165 4347">
    <p class='ocr_par' dir='ltr' id='par_1_12' title="bbox 169 4216 1165 4347">
     <span class='ocr_line' id='line_1_38' title="bbox 169 4216 1165 4280; baseline -0.002 -12"><span class='ocrx_word' id='word_1_304' title='bbox 169 4216 279 4280; x_wconf 84' lang='lat' dir='ltr'>“Super</span> <span class='ocrx_word' id='word_1_305' title='bbox 288 4228 407 4267; x_wconf 84' lang='lat' dir='ltr'>montem</span> <span class='ocrx_word' id='word_1_306' title='bbox 416 4219 499 4268; x_wconf 83' lang='lat' dir='ltr'>altum</span> <span class='ocrx_word' id='word_1_307' title='bbox 509 4219 625 4268; x_wconf 82' lang='lat' dir='ltr'>ascende</span> <span class='ocrx_word' id='word_1_308' title='bbox 634 4218 901 4280; x_wconf 81' lang='lat' dir='ltr'>tibi,evangelizatrix</span> <span class='ocrx_word' id='word_1_309' title='bbox 911 4217 990 4276; x_wconf 73' lang='lat' dir='ltr'>Zion:</span> <span class='ocrx_word' id='word_1_310' title='bbox 1008 4218 1107 4267; x_wconf 84' lang='lat' dir='ltr'>extolle</span> <span class='ocrx_word' id='word_1_311' title='bbox 1117 4231 1165 4266; x_wconf 87' lang='lat' dir='ltr'>cun</span> 
     </span>
     <span class='ocr_line' id='line_1_39' title="bbox 248 4283 1066 4347; baseline 0.002 -14"><span class='ocrx_word' id='word_1_312' title='bbox 248 4293 304 4333; x_wconf 84' lang='lat' dir='ltr'>tute</span> <span class='ocrx_word' id='word_1_313' title='bbox 316 4298 410 4332; x_wconf 88' lang='lat' dir='ltr'>vocem</span> <span class='ocrx_word' id='word_1_314' title='bbox 422 4294 504 4343; x_wconf 79' lang='lat' dir='ltr'>tuam,</span> <span class='ocrx_word' id='word_1_315' title='bbox 518 4285 726 4346; x_wconf 84' lang='lat' dir='ltr'>evangelizatrix</span> <span class='ocrx_word' id='word_1_316' title='bbox 740 4284 931 4346; x_wconf 84' lang='lat' dir='ltr'>Hierosolyma</span> <span class='ocrx_word' id='word_1_317' title='bbox 939 4283 953 4302; x_wconf 89' lang='lat'><strong>”</strong></span> <span class='ocrx_word' id='word_1_318' title='bbox 966 4285 1012 4345; x_wconf 87' lang='lat' dir='ltr'>(xl.</span> <span class='ocrx_word' id='word_1_319' title='bbox 1025 4290 1066 4347; x_wconf 85' lang='lat'>9):</span> 
     </span>
    </p>
   </div>
   <div class='ocr_carea' id='block_1_13' title="bbox 117 4415 1162 4492">
    <p class='ocr_par' dir='ltr' id='par_1_13' title="bbox 117 4415 1162 4492">
     <span class='ocr_line' id='line_1_40' title="bbox 117 4415 1162 4492; baseline -0.007 -7"><span class='ocrx_word' id='word_1_320' title='bbox 117 4415 201 4486; x_wconf 79' lang='lat' dir='ltr'>haec</span> <span class='ocrx_word' id='word_1_321' title='bbox 221 4415 264 4480; x_wconf 89' lang='lat' dir='ltr'>de</span> <span class='ocrx_word' id='word_1_322' title='bbox 282 4417 430 4480; x_wconf 89' lang='lat' dir='ltr'>adventu</span> <span class='ocrx_word' id='word_1_323' title='bbox 454 4417 601 4492; x_wconf 87' lang='lat' dir='ltr'>Domini,</span> <span class='ocrx_word' id='word_1_324' title='bbox 621 4428 657 4480; x_wconf 91' lang='lat' dir='ltr'>et</span> <span class='ocrx_word' id='word_1_325' title='bbox 676 4417 718 4480; x_wconf 91' lang='lat' dir='ltr'>de</span> <span class='ocrx_word' id='word_1_326' title='bbox 739 4417 928 4479; x_wconf 89' lang='lat' dir='ltr'>salvatione</span> <span class='ocrx_word' id='word_1_327' title='bbox 947 4435 1063 4479; x_wconf 87' lang='lat' dir='ltr'>eorum</span> <span class='ocrx_word' id='word_1_328' title='bbox 1082 4426 1162 4479; x_wconf 90' lang='lat' dir='ltr'>tunc</span> 
     </span>
    </p>
   </div>
   <div class='ocr_carea' id='block_1_14' title="bbox 0 0 1355 4988">
    <p class='ocr_par' dir='ltr' id='par_1_14' title="bbox 0 0 1355 4988">
     <span class='ocr_line' id='line_1_41' title="bbox 0 0 1355 4988; baseline 0 0"><span class='ocrx_word' id='word_1_329' title='bbox 0 0 1355 4988; x_wconf 95' lang='lat' dir='ltr'> </span> 
     </span>
    </p>
   </div>
  </div>
 </body>
</html>
