2716 4986
163 473 227 539 826
470 487 719 540 arocnirnsis
742 487 967 538 exsucata.

162 667 236 725 tare
256 632 412 719 Divinum
432 656 626 719 Humanum
643 655 754 738 quoad
773 656 932 720 Divinum
952 655 1095 731 Bonum,
1113 656 1352 738 templuiff¹

164 751 275 831 quoad
296 749 453 812 Divinum
471 751 597 812 Verum
618 750 803 831 procedens
822 770 866 813 ex
886 749 945 812 illo
964 750 1080 826 Bono;
1104 751 1194 832 quod
1212 751 1352 812 duO

162 843 220 907 illa
249 843 508 925 significaverint
540 843 721 906 Dominum
751 845 863 925 quoad
893 844 1052 906 Divinum
1084 844 1352 907 Humanum?

165 937 282 1019 Ipsius,
299 949 370 1001 erat
388 959 499 1013 causa,
512 939 588 1020 quia
603 940 716 1000 omnia
732 937 842 999 cultus
861 939 893 999 in
912 937 970 999 illa
985 937 1131 1000 ecclesia
1147 959 1343 1020 repraeae

163 1034 345 1099 sentabant
363 1032 484 1094 Divina
499 1053 584 1114 quae
600 1031 786 1113 procedunt
803 1051 822 1092 a
842 1032 1000 1104 Domino,
1018 1052 1103 1113 quae
1119 1033 1337 1097 caelestia·

163 1136 201 1196 et,
216 1127 400 1207 spiritualia
419 1139 592 1197 vocantur,
613 1138 648 1187 et
671 1127 741 1206 ipse
761 1126 872 1188 cultus
891 1126 1120 1207 principaliter
1139 1146 1320 1207 perage*

162 1220 261 1283 batur
280 1241 377 1301 super
397 1221 495 1282 altari
513 1231 548 1282 et
570 1221 603 1281 in
623 1219 763 1300 templo,
782 1239 884 1300 quare
907 1234 965 1300 per
984 1219 1041 1281 illa
1060 1220 1128 1282 duo
1147 1241 1315 1301 reprae-

162 1315 360 1376 sentabatur
374 1313 450 1394 lpse
464 1314 638 1376 Dominus.
684 1313 784 1393 Quod
797 1314 961 1394 templum
975 1315 1302 1394 repraesentaverit

163 1407 320 1470 Divinum
342 1407 537 1469 Humanum
557 1407 675 1488 ipsius,
695 1408 820 1489 apertis
838 1409 948 1470 verbis
972 1407 1049 1488 lpse
1068 1407 1172 1472 docet
1192 1408 1301 1489 aput}

162 1501 362 1576 Jolcanmm,

213 1630 231 1653 ss
325 1628 330 1638 ⁸
369 1628 374 1638 '
672 1627 677 1638 ¹
1142 1627 1148 1640 ⁶

238 1626 1297 1756 Dimittitbrutuitaul‘llffitlffllttlatinis

294 1758 462 1806 exsuscitabo
475 1758 539 1804 illud
549 1772 566 1811 ;.
578 1794 583 1805 .
594 1758 653 1805 ‚sed
667 1755 728 1818 lpse
743 1757 901 1818 loquebatur
914 1757 947 1804 de
960 1757 1074 1819 Templo
1087 1758 1209 1820 corporis
1221 1756 1298 1807 sui’

294 1824 331 1884 (ii.
343 1824 438 1882 18-23;
456 1832 512 1871 tum
525 1822 622 1870 Matri.
634 1823 705 1870 xxvi.
716 1822 763 1881 61;
780 1833 807 1869 et
819 1822 900 1882 alibi).

165 1927 266 2036 Quod
297 1954 460 2016 Dominus
490 1954 626 2028 dixerit,
656 1973 732 2016 cum
761 1953 914 2035 discipuli
944 1955 1184 2018 monstrabant
1216 1955 1289 2037 ipsi

164 2047 347 2114 structuras
366 2049 494 2131 templi,

173 2212 176 2220 ·
213 2182 291 2247 Quod
307 2184 324 2205 “
332 2197 386 2258 pon
400 2183 563 2307 repnquetur
575 2181 643 2244 lapis
654 2196 735 2243 super
746 2181 833 2243 lapide
846 2182 890 2244 qui
908 2196 962 2230 non
975 2182 1161 2232 dissolvetur”
1172 2183 1285 2244 (March.

294 2262 365 2296 xxiv.
379 2260 401 2304 2,
414 2260 428 2307 3
441 2285 447 2303 ,

165 2372 375 2455 significabat
400 2374 488 2455 quod
518 2374 683 2435 Dominus
707 2394 840 2454 prorsus
864 2387 1046 2454 negaretur
1068 2377 1159 2457 apud
1186 2376 1281 2449 illos;

165 2489 267 2550 quare
286 2469 387 2530 etiam
408 2467 571 2548 templum
592 2467 740 2528 funditus
758 2465 966 2529 destructum
987 2479 1049 2530 est.

227 2559 287 2642 [0.]
320 2559 420 2639 Quod
444 2563 547 2620 etiam
567 2558 677 2619 altare
696 2556 938 2638 significaverit
963 2557 1124 2618 Divinum
1150 2557 1278 2619 Huma-

166 2671 245 2713 num
265 2651 410 2724 Domini,
431 2649 587 2712 concludi
610 2662 724 2730 potest
747 2671 766 2711 a
790 2650 926 2712 Domini
949 2650 1058 2711 verbis
1081 2651 1172 2731 apud
1190 2649 1277 2710 Mat·

167 2745 308 2817 thaeum,

217 2871 234 2890 ‘⁶
242 2867 297 2916 Vae
311 2867 395 2922 vobis,
409 2867 490 2915 duces
502 2867 581 2922 caeci,
593 2867 655 2928 quia
666 2867 762 2921 dicitis.
775 2867 931 2930 Quicunque
942 2867 1069 2928 juraverit
1083 2883 1130 2929 per
1143 2868 1277 2930 templum,

296 2933 361 2980 nihil
379 2943 428 2988 est,
449 2933 596 2993 quicunque
615 2946 679 2979 vero
696 2932 824 2993 juraverit
843 2948 889 2994 per
910 2948 1004 2980 aurum
1025 2933 1126 2994 templi,
1148 2948 1210 2982 reus
1227 2946 1280 2985 esu

296 2998 370 3045 stulti
382 3008 407 3045 et
425 2998 505 3053 caeci,
521 3008 608 3044 utrum
622 2996 708 3057 majus
727 3007 776 3052 est,
790 3012 942 3054 autuman
961 2998 1089 3058 ternplum
1102 3000 1174 3060 quod
1186 2996 1280 3046 sancli-

296 3062 355 3115 licat
367 3063 478 3110 aurum?
511 3062 589 3115 Tum.
605 3062 761 3124 Quicunque
773 3062 900 3123 juraverit
914 3078 961 3124 per
977 3063 1068 3117 altare,
1084 3063 1149 3110 nihil
1163 3075 1212 3119 est.
1227 3064 1280 3126 qui·

297 3142 400 3189 cunque
413 3142 476 3175 vero
491 3127 617 3188 juraverit
633 3142 679 3188 per
693 3128 793 3175 donum
806 3128 877 3190 quod
889 3142 968 3189 super
986 3128 1041 3184 illo,
1056 3143 1116 3177 reus
1128 3138 1187 3185 est;
1210 3130 1281 3177 stulti

297 3205 323 3241 et
344 3194 422 3249 caeci,
443 3202 530 3240 utrum
552 3191 639 3252 majus
659 3201 700 3240 est
720 3193 820 3240 donum
840 3207 918 3254 quarn
939 3193 1023 3240 altare
1043 3194 1114 3254 quod
1135 3192 1281 3242 sanctificat

296 3259 415 3307 donum?
448 3258 499 3319 Qui
512 3258 584 3304 enim
596 3257 666 3318 jurat
678 3272 725 3318 per
737 3258 829 3314 altare,
843 3258 913 3319 jurat
926 3272 973 3318 per
985 3258 1050 3305 illud
1062 3270 1088 3305 et
1100 3273 1148 3319 per
1160 3274 1241 3306 omne
1255 3260 1280 3306 id

297 3324 367 3386 quod
384 3337 463 3384 super
481 3323 527 3369 illo
539 3332 596 3377 est;
619 3332 646 3370 et
663 3323 707 3384 qui
719 3322 789 3383 jurat
807 3337 854 3383 per
871 3323 1008 3383 templum.
1022 3322 1092 3384 jurat
1105 3338 1152 3384 per
1170 3325 1242 3379 illud.
1257 3335 1282 3372 et

298 3404 344 3451 per
356 3388 421 3436 Eum
432 3388 475 3450 qui
486 3388 586 3435 habitat
599 3387 626 3434 in
636 3387 698 3436 illo:
718 3398 743 3435 et
756 3389 799 3450 qui
812 3387 882 3448 jurat
893 3402 939 3448 per
952 3389 1063 3445 caelum,
1074 3388 1145 3449 jurat
1154 3404 1203 3450 per
1212 3391 1283 3437 thro-

298 3468 361 3501 num
376 3453 433 3509 Dei,
448 3464 474 3500 et
487 3467 533 3514 per
547 3452 613 3500 Eum
626 3454 669 3513 qui
682 3452 757 3500 sedet
769 3467 849 3514 super
861 3451 926 3500 illo”
939 3453 1021 3513 (xxiii.
1036 3454 1141 3514 16-22lz

168 3589 289 3652 dicitur
307 3586 394 3667 quod
415 3583 578 3665 templum
598 3580 785 3645 sanctificet
804 3603 919 3644 aurum
939 3583 1028 3664 quod
1053 3585 1085 3644 in
1104 3604 1146 3645 eo
1164 3597 1228 3659 est,
1248 3596 1282 3646 et

169 3680 258 3761 quod
277 3679 385 3741 altare
403 3676 588 3740 sanctificet
613 3678 736 3737 donum
756 3677 846 3757 quod
864 3698 962 3757 super
981 3698 1043 3751 eo;
1073 3689 1107 3738 et
1127 3678 1173 3738 sic
1193 3679 1282 3759 quod

169 3773 331 3853 templum
362 3783 396 3834 et
426 3772 533 3834 altare
560 3772 678 3833 fuerint
707 3769 928 3842 sanctissima,
957 3792 1000 3832 ex
1031 3771 1150 3852 quibus
1177 3774 1285 3833 omnis

168 3865 408 3939 sanctificatim
433 3886 533 3947 quare
552 3885 609 3945 per
624 3875 642 3894 ⁴·
653 3864 816 3945 templum
826 3864 840 3886 ’¹
854 3875 888 3926 et
906 3874 924 3895 ‘⁶
934 3864 1065 3926 altare''
1077 3864 1286 3944 significatur

169 3962 333 4024 Dominus
357 3959 466 4040 quoad
492 3959 649 4019 Divinum
679 3958 884 4031 Humanum,
909 3980 952 4020 ex
982 3960 1044 4020 hoc
1069 3961 1158 4021 enirn
1182 3980 1284 4022 omne

169 4052 321 4116 sanetum
335 4052 418 4114 caeli
431 4063 465 4114 et
479 4052 642 4114 ecclesiae
656 4052 818 4132 procedit.
863 4052 920 4113 An
935 4053 1099 4134 templum
1112 4065 1147 4114 et
1164 4053 1283 4123 altare,

169 4150 231 4211 nisi
250 4149 313 4210 hoc
333 4147 549 4226 intelligatur,
567 4147 691 4228 aliquid
708 4144 916 4208 sanetificare
933 4148 1069 4227 potest?
1116 4147 1187 4210 Nec
1206 4162 1282 4229 pot·

169 4255 221 4308 est
245 4245 315 4324 ipse
339 4242 459 4313 cultuS,
480 4243 539 4303 sed
564 4242 728 4303 Dominus
751 4243 803 4303 cui
826 4240 946 4313 cultus,
967 4254 1000 4303 et
1025 4263 1044 4303 a
1067 4262 1134 4322 quo
1158 4243 1283 4303 bonum

169 4350 204 4401 et
217 4357 330 4399 verum
349 4335 476 4410 cultus;
501 4356 603 4415 quare
616 4337 736 4397 dicitur
752 4335 841 4416 quod
859 4355 926 4396 non
943 4336 1068 4396 donum
1082 4333 1283 4404 sanctificet.

169 4431 229 4494 sed
242 4430 368 4507 altare;
391 4450 449 4510 per
467 4430 619 4491 “donum
629 4429 643 4449 ”
659 4429 893 4510 intelliguntur
909 4427 1069 4491 sacrificia
1085 4450 1171 4510 quae
1189 4440 1285 4493 erant
