2684 4988
113 479 193 544 1068
420 490 670 543 aeocsrvrs1s
694 491 922 543 exemeras.

109 663 217 726 decim
243 661 388 725 tribuum
413 661 548 724 Israelis
571 661 755 724 secundum
775 662 1009 725 ordinationes
1028 663 1184 726 societatum

108 756 336 838 angelicarum
352 756 447 828 caeli,
462 757 601 837 proinde
617 756 802 818 secundum
819 756 962 818 sormam
979 756 1070 827 caeli,
1085 766 1186 820 exstasi

109 852 142 914 in
166 851 520 913 castrametationibus
544 871 657 914 earum
681 850 861 931 descriptis
883 851 973 931 apud
996 850 1112 924 Mosen,
1127 849 1187 932 quod

110 964 232 1025 nempe

163 1068 207 1116 Ad
219 1077 306 1116 ortum
319 1077 522 1116 castrametatae
535 1067 633 1116 inerint
645 1067 729 1116 tribus
738 1067 867 1130 Jehudae.
880 1067 1028 1116 lsascharis
1039 1077 1064 1117 et
1073 1065 1189 1122 Sebnlonln

239 1134 273 1181 ad
286 1133 423 1181 meridiem
438 1133 522 1180 tribus
536 1132 679 1188 Reubenis.
692 1133 834 1189 Simeonis,
849 1132 949 1187 Gadis:
967 1133 1001 1181 ad
1013 1132 1190 1181 occidenrentri·

240 1200 290 1247 bus
302 1198 446 1260 Ephraimi.
461 1197 601 1246 Menasses
611 1208 637 1247 et
648 1197 815 1259 Benjantinis
827 1212 832 1255 ;
847 1207 875 1246 et
883 1198 918 1246 ad
928 1199 1126 1260 septentrionem
1133 1198 1190 1245 tn’but

242 1263 336 1319 Danis,
352 1263 478 1311 Ascheris
490 1272 517 1311 et
530 1262 691 1324 Naphthali:
709 1277 740 1311 ac
752 1263 836 1311 tribus
850 1262 914 1311 Levi
927 1263 955 1310 in
967 1264 1056 1311 medio
1067 1272 1189 1311 castrorum:

240 1329 310 1391 quod
322 1328 403 1376 etiam
415 1327 497 1377 simili
509 1328 603 1376 ordine
616 1325 752 1390 proiectae
764 1326 865 1377 inerint
876 1328 971 1385 (Num.
983 1328 1011 1376 ii.
1024 1328 1077 1376 tad
1086 1327 1140 1387 iia).

112 1455 177 1537 Qui
204 1456 267 1518 scit
291 1457 427 1537 quinam
451 1466 528 1518 sunt
552 1466 587 1519 et
611 1455 727 1538 quales
749 1456 804 1538 qui
830 1457 863 1518 in
892 1456 996 1538 plaga
1018 1454 1151 1519 orientali
1169 1454 1190 1516 ir

111 1550 206 1614 caelo
226 1551 391 1620 habitant,
411 1571 450 1613 ac
469 1552 604 1632 quinam
624 1561 659 1614 et
683 1550 800 1633 quales
818 1552 872 1633 qui
896 1552 930 1613 in
955 1551 1056 1632 plaga
1073 1549 1191 1612 meridio-

111 1644 189 1718 nali,
206 1645 408 1707 occidentali
427 1656 461 1708 et
481 1646 750 1726 septentrionali,
767 1654 802 1708 et
821 1645 919 1708 simul
939 1647 995 1728 qui
1015 1647 1074 1708 scit
1092 1647 1191 1728 quinam

111 1750 189 1800 sunt
209 1748 242 1800 et
266 1739 382 1819 quales
405 1740 460 1821 qui
484 1759 543 1819 per
565 1741 819 1821 unamquamvis
842 1740 966 1802 tribum
991 1739 1190 1820 significantur,

112 1834 196 1894 scire
213 1843 328 1913 potest
345 1853 504 1896 arcanum
523 1854 580 1896 cur
595 1835 638 1896 ad
656 1835 820 1896 orientem
834 1844 1092 1897 castrametatae
1107 1832 1192 1895 luerint

112 1927 217 1988 tribus
235 1926 395 2007 Jehudae‚
418 1928 600 1990 lsascharis
622 1926 877 2004 et‘Sebulonis;
908 1948 966 1990 cur
995 1930 1038 1991 ad
1060 1926 1191 1990 meridiem

112 2019 217 2082 tribus
238 2020 417 2091 Reubenis.
439 2020 605 2084 Simeonis
624 2034 658 2084 et
679 2022 792 2093 Gadis,
810 2034 844 2085 et
868 2024 915 2085 sic
935 2042 1055 2103 porro;
1076 2022 1113 2083 ad
1127 2018 1192 2083 illus·

113 2115 294 2176 trationem
322 2115 430 2177 solum
459 2116 589 2178 dicetur
617 2116 659 2178 de
688 2116 838 2179 tribubus
860 2115 1024 2196 Jehudae‚
1052 2110 1192 2178 lsascharis

112 2218 147 2271 et
167 2207 354 2282 Sebulonis,
375 2212 429 2291 qui
449 2211 682 2274 castrametati
710 2210 752 2273 ad
777 2211 953 2272 orientem.
1000 2211 1059 2273 Per
1077 2209 1192 2272 “tribum

111 2302 286 2383 Jehudae'’
302 2304 510 2385 significatur
527 2305 652 2368 bonum
668 2305 791 2367 amoris
808 2305 840 2366 in
859 2304 1052 2376 Dominum,
1068 2323 1119 2384 per
1131 2301 1192 2362 “tri-

114 2397 191 2458 bum
212 2397 417 2459 lsascharis'’
436 2397 643 2479 significatur
660 2418 776 2460 verum
795 2397 881 2459 illius
901 2398 992 2468 boni,
1012 2410 1045 2461 et
1064 2418 1115 2479 per
1131 2393 1193 2456 “tri-

114 2492 192 2554 bum
217 2490 418 2553 Sebulonis”
436 2493 629 2573 conjugium
653 2493 732 2555 boni
756 2503 790 2554 et
814 2493 894 2564 veri,
912 2493 1002 2573 quod
1027 2494 1118 2553 etiarn
1137 2506 1193 2550 con·

109 2584 236 2665 jugium
257 2586 405 2649 caeleste
425 2598 574 2648 vocatur.
621 2586 673 2648 Illi
696 2587 799 2648 etiam
824 2587 878 2667 qui
902 2587 935 2647 in
956 2586 1104 2648 orientali
1123 2582 1194 2664 plaga

114 2681 147 2741 in
164 2679 259 2741 caelo
276 2681 444 2751 habitant,
463 2701 580 2742 omnes
597 2693 674 2743 sunt
692 2682 724 2742 in
741 2682 831 2742 bono
848 2682 971 2743 amoris
991 2682 1023 2742 in
1041 2681 1193 2741 Dominum.

115 2786 149 2836 et
168 2775 201 2834 in
219 2776 305 2836 veris
324 2797 367 2836 ex
389 2775 446 2839 illo
464 2777 565 2847 bon0‚
583 2787 617 2837 et
638 2776 714 2837 inde
734 2776 766 2836 in
786 2775 942 2855 conjugio
962 2776 1112 2837 caelesti:
1131 2767 1193 2833 simi·

115 2865 192 2927 liter
216 2866 464 2946 intelligendae
492 2876 570 2928 sunt
594 2866 744 2947 reliquae
772 2867 890 2928 tribus.
936 2884 1020 2939 (Quod
1034 2874 1195 2927 omnesrnculo

113 2955 220 2999 habitent
230 2957 363 2999 seeundum
374 2956 444 3011 quale
455 2969 524 2999 suum
541 2957 564 3000 in
576 2963 681 3012 quatuor
696 2955 778 3013 plagis.
790 2962 813 2999 et
829 2956 895 3011 quod
906 2956 991 3012 plagae
1008 2956 1038 2998 ibi
1055 2968 1100 2999 nou
1109 2953 1144 2997 siut
1155 2949 1195 2992 stul

114 3022 199 3080 plagae
215 3023 238 3067 in
255 3024 347 3066 mundo
363 3031 444 3067 nostro
459 3024 537 3074 solari,
549 3024 657 3067 videatur
672 3023 696 3066 in
713 3036 785 3080 opere
797 3023 835 3066 De
848 3023 918 3067 Caelo
928 3030 952 3066 et
962 3024 1064 3080 inferno,
1075 3035 1096 3065 n.
1108 3014 1194 3074 141-153l

116 3090 283 3171 Quoniam
304 3093 621 3153 castrametationes
642 3090 783 3153 filiorum
804 3090 937 3152 Israelis
957 3100 1194 3171 repraesentave-

115 3195 191 3248 runt
216 3186 445 3246 ordinationes
474 3186 677 3247 societatum
706 3185 937 3266 angelicarum
966 3185 998 3246 in
1030 3176 1194 3254 cae10,ide0

117 3279 285 3342 Bileamus
298 3299 373 3342 cum
388 3280 470 3341 vidit
488 3281 809 3343 castrametationes
828 3298 956 3351 eorum,
974 3279 1008 3340 in
1022 3279 1127 3360 spiritu
1137 3269 1194 3335 vidit

116 3375 201 3436 sicut
221 3374 363 3446 caelum,
384 3394 422 3435 ac
446 3375 663 3454 prophetavit
687 3384 721 3436 et
745 3373 921 3435 benedixit
942 3373 1029 3450 illis;
1053 3375 1091 3435 de
1108 3387 1156 3453 qua
1171 3380 1193 3424 rt

115 3469 163 3531 ita
182 3469 270 3548 apud
290 3467 415 3542 Mosen,

167 3598 185 3619 ‘¹
196 3596 343 3644 Bileamus.
354 3633 360 3644 .
370 3596 479 3645 ,direxit
488 3611 582 3644 versus
590 3596 725 3644 desertum
734 3594 817 3644 iacies
825 3609 895 3653 suas,
907 3609 1021 3657 cumque
1029 3584 1193 3664 tolleretofttlos

247 3677 318 3716 suos.
335 3671 362 3709 et
377 3662 477 3709 videret
494 3661 622 3709 lsraelem
637 3661 803 3709 habitantem
818 3661 895 3721 juxta
909 3661 997 3709 tribus
1012 3675 1082 3716 suas,
1098 3663 1154 3706 venri
1166 3659 1193 3696 ⁵l·

247 3741 294 3788 per
306 3741 366 3774 eum
382 3727 490 3787 spiritus
504 3726 563 3782 Dei,
578 3736 604 3774 et
617 3726 699 3774 edidit
711 3726 880 3774 enuntiatum
897 3727 1089 3787 propheticum,
1102 3719 1191 3776 dixitque.

250 3829 288 3840 ...
300 3792 399 3854 ¹Quam
415 3793 486 3838 bona
500 3801 562 3839 sunt
577 3792 750 3840 tabernacula
764 3801 818 3847 tua,
835 3790 945 3854 jacobe,
957 3790 1107 3839 habitacula
1117 3796 1157 3837 tus
1168 3775 1193 3824 1⁵·

247 3857 302 3906 rael
312 3871 317 3914 ;
336 3857 403 3904 sicut
413 3857 497 3905 valles
508 3857 670 3919 plantantur,
683 3857 751 3904 sicut
761 3856 830 3904 horti
840 3855 919 3918 juxta
928 3854 1066 3914 fluvium,”
1076 3865 1119 3904 etc.
1128 3847 1191 3910 (Nuu-

246 3923 317 3970 xxiv.
332 3934 385 3980 1-4,
401 3921 483 3983 seq.):

116 4053 205 4134 quod
237 4063 316 4115 tunc
341 4054 461 4116 viderit
493 4053 813 4116 castrametationes
843 4050 986 4114 filiorum
1020 4047 1137 4115 Israelis
1158 4054 1192 4100 te·

115 4148 261 4210 cundum
281 4149 387 4210 tribus
404 4149 577 4212 ordinatas
598 4159 633 4211 ut
652 4168 762 4227 supra,
781 4157 886 4228 patet,
904 4167 983 4210 nam
1004 4147 1117 4209 dicitur
1131 4125 1192 4221 quod

117 4242 306 4304 “direxerit
327 4242 428 4304 iacies
448 4264 524 4304 suas
540 4264 657 4305 versus
673 4243 857 4315 desertum,
875 4261 914 4303 ac
934 4241 1055 4304 viderit
1075 4231 1193 4302 lsraelem

116 4336 326 4398 habitantem
347 4335 446 4415 juxta
466 4337 571 4398 tribus
590 4356 667 4398 suas
681 4335 706 4413 ;”
730 4345 765 4398 et
783 4336 861 4417 quia
880 4345 961 4398 tunc
981 4336 1063 4398 vidit
1082 4329 1194 4420 ordines

116 4429 200 4492 caeli
220 4431 252 4492 in
269 4429 344 4505 illis,
358 4430 435 4493 ideo
454 4433 546 4493 venit
564 4450 664 4511 super
680 4450 756 4492 eum
776 4429 912 4511 spiritus
930 4429 1005 4504 Dei,
1019 4416 1195 4510 prophetalilt
