2716 4986
412 513 490 563 cnr.
508 513 567 574 vr,
585 509 688 564 vaus.
704 515 815 582 9.-u.
834 500 962 584 391[lr].
1182 502 1246 584 839

115 689 280 762 separata
300 702 321 743 a
342 681 513 744 charitate
533 681 725 762 significata
748 684 791 745 sit
816 693 897 746 tunc
917 703 976 765 per
999 682 1246 757 “Samariam’'

116 786 175 837 est
192 776 269 857 quia
285 796 431 857 regnum
446 775 622 856 Judaicum
639 775 851 857 significabat
866 776 1046 840 ecclesiam
1060 777 1246 843 caelestem

115 887 181 930 seu
197 870 380 932 ecclesiam
398 892 483 952 quae
500 873 532 933 in
550 871 640 933 bono
656 872 790 943 amoris,
807 882 843 934 et
860 892 1002 952 regnum
1021 873 1245 936 Israeliticum

116 963 340 1046 significabat
362 965 543 1028 ecclesiam
562 965 771 1047 spiritualem
789 977 943 1048 quaeest
962 969 994 1028 in
1014 969 1101 1030 veris
1121 988 1165 1029 ex
1185 967 1245 1031 illo

115 1060 233 1122 bono:
259 1060 325 1122 hoc
343 1059 571 1140 significatum
588 1070 641 1123 est
658 1081 717 1142 per
733 1080 874 1141 regnum
890 1060 1066 1142 Judaicum
1080 1072 1114 1124 et
1136 1060 1245 1127 Israe-

116 1154 257 1217 liticum
274 1156 411 1236 quando
427 1155 489 1216 sub
506 1175 573 1217 uno
589 1175 669 1235 rege
688 1166 797 1226 erant,
816 1175 873 1216 seu
890 1156 1027 1237 quando
1043 1152 1244 1236 conjuncta

118 1268 201 1311 eum
226 1260 343 1312 autem
367 1258 525 1330 separata
549 1258 639 1322 sunt,
665 1259 745 1312 tunc
769 1270 828 1330 per
853 1268 995 1330 regnum
1020 1248 1244 1313 Israeliticum

119 1343 355 1424 significatum
375 1355 427 1405 est
448 1362 564 1405 verum
584 1353 778 1424 separatum
795 1364 814 1404 a
834 1343 936 1416 bon0‚
954 1364 1013 1406 seu
1032 1344 1122 1426 quod
1143 1345 1243 1417 idern,

119 1439 208 1501 fides
234 1449 392 1519 separata
414 1457 434 1499 a
457 1437 636 1499 charitate.
691 1437 871 1500 Praeterea
899 1437 1012 1500 'cultus
1036 1433 1245 1519 significatur

119 1554 184 1616 per
209 1530 378 1603 “altare,”
402 1532 478 1612 quia
503 1551 562 1612 per
587 1530 843 1593 “holocausta''
862 1541 897 1594 et
923 1531 1136 1596 “sacrificia'’
1159 1552 1244 1614 qnae

121 1627 354 1690 offerebantur
366 1646 529 1706 supereo,
544 1624 694 1706 plurimis
706 1625 781 1687 aliis
794 1627 826 1686 in
844 1623 938 1697 locis,
952 1647 1038 1708 quae
1055 1627 1100 1688 ob
1111 1628 1244 1707 copiam

123 1740 192 1783 non
213 1720 447 1782 adducuntur:
472 1729 507 1781 et
530 1720 607 1800 quia
626 1719 737 1781 cultus
757 1718 991 1782 idololatricus
1014 1740 1073 1801 per
1094 1720 1244 1791 “altaria

124 1816 281 1896 gentium
293 1813 307 1837 ”
335 1813 545 1894 significatus
571 1823 638 1888 est,
661 1814 737 1875 ideo
764 1814 964 1876 mandatum
991 1825 1044 1876 est
1075 1823 1112 1875 ut
1138 1812 1244 1876 ubivis

122 1909 383 1971 destruerentur
706 1913 707 1916 ’
1234 1911 1239 1922 ’

256 2028 397 2091 (Videatur
408 2030 501 2080 Deutr.
511 2029 556 2079 vii.
568 2041 581 2090 5
592 2045 598 2088 ;
615 2044 673 2092 cap.
684 2030 729 2079 xii.
741 2043 769 2090 3:
792 2030 882 2095 Judic.
893 2031 920 2080 ii.
931 2040 960 2079 2:
979 2040 1006 2079 et
1018 2031 1107 2088 alibrl:

128 2177 173 2219 ex
200 2177 268 2238 quo
296 2165 392 2237 patet
421 2156 510 2237 quod
539 2154 660 2218 altaria
690 2157 722 2217 in
751 2177 811 2218 usu
840 2156 961 2218 suerint
990 2156 1078 2237 apud
1108 2164 1244 2217 omnem

128 2252 367 2332 posteritatem
388 2271 432 2312 ex
450 2247 574 2323 Ebero,
592 2251 639 2312 ita
658 2251 747 2331 apud
767 2252 958 2331 omnesqui
976 2249 1123 2313 Hebraei
1142 2270 1244 2313 voca·

127 2345 260 2417 bantur,
273 2346 329 2426 qui
339 2344 450 2425 quoad
460 2341 637 2425 plurimam
648 2344 921 2426 partemfuerunt
930 2345 963 2406 in
972 2354 1061 2407 terra
1073 2343 1243 2415 Canaane,

128 2448 161 2500 et
178 2440 334 2520 proxime
352 2441 474 2500 circum
489 2438 593 2510 Illam,
609 2448 681 2500 tum
697 2439 801 2500 etiam
818 2440 850 2500 in
869 2436 976 2519 Syria,
994 2439 1082 2500 unde
1103 2437 1243 2500 Abram.

129 2531 227 2613 Quod
256 2532 377 2595 fuerint
402 2534 435 2594 in
459 2544 549 2595 terra
573 2531 732 2595 Canaane
752 2543 787 2595 et
812 2534 967 2613 proxime
990 2534 1114 2595 circum
1139 2532 1242 2605 illam,

130 2638 265 2690 constat
293 2648 338 2689 ex
362 2626 536 2700 altaribus,
561 2647 647 2709 quae
675 2627 729 2697 ibi,
755 2627 952 2689 memoratis
979 2637 1014 2690 et
1042 2624 1243 2701 destructis

129 2721 216 2802 quod
236 2722 270 2783 in
291 2719 397 2800 Syria,
418 2731 556 2783 constat

181 2853 222 2901 Ex
232 2853 362 2902 altaribus
375 2869 391 2901 a
405 2853 534 2910 Bileamo,
549 2854 593 2916 qui
606 2869 622 2902 e
636 2853 712 2916 Syria
725 2863 790 2910 erat,
806 2853 954 2903 aedificatis
966 2852 1060 2914 (Num.
1072 2854 1146 2903 xxiii.
1161 2853 1198 2916 1):

181 2918 215 2967 Et
226 2934 260 2967 ex
271 2918 350 2966 altari
364 2919 391 2966 in
406 2919 541 2967 Damasco
553 2919 577 2978 (2
591 2920 651 2981 Reg.
663 2920 715 2967 xvi.
730 2920 834 2978 10-15):

182 2983 262 3033 Etex
279 2998 321 3040 eo,
338 2984 409 3046 quod
428 2985 469 3032 Ae
508 2984 555 3046 prii
577 2985 725 3032 abominati
748 2985 803 3032 sint
825 2983 966 3032 Hebraeos
987 2994 1095 3045 propter
1116 2983 1246 3033 sacrificia

256 3049 348 3108 (Exod.
361 3049 416 3097 viii.
430 3061 460 3096 22
489 3050 521 3097 B.
535 3051 569 3097 A.
583 3046 644 3112 26]),
659 3051 826 3112 usqueadeo
841 3059 939 3099 utnon
954 3050 1054 3098 vellent
1072 3065 1169 3112 panem
1184 3063 1244 3104 cum

257 3114 310 3162 illis
322 3115 465 3162 comedere
477 3115 549 3175 (Gen.
561 3115 628 3164 xliii.
639 3117 689 3175 32).

129 3236 236 3301 Causa
249 3249 333 3312 erat‚
348 3240 423 3320 quia
438 3237 593 3319 Antiqua
610 3238 765 3301 Ecclesia
779 3259 864 3320 quac
880 3237 940 3301 suit
953 3238 1097 3301 ecclesia
1111 3256 1244 3319 reprae-

129 3333 308 3403 sentativa,
326 3352 365 3395 ac
386 3353 444 3413 per
464 3333 607 3395 multum
627 3334 716 3395 orbis
736 3332 881 3395 Asiatici
901 3342 1058 3404 extensa,
1077 3333 1245 3412 ignoravit

128 3425 299 3497 sacrificia,
312 3436 346 3488 et
363 3428 499 3506 aspexit
518 3427 585 3500 illa,
600 3428 736 3509 quando
749 3427 791 3489 ab
805 3426 918 3489 Ebero
932 3428 1088 3489 instituta
1101 3425 1244 3500 luerunt,

129 3521 212 3582 sicut
232 3520 479 3596 abominanda;
504 3521 593 3602 quod
614 3540 735 3602 nempe
752 3521 883 3583 vellent
903 3519 1038 3601 placare
1059 3521 1167 3582 Deum
1189 3534 1247 3601 per

128 3614 267 3677 caedem
281 3615 489 3676 diversorum
503 3615 709 3687 animalium,
724 3626 758 3677 et
773 3616 818 3677 sic
836 3634 895 3695 per
908 3616 1117 3694 sanguinem.
1154 3615 1247 3677 Inter

128 3709 252 3790 eosqui
269 3708 313 3769 ab
326 3707 479 3789 Antiqua
497 3708 655 3771 Ecclesia
667 3709 811 3782 fuerunt,
826 3718 923 3770 erant
941 3709 1043 3770 etiam
1059 3707 1243 3789 Aegyptii3

129 3802 186 3864 sed
200 3802 234 3864 hi
247 3802 324 3882 quia
337 3801 571 3883 applicuerunt
585 3804 876 3883 repraesentativa
889 3802 931 3864 ad
946 3805 1089 3882 magica,
1101 3803 1247 3865 ecclesia

128 3896 183 3958 illa
206 3897 295 3978 apud
320 3917 378 3957 eos
402 3895 574 3959 exstrnua
597 3897 666 3960 suit.
712 3896 814 3977 Quod
838 3917 904 3959 non
935 3917 1056 3978 panem
1081 3917 1157 3959 cum
1181 3898 1251 3976 illis,

128 3991 256 4053 vellent
276 3990 466 4063 comedere,
488 4002 560 4052 erat
580 4011 692 4062 causa,
713 3992 790 4072 quia
813 4011 871 4072 per
892 3992 1060 4071 “prandia
1069 3992 1084 4013 ”
1103 4002 1138 4053 et
1160 3999 1245 4055 “ce-

128 4085 209 4146 nas”
233 4106 274 4146 eo
301 4093 455 4164 tempore
483 4085 802 4164 repraesentabatur
824 4093 859 4146 et
887 4085 966 4146 inde
992 4084 1247 4164 significabatur

128 4178 337 4240 consociatio
362 4176 553 4257 spiritualia
575 4198 660 4259 quae
684 4189 736 4240 est
761 4179 971 4240 consociatio
995 4188 1029 4239 et
1054 4175 1246 4257 conjunctio
1307 4248 1310 4253 ¹

127 4291 183 4353 per
206 4272 266 4335 illa
292 4292 377 4353 quae
406 4272 569 4333 ecclesiae
596 4282 685 4345 sunt,
711 4283 746 4334 et
775 4293 833 4352 per
860 4272 1034 4352 “panem'’
1059 4273 1092 4333 in
1119 4292 1246 4351 genere

128 4367 383 4449 significabatur
392 4368 601 4429 omniscibus
611 4368 848 4448 spiritualis‚et
859 4368 937 4430 inde
947 4366 1221 4448 per¹‘prandium
1231 4368 1245 4392 ’³

126 4470 158 4523 et
178 4457 358 4523 “cenam’'
377 4460 487 4519 omnis
510 4455 715 4538 conjunctio.
759 4475 843 4534 (Quod
853 4475 961 4531 Antiqua
973 4475 1246 4531 accierapermunum
