2684 4988
124 452 190 529 rto
435 465 681 517 nrocnuursrs
704 466 924 519 extricari.

124 648 247 697 suriant
259 635 430 698 hominem
440 636 488 698 ita
500 635 639 710 laesum,
653 637 792 700 “oleum
801 637 816 662 ”
825 639 951 703 bonum
960 642 1097 716 amoris,
1108 652 1144 705 et
1155 648 1198 705 “u

124 750 203 793 nuru
212 729 226 746 ''
239 731 363 813 bonurn
381 729 456 793 fidei
472 751 531 792 seu
543 750 658 793 verum
671 752 679 807 ;
702 732 781 813 quid
797 743 911 795 cetera
924 734 1129 815 significant,
1142 758 1198 819 que

124 842 245 904 nempe
258 832 277 854 ¹·
287 824 459 887 sustulerit
470 845 545 886 eum
556 846 655 906 super
665 827 832 906 proprium
839 826 1040 906 jumentum,
1053 839 1088 892 et
1099 830 1198 894 duxer

121 918 165 979 ud
181 918 411 992 diversorium,
429 929 464 982 et
481 919 606 982 dixerit
622 919 687 981 illis
705 920 749 982 ibi
768 931 803 983 ut
820 941 933 983 curam
950 921 1020 1002 ejus
1036 923 1198 987 haberent

122 1009 278 1073 uideatur
293 1030 394 1090 supra
410 1027 444 1080 (n.
457 1025 638 1090 3751e<vutnu
656 1010 711 1071 ubi
729 1011 787 1072 illa
806 1011 978 1092 explicata
996 1025 1089 1076 sunt.
1133 1015 1198 1095 Qut

123 1100 289 1163 “vinum''
308 1101 485 1183 significet,
499 1122 613 1165 verum
637 1103 811 1175 ecclesiae,
832 1124 900 1166 non
923 1106 1026 1167 modo
1050 1127 1096 1168 ex
1121 1107 1198 1170 allat

122 1194 208 1259 locis
224 1205 382 1259 constare
402 1206 529 1277 potest,
549 1198 731 1259 sedetiam
750 1218 794 1258 ex
813 1198 886 1259 aliis
904 1199 936 1259 in
958 1197 1077 1262 Verbo

173 1328 223 1388 (Ut
235 1329 309 1379 Emi.
319 1329 336 1378 i.
349 1342 387 1386 ιι,
399 1342 445 1385 22:
463 1344 519 1392 esp.
530 1344 591 1378 xxv.
602 1331 632 1387 (ις
650 1345 707 1392 cap.
717 1332 805 1380 xxxvi.
818 1344 861 1390 17:
880 1332 972 1381 Husch.
983 1334 1027 1382 vii.
1038 1347 1063 1391 a,
1077 1347 1099 1393 ς,
1112 1348 1158 1394 14:
1174 1350 1198 1384 er

250 1396 302 1444 xiv.
311 1394 359 1443 6-8
371 1392 416 1460 [Β.
427 1397 450 1443 A
455 1432 460 1443 .
465 1391 524 1458 5-7]
534 1412 540 1445 :
556 1397 634 1443 Amos
643 1397 669 1445 ii.
679 1397 708 1444 8:
726 1397 799 1446 Such.
809 1397 842 1444 ix.
854 1409 944 1456 15,17:
963 1398 1065 1448 Psalm.
1073 1401 1126 1449 civ.
1137 1413 1198 1460 14-11

182 1520 246 1605 [fi]
276 1519 447 1601 Quoniam
463 1519 624 1601 pleraque
641 1522 673 1582 in
688 1520 804 1583 Verbo
819 1521 922 1583 etiam
939 1525 1140 1603 oppositum
1155 1546 1198 1587 sei

120 1634 194 1679 sunt
211 1613 349 1687 babent,
367 1614 415 1676 ita
431 1633 563 1693 quoque
581 1613 752 1685 “vinum,”
768 1623 802 1675 et
821 1614 852 1675 in
872 1634 912 1676 eo
928 1613 1101 1694 significat
1117 1638 1198 1679 veru¹

120 1708 344 1779 talsiticatum,
365 1719 400 1771 et
424 1727 555 1790 quoque
578 1706 708 1780 salsum,
729 1717 764 1769 ut
788 1708 820 1769 in
844 1709 1064 1790 sequentibus
1088 1709 1198 1773 locis:-

122 1802 223 1885 Apud
242 1800 393 1876 Esaiam,

170 1934 187 1951 ⁸·
196 1926 251 1977 l'ae
259 1940 374 1975 eoronue
382 1924 529 1987 superbiae,
540 1923 619 1972 ebriis
631 1923 773 1986 Ephraimi,
784 1923 841 1972 flori
849 1920 1020 1974 1¹1decidentis
1028 1925 1132 1986 gloriae
1142 1924 1197 1991 [dec

249 1987 372 2121 fflejus,
381 2004 449 2053 quae
457 2004 536 2051 super
542 1991 627 2051 capite
634 1989 709 2038 vallis
717 1990 853 2050 pinguium
862 1992 1077 2051 perturbatorum
1086 1993 1151 2040 vino
1160 2008 1177 2041 :.
1187 2029 1193 2040 .

302 2057 359 2106 ibus
369 2055 593 2105 conculcabuntur
599 2068 699 2103 corona
707 2055 845 2116 superbiae
853 2055 918 2103 ebrii
930 2054 1067 2117 Ephraimi
1076 2070 1095 2112 ς.
1105 2094 1111 2105 .
1121 2094 1127 2105 .
1138 2057 1175 2105 .bi
1184 2071 1198 2119 p

250 2123 340 2172 uinum
347 2131 444 2177 errant,
453 2131 479 2169 et
487 2135 533 2183 per
541 2121 652 2168 siceram
661 2120 800 2177 aberrant;
813 2116 1197 2183 1¹1sacerdosetpropuetaem

249 2203 295 2251 per
304 2188 423 2243 siceram,
435 2187 611 2234 absorbentur
620 2200 635 2232 a
644 2187 715 2241 vino,
727 2186 851 2233 aberrant
863 2199 909 2247 per
918 2181 1046 2243 ulsinum,
1059 2195 1150 2235 errant
1162 2187 1197 2235 int

249 2254 377 2310 uidentes,
392 2253 507 2300 titubent
518 2250 617 2312 judicio
626 2249 639 2267 ”
651 2250 750 2311 (xxviii.
763 2262 783 2306 1,
793 2262 816 2309 3,
827 2251 865 2310 7):

118 2371 201 2435 bueo
218 2365 308 2432 uiua
325 2376 403 2429 sunt
420 2366 462 2428 de
478 2365 542 2427 illis
559 2365 613 2446 qui
629 2364 799 2426 insaniunt
818 2365 850 2425 in
867 2364 1105 2445 spiritualibus,
1124 2387 1168 2429 ex
1185 2387 1198 2428 e

116 2463 206 2547 quiid
219 2483 263 2527 ex
275 2471 383 2524 semet
394 2458 627 2539 intelligentes
637 2479 711 2520 esse
722 2458 872 2531 credant,
884 2466 918 2519 et
931 2457 1008 2520 inde
1018 2459 1198 2538 glorientur

118 2556 249 2623 illorum
269 2565 380 2618 status
399 2553 453 2614 hic
470 2552 669 2614 describitur
689 2571 747 2632 per
763 2571 871 2613 meras
887 2553 1198 2633 correspondentias

116 2652 162 2715 illi
181 2651 236 2735 qui
258 2648 429 2714 insaniunt
453 2647 484 2708 in
505 2646 731 2727 spiritualibus
751 2667 809 2707 seu
831 2645 864 2706 in
883 2646 969 2707 veris
992 2646 1198 2729 intelligunti

117 2766 173 2827 per
183 2754 202 2777 ⁴⁸
212 2740 352 2815 eluios,''
362 2750 396 2803 et
407 2741 461 2821 qui
473 2739 550 2801 inde
561 2739 793 2819 intelligentes
805 2739 991 2800 secrodunt
1002 2759 1061 2820 per
1070 2740 1198 2823 “Ephrz

115 2840 217 2903 intutu
230 2836 255 2909 :¹¹
278 2845 312 2899 et
333 2833 492 2915 gloriatio
513 2831 759 2912 intelligentiae
779 2853 836 2893 seu
855 2831 1051 2894 eruditionis
1070 2834 1150 2896 inde
1168 2855 1198 2916 pt

117 2941 307 2999 “eoronam
325 2925 529 3008 superbiae,”
546 2925 593 2987 illi
610 2926 698 2987 enim
716 2926 770 3006 qui
789 2926 821 2986 in
841 2924 929 2986 salsis
946 2922 1119 2989 doetrinae
1136 2947 1195 2990 sun

114 3036 147 3093 st
166 3024 198 3089 iu
217 3023 255 3087 ils
271 3042 307 3085 se
324 3018 619 3092 confirmaverunt,
634 3019 713 3079 dum
730 3018 939 3080 illustrantur
951 3038 989 3079 ac
1003 3019 1121 3082 vident
1135 3041 1198 3084 ver:

115 3138 147 3181 ιιι
170 3115 278 3187 ultera
302 3114 371 3177 vita
395 3111 478 3174 fiunt
503 3122 663 3193 tanquam
687 3112 788 3186 ebrii;
812 3111 898 3173 tales
921 3109 1003 3174 fiunt
1026 3114 1148 3176 eruditi
1170 3136 1198 3197 ql

114 3236 150 3281 ιι
174 3210 206 3277 lu
230 3206 320 3275 l'ulsis
344 3203 639 3275 confirmaverunt,
665 3213 699 3266 et
723 3206 754 3266 in
779 3204 869 3266 falsis
892 3225 927 3266 se
951 3203 1149 3269 confirmare
1172 3228 1198 3269 e!

113 3328 156 3377 ex
183 3310 291 3369 aaut
316 3310 350 3365 et
375 3318 442 3361 non
466 3319 486 3360 a
510 3298 677 3373 Domino;
701 3298 778 3359 inde
801 3308 898 3378 patet
917 3298 994 3379 quid
1017 3299 1198 3379 significati

114 3419 166 3479 vot
186 3408 205 3431 '⁸
218 3394 289 3463 t'ue
304 3413 450 3457 coronae
463 3393 648 3473 superbiae,
664 3392 761 3453 ebriis
778 3391 950 3472 Ephraimi
962 3391 988 3452 :”
1007 3411 1066 3472 per
1080 3399 1099 3423 ‘⁸
1109 3393 1198 3457 florei

112 3488 328 3563 “iloilileutis
347 3486 475 3567 gloriae
492 3505 577 3566 quae
597 3505 696 3565 super
714 3485 825 3565 capite
842 3484 938 3546 vallis
957 3486 1130 3565 pinguium
1149 3508 1198 3570 pei

113 3598 161 3659 tiu
170 3584 325 3657 luiturum
345 3578 453 3651 vino,”
473 3577 679 3659 significatur
697 3597 811 3639 verum
831 3577 993 3640 ecclesiae
1013 3580 1046 3640 in
1066 3599 1127 3642 sua
1147 3601 1198 3643 na·

112 3692 224 3755 ιφιιιιιι
248 3673 461 3759 deperditum
485 3693 529 3734 ex
556 3671 759 3752 gloriatione
785 3671 1032 3761 intelligentiae
1058 3676 1198 3756 propria«

111 3796 197 3875 Quum
220 3782 270 3837 uit
299 3765 461 3831 naturalis
489 3765 633 3827 hominis
657 3766 803 3846 separati
826 3785 846 3826 a
869 3764 1041 3847 spirituali,
1061 3769 1119 3849 qui
1144 3777 1198 3831 tun

112 3870 200 3943 ,illut
232 3862 349 3933 lulium
379 3859 456 3923 loco
480 3860 567 3935 veri;
596 3858 685 3920 “flos
711 3858 862 3939 gloriae”
885 3868 937 3921 est
960 3879 1076 3922 verum
1103 3861 1138 3924 in
1165 3882 1198 3924 su

112 3960 285 4031 iii-uotiua
310 3954 435 4021 uadens
459 3974 517 4014 seu
545 3953 723 4033 perditum,
751 3958 883 4033 “caput
906 3952 1002 4014 vallis
1025 3954 1199 4034 pinguium

109 4072 160 4135 ι-ιι
182 4049 409 4135 intelllgi-ntia
430 4046 592 4108 naturalis
612 4045 766 4119 hominis
787 4046 1001 4126 “perturbati
1020 4047 1100 4109 vino
1110 4047 1125 4071 ”
1144 4068 1198 4110 sur

109 4166 164 4245 uui
174 4172 186 4219 ι
196 4148 287 4217 uluut
302 4141 420 4209 litlsuur
434 4139 510 4202 loco
521 4140 608 4201 veri:
625 4139 793 4220 “pedibus
803 4137 1198 4203 conculcabunturcoron

112 4244 283 4337 „gaulinus
302 4235 383 4301 ululi
406 4231 603 4315 liphraimi’'
622 4230 790 4312 significat
810 4233 899 4313 quod
922 4251 1055 4312 prorsus
1074 4235 1198 4314 peritur

111 4354 149 4415 ut
171 4338 226 4411 lllu
247 4328 494 4409 tutulllgeutia:
522 4325 584 4386 ⁴·hi
603 4346 662 4407 per
680 4327 793 4387 vinum
813 4335 925 4404 errant
945 4335 979 4387 et
1003 4345 1061 4406 per
1081 4328 1198 4390 sicerar

110 4426 291 4511 „mugiit”
316 4419 486 4507 ulgrtilicut
519 4439 577 4500 per
604 4418 686 4481 falsa
714 4429 748 4481 et
776 4439 834 4500 per
862 4418 917 4479 illa
945 4439 1031 4500 quae
1059 4441 1104 4482 ex
1135 4421 1198 4482 illis
