2684 4988
119 484 184 563 840
432 497 682 551 Arocnrrrsrs
705 496 929 548 uxrmcars.

118 666 183 711 orbis
190 664 569 726 AsluticimempeperAsyriam,
577 658 1207 724 Mesopotamiam.Syr·iam,Aethiopiamilrabianl.

117 731 199 792 byam,
210 735 355 793 Aegyptum,
368 735 534 781 Phillsthaoum
546 735 664 792 usquead
673 735 766 792 Tyrum
777 741 800 778 et
816 734 939 783 Zldonem.
950 745 994 790 per
1004 738 1089 775 terram
1100 730 1207 775 Canum

110 799 152 846 'uls
166 807 192 846 et
206 809 270 845 trans
284 802 424 862 Jordunem,
440 803 509 848 fuerit
525 810 629 854 exterma.
640 801 749 846 videatur
764 814 787 847 n.
805 803 871 857 1238,
883 803 955 857 2385:
974 799 1042 855 quod
1057 798 1122 842 luerit
1136 794 1207 842 ecclesi

117 870 323 925 repraesentativa.
339 883 361 914 n.
374 882 425 927 519.
437 870 573 927 521,2⁸96;
593 871 623 914 de
639 869 740 914 ecclesia
754 869 786 913 ab
803 868 883 912 Fbero
897 867 1012 916 instituta.
1028 878 1090 922 quae
1104 871 1176 909 vomu
1187 874 1207 906 ee

119 934 225 981 Ecclesia
238 936 355 987 Hebraea.
365 951 389 983 n.
400 940 465 994 1238.
478 950 544 994 ιω,
558 949 623 994 1343,
634 937 702 993 4516,
712 947 785 993 4517;
802 936 868 993 quod
878 934 993 979 sacrificiu
1003 934 1035 978 ab
1047 933 1123 977 Ebero
1132 930 1207 989 primur

117 1001 212 1060 incepta
227 1003 319 1056 fuerint¹
331 1014 354 1048 et
365 1005 421 1049 dein
437 1005 461 1048 in
472 1018 517 1049 usu
528 1005 594 1062 apud
609 1011 717 1061 posteros
727 1004 785 1061 ejus,
796 1016 820 1048 n.
833 1004 899 1054 1128.
912 1015 978 1060 1343.
990 1003 1058 1052 2180,
1070 1011 1150 1054 raom:
1162 1009 1207 1054 quo

117 1069 232 1115 sacrificia
242 1084 291 1115 non
302 1072 415 1116 mandata
425 1072 518 1124 suerint.
530 1073 573 1117 sed
585 1072 659 1117 modo
674 1072 796 1128 pennino.
807 1077 928 1115 ostensum
940 1082 970 1113 ex
981 1069 1075 1118 Verbo;
1091 1077 1207 1122 musaque

118 1137 226 1183 dieantur
237 1139 357 1191 mandata,
369 1153 392 1184 n.
404 1153 456 1196 922·
468 1142 536 1191 2180,
548 1141 619 1191 281&
636 1147 660 1183 et
670 1139 727 1195 quia
742 1138 849 1182 Verbum
865 1138 1027 1194 couscriptum
1043 1143 1078 1179 est
1093 1134 1152 1192 apud
1165 1132 1207 1176 ilar

116 1211 221 1263 gentem.
230 1213 254 1248 et
262 1205 368 1251 Verbum
380 1207 528 1251 Historicum
536 1207 567 1251 de
578 1206 618 1251 illa
627 1214 705 1263 gente.
715 1207 781 1263 quod
793 1218 841 1250 non
850 1204 917 1249 aliter
924 1203 1028 1261 potuerit
1039 1215 1111 1259 quarn
1121 1197 1207 1246 utuuri

118 1276 141 1316 et
155 1271 271 1317 sacrificia
286 1274 473 1326 nominarentur,
487 1282 511 1318 et
526 1275 593 1330 quod
609 1273 686 1318 cultus
703 1273 804 1318 Divinus
819 1272 917 1331 perillo
931 1270 1109 1328 significaretur,
1120 1282 1141 1313 n.
1151 1277 1207 1324 1045}

118 1337 200 1396 10461,
213 1340 294 1397 10603.
308 1341 400 1399 10604.)

112 1465 115 1473 ·
175 1435 337 1518 392[a].
366 1435 511 1499 “Animae
528 1435 700 1499 nociturum
713 1440 841 1516 propter·
858 1434 982 1496 Verbum
999 1432 1057 1494 uei
1070 1437 1104 1494 et
1114 1435 1207 1512 propio

105 1529 318 1595 'testimonium
332 1531 414 1610 quod
432 1528 757 1610 hostiumst—Quod
774 1527 941 1610 significet
958 1528 1020 1608 qui
1032 1525 1143 1608 rejec‘li
1155 1543 1207 1586 sun

108 1629 150 1681 ¹et
161 1619 272 1683 abditi
285 1632 364 1684 sunt
376 1633 518 1703 propter
534 1622 694 1684 Dibinum
715 1620 844 1693 Verum,
860 1631 891 1682 et
904 1630 1047 1700 propter
1061 1616 1207 1698 consessio

117 1703 189 1775 nem
210 1714 354 1790 Domini,
377 1726 517 1779 constat
541 1737 586 1779 ex
609 1714 858 1797 significatione
879 1712 1127 1785 “occisorum''
1144 1731 1207 1793 quoi

62 1822 64 1827 ’
106 1807 185 1868 'sint
204 1806 253 1868 illi
271 1808 327 1888 qui
351 1806 467 1888 rejet‘ti
489 1809 557 1870 sint
579 1828 599 1869 a
620 1803 719 1868 malis
740 1816 776 1868 et
794 1806 903 1868 abditi
925 1825 945 1868 a
969 1804 1119 1867 Domino
1136 1820 1207 1876 (ueqr

116 1915 254 1975 sequium
279 1920 324 1962 ex
347 1900 596 1982 significatione
621 1901 756 1963 “Verbi
780 1899 874 1973 Dei''
893 1899 984 1981 quod
1007 1899 1052 1961 sit
1076 1898 1207 1960 Divinus

119 1989 269 2055 Verum:
297 1991 494 2073 (¹‘Verbum
519 1993 583 2056 Dei
592 1993 606 2017 ”
629 1993 751 2056 dicitur
773 1995 864 2075 quod
888 1993 1055 2054 Dominus
1079 1990 1207 2070 loquitur

117 2095 153 2149 et
174 2085 238 2149 hoc
259 2096 311 2149 est
333 2087 491 2150 Divinum
512 2087 660 2164 Verum;
686 2087 836 2150 Verbum
856 2108 914 2149 seu
938 2086 1111 2168 Scriptura
1133 2083 1207 2146 Sacr

117 2199 186 2242 non
205 2180 295 2242 aliud
318 2191 382 2256 est,
404 2201 482 2244 nam
502 2201 604 2244 omne
628 2181 786 2244 Divinum
807 2181 934 2244 Verum
958 2181 1002 2242 ibi
1023 2180 1207 2242 continetur

116 2274 175 2358 sed
195 2277 304 2356 ipsum
322 2274 449 2338 Verum
469 2277 513 2338 ibi
535 2277 567 2338 in
587 2297 646 2338 sua
664 2276 773 2357 gloria
792 2296 860 2338 non
877 2285 1019 2356 apparet
1040 2275 1101 2336 nisi
1120 2290 1207 2336 corar

117 2369 258 2450 angelis,
280 2370 356 2451 quia
377 2371 537 2433 interiora
559 2370 673 2444 Verbi,
694 2391 780 2452 quae
800 2379 878 2432 sunt
897 2369 1084 2450 spiritualia
1102 2379 1136 2430 et
1154 2386 1207 2429 cae

116 2461 227 2534 lestia.
252 2463 295 2524 ad
323 2463 399 2525 illos
427 2465 641 2545 perveniunt,
666 2474 701 2527 et
724 2485 857 2546 quoque
883 2463 1010 2526 faciunt
1035 2462 1207 2545 sapientiar

117 2561 251 2620 ¹eorum:
277 2577 379 2638 quare
398 2578 457 2638 per
475 2558 656 2620 “Verbum
675 2558 737 2620 Dei
746 2559 760 2580 ”
777 2560 809 2620 in
829 2559 976 2639 genuino
993 2577 1094 2619 sensu
1110 2553 1207 2636 signif

117 2661 214 2715 catur
234 2651 391 2713 Divinum
410 2651 550 2725 Verum,
568 2663 603 2714 et
623 2653 659 2714 in.
675 2673 832 2734 supremo
851 2672 951 2714 sensu
972 2653 1050 2734 lpse
1071 2652 1207 2714 Domine

118 2747 174 2828 qui
194 2746 225 2807 id
246 2745 379 2807 locutus
396 2756 459 2818 est,
479 2766 556 2807 nam
577 2747 709 2808 locutus
728 2757 780 2809 est
800 2767 819 2808 a
839 2745 881 2809 Se
898 2767 956 2808 seu
975 2767 995 2807 a
1016 2746 1138 2808 Divino
1154 2743 1207 2806 Su·

118 2850 154 2903 et
166 2840 256 2922 quod
273 2839 316 2900 ab
331 2838 409 2920 Ipso
426 2842 578 2921 procedit
596 2840 660 2902 hoc
674 2862 806 2922 quoque
824 2841 901 2922 lpse
914 2851 977 2902 est.
1024 2839 1122 2920 Quod
1140 2840 1207 2901 Div·

117 2954 197 2999 uum
227 2933 416 3014 procedens
444 2935 488 2996 sit
519 2934 606 3015 lpse,
636 2934 857 2997 illustrabitur
884 2955 942 3015 per
970 2932 1194 2996 hoct-Circu

118 3028 375 3108 unumquemvis
399 3027 558 3108 angelum
582 3038 634 3090 est
659 3029 802 3109 sphaera
821 3050 906 3110 quae
926 3039 1069 3091 vocatur
1092 3028 1198 3109 sphae·

119 3121 210 3183 vitae
230 3120 319 3199 ejus;
344 3120 428 3183 haec
452 3122 495 3182 ad
520 3121 662 3184 multam
687 3122 885 3184 distantiam
905 3122 949 3183 ab
967 3143 1009 3184 eo
1028 3143 1065 3184 se
1084 3120 1195 3184 effund·

120 3213 216 3276 Haec
241 3214 385 3295 sphaera
408 3214 512 3277 effluit
539 3236 597 3277 seu
625 3216 778 3297 procedit
806 3237 850 3278 ex
874 3217 945 3278 vita
968 3213 1152 3278 affectionis
1173 3234 1206 3275 s·

117 3309 241 3370 amoris
254 3308 323 3388 ejus
336 3330 343 3384 ;
367 3329 470 3389 quare
483 3319 535 3371 est
549 3311 707 3372 extensio
720 3312 810 3373 vitae
823 3309 930 3392 qualis
943 3320 996 3372 est
1013 3311 1045 3372 in
1063 3310 1121 3371 illo
1134 3319 1207 3370 ext:

117 3401 231 3464 illum:
256 3405 415 3465 extensio
434 3402 491 3466 illa
514 3402 551 3466 fit
572 3405 683 3466 media
702 3404 943 3486 atmosphaera
962 3425 1022 3466 seu
1041 3424 1121 3466 aura
1140 3403 1192 3484 spi:

118 3497 211 3569 tuali,
232 3517 318 3577 quae
341 3509 394 3561 est
417 3518 497 3561 aura
520 3498 626 3576 caeli3
652 3518 711 3579 per
734 3498 826 3560 illam
850 3499 1029 3580 sphaeram
1054 3498 1207 3580 percipit:

119 3589 262 3670 angelus
274 3592 381 3672 qualis
398 3602 450 3655 est
467 3593 509 3654 ad
524 3592 721 3656 distantiam
738 3593 781 3655 ab
794 3592 866 3654 aliis
879 3593 992 3673 quoad
1009 3590 1204 3656 afseflione:

118 3684 209 3764 quod
225 3686 327 3746 etiam
344 3686 462 3749 datum
479 3696 533 3749 est
550 3687 631 3749 mihi
647 3687 824 3768 aliquoties
842 3688 1032 3768 percipere:
1058 3698 1093 3750 at
1110 3689 1207 3750 circi.

119 3776 303 3840 Dominum
323 3791 375 3843 est
397 3782 542 3862 sphaera
565 3782 697 3854 Divina,
717 3803 803 3863 quae
826 3802 930 3863 prope
955 3782 1070 3863 Ipsum
1093 3799 1207 3864 appa·

118 3881 155 3933 ut
175 3870 245 3944 Sol,
265 3874 320 3953 qui
339 3885 392 3936 est
417 3876 558 3938 Divinus
577 3876 686 3938 Amor
707 3875 824 3957 Ipsius,
845 3897 890 3938 ex
910 3897 977 3956 quo
1000 3877 1152 3957 procedit
1174 3876 1183 3937 i

117 3966 151 4028 in
171 3969 362 4030 universum
382 3968 524 4042 caelum.
546 3980 580 4033 et
605 3970 724 4051 implet
744 3971 836 4044 illud,
857 3981 892 4032 et
916 3970 996 4033 facit
1021 3971 1130 4033 lucem
1149 3988 1207 4052 qu

117 4060 162 4122 ibi
175 4081 182 4137 ;
206 4059 290 4123 haec
305 4062 449 4143 sphaera
463 4074 515 4127 est
534 4064 691 4126 Divinum
708 4065 896 4146 procedens
909 4086 953 4127 ex
971 4065 1131 4136 Domino,
1144 4082 1207 4147 qr·

118 4154 151 4216 in
175 4175 235 4216 sua
259 4158 409 4218 essentia
435 4168 488 4221 est
516 4158 674 4221 Divinum
699 4158 837 4221 Verum.
884 4159 980 4221 Haec
1004 4155 1207 4241 comparati

119 4266 196 4310 cum
220 4249 351 4329 angelis
376 4263 514 4332 propter
537 4252 798 4315 illustrationem
822 4250 911 4315 dicta
934 4263 1025 4325 sunt,
1051 4264 1088 4316 ut
1112 4254 1207 4315 sciat

118 4342 209 4422 quod
228 4342 386 4405 Divinum
404 4347 591 4425 procedens
608 4368 627 4408 a
647 4347 794 4409 Domino
810 4349 853 4410 sit
871 4347 947 4428 lpse
965 4346 1142 4422 DominuS,
1159 4363 1207 4429 q!

118 4445 172 4498 est
195 4438 383 4517 procedens
402 4440 525 4503 amoris
550 4441 668 4522 lpsiuS,
689 4453 724 4504 et
748 4442 935 4524 procedens
958 4451 1011 4504 est
1036 4442 1115 4524 lpse
1134 4446 1207 4504 ext
