2716 4986
366 501 455 553 cu.
469 503 529 564 ru,
545 503 649 554 unns.
665 490 777 554 6.-u.
796 489 921 576 376[a].
1144 492 1208 576 767

69 664 173 750 quoad
191 668 425 735 bonum'nec
442 672 552 754 quoad
568 694 694 747 verum,
712 684 959 756 consequenter
975 694 1036 737 nec
1053 677 1206 755 genuinis

70 764 160 826 bouis
171 774 211 827 et
223 767 345 829 veris:
367 767 521 830 similiter
533 767 689 831 Ecclesia
701 768 892 832 Christiana
906 769 1006 833 hodie
1020 790 1080 833 nec
1095 772 1204 852 potuit

73 857 232 920 damnum
254 859 385 924 inferre
404 862 502 925 bonis
521 873 555 925 et
574 864 661 924 veris
680 864 832 943 genuinis
852 884 937 945 quae
956 875 1033 926 sunt
1053 867 1085 927 in
1105 885 1205 927 sensu

75 953 238 1032 spirituali
248 953 375 1029 Verbi,
387 975 465 1018 nam
476 958 643 1037 ignoravit
653 977 728 1020 eum
739 977 884 1028 sensum.
897 969 931 1020 et
945 978 1019 1021 curn
1033 958 1091 1021 illo
1102 961 1203 1022 etiam

77 1045 248 1126 ignoravit
278 1051 431 1130 genuina
460 1051 549 1113 bona
576 1062 611 1115 et
637 1072 725 1113 vera.
781 1050 882 1131 Quod
910 1051 1109 1115 Christianis
1137 1074 1203 1116 non

78 1138 236 1203 detectus
252 1142 354 1206 luerit
368 1164 486 1207 sensus
500 1145 680 1225 spiritualis
693 1144 808 1218 Verbi,
823 1157 875 1209 est
892 1166 992 1208 causa
1004 1148 1081 1228 quia
1096 1167 1203 1227 genu·

79 1235 133 1295 ina
156 1235 249 1298 bona
269 1249 305 1299 et
326 1258 417 1310 vera,
437 1240 547 1320 qualia
566 1249 644 1301 sunt
668 1241 699 1301 in
720 1239 822 1303 caelis
841 1241 1073 1321 superioribus,
1095 1241 1203 1305 latent

79 1328 113 1390 iu
129 1349 232 1393 seusu
248 1329 358 1394 Verbi
372 1333 555 1413 spirituali;
579 1344 616 1396 et
630 1335 789 1415 quamdiu
808 1334 865 1396 illa
880 1334 970 1397 bona
988 1345 1023 1397 et
1040 1355 1118 1397 vera
1135 1356 1201 1397 non

81 1434 245 1505 percepta
265 1436 301 1488 et
321 1436 404 1488 nota
421 1427 552 1490 fuerunt
572 1446 633 1490 nec
653 1429 764 1508 potuit
782 1427 839 1490 ille
855 1448 972 1490 sensus
988 1430 1117 1509 aperiri,
1136 1450 1202 1492 non

80 1519 170 1580 enim
182 1519 289 1582 videri
300 1531 482 1601 potuerunt
495 1542 502 1582 :
523 1521 612 1602 quod
624 1523 770 1602 genuina
783 1522 871 1584 bona
882 1532 916 1584 et
928 1543 1005 1583 vera
1019 1524 1050 1583 in
1063 1522 1202 1585 Christi·

79 1614 155 1675 anis
174 1612 340 1677 Ecclesiis
360 1634 426 1676 non
449 1625 608 1698 percepta
627 1626 662 1678 et
683 1626 764 1680 nota
783 1615 915 1689 fuerint,
936 1627 988 1678 est
1009 1637 1108 1678 causa
1127 1619 1203 1698 quia

81 1705 262 1770 Ecclesiae
281 1708 360 1771 illae
378 1709 504 1772 divisae
523 1710 665 1783 luerunt,
685 1711 718 1772 in
737 1730 862 1791 genere
886 1712 918 1772 in
943 1709 1151 1774 Pontificiam
1168 1722 1202 1775 et

80 1803 115 1863 in
135 1800 407 1883 Evangelicam;
433 1805 519 1865 etin
544 1802 718 1866 Pontificia
741 1823 875 1885 prorsus
898 1806 1094 1886 ignorantur
1113 1826 1202 1879 vera,

79 1897 160 1979 quia
180 1895 226 1958 illi
247 1897 303 1978 qui
327 1897 359 1959 in
380 1896 435 1960 illa
455 1918 521 1959 non
542 1899 692 1979 pendent
711 1919 755 1961 ex
776 1898 903 1972 Verbo,
924 1901 971 1962 ita
990 1921 1034 1963 ex
1056 1900 1204 1963 Domino

80 1992 138 2071 qui
156 2000 212 2053 est
227 1989 392 2064 Verbum,
408 1992 472 2054 hoc
490 2001 542 2054 est
560 1991 717 2055 Divinum
735 1991 872 2063 Verum.
890 1993 948 2055 sed
968 2014 1013 2055 ex
1030 1993 1201 2069 Pontifice,

79 2105 128 2147 ex
150 2084 245 2164 cujus
268 2105 326 2148 ore
345 2086 402 2148 vix
426 2085 549 2168 aliquid
572 2086 725 2168 procedit
749 2087 809 2149 nisi
833 2087 922 2169 quod
946 2098 998 2149 est
1021 2109 1066 2150 ex
1089 2109 1203 2152 amore

79 2181 281 2261 imperandi,
295 2190 330 2243 et
346 2181 374 2243 is
389 2200 483 2243 amor
495 2190 547 2243 est
563 2201 608 2244 ex
625 2181 772 2257 inierno;
796 2202 897 2264 quare
911 2183 1012 2244 etiarn
1027 2184 1083 2244 vix
1101 2203 1202 2245 unum

79 2292 209 2347 verum,
227 2275 318 2355 quod
337 2282 389 2336 est
406 2273 579 2347 ecclesiae,
597 2274 684 2357 apud
703 2275 779 2338 illos
795 2276 913 2350 datur;
936 2277 968 2337 in
986 2275 1202 2357 Evangelicis

80 2377 196 2432 autem
214 2366 377 2430 Ecclesiis
390 2379 442 2431 est
458 2367 530 2430 sola
546 2366 628 2430 fides
641 2379 815 2450 assumpta
832 2389 891 2451 pro
904 2370 1074 2432 essentiali
1091 2372 1202 2433 medio

80 2461 211 2536 salutis,
233 2471 268 2524 et
292 2482 351 2543 per
374 2461 406 2523 id
429 2471 481 2524 est
504 2463 630 2525 bonum
650 2465 772 2525 amoris
795 2472 829 2525 et
849 2464 1022 2526 charitatis
1042 2462 1200 2544 rejectum

79 2558 167 2620 sicut
185 2577 255 2619 non
271 2556 462 2629 essentiale,
476 2567 511 2620 et
528 2558 582 2620 ubi
597 2558 722 2620 bonum
739 2568 790 2620 est
807 2556 976 2638 rejedlum
994 2559 1037 2620 ibi
1054 2578 1115 2621 nec
1132 2559 1201 2622 dari

80 2661 196 2732 potest
222 2650 358 2732 aliquod
381 2672 495 2714 verum
519 2652 608 2734 quod
632 2653 664 2714 in
688 2673 724 2715 se
747 2662 799 2715 est
822 2671 958 2727 verum;
989 2670 1090 2714 omne
1112 2655 1200 2716 enim

79 2765 196 2808 verum
215 2755 268 2808 est
284 2767 331 2808 ex
345 2747 446 2818 bono,
461 2766 538 2808 nam
552 2747 656 2809 influit
674 2747 837 2808 Dominus
854 2747 885 2807 in
903 2747 1027 2808 bonum
1046 2746 1200 2820 hominis,

79 2851 116 2902 et
132 2861 192 2921 per
208 2840 335 2901 bonum
352 2839 497 2903 illustrat
513 2860 599 2912 eum,
617 2851 651 2902 et
668 2840 727 2903 dat
747 2839 854 2901 lucem
873 2849 907 2901 ut
925 2841 1086 2920 percipiat
1103 2861 1200 2918 vera;

79 2954 185 3016 quare
196 2935 325 3016 absque
341 2933 398 2996 illa
415 2933 499 3007 luce,
513 2955 598 3016 quae
613 2945 666 2997 est
683 2936 754 3015 ipsa
766 2935 837 2996 vita
852 2935 1030 3016 spiritualis
1047 2935 1200 3004 hominis.

80 3049 148 3092 non
172 3039 227 3091 est
247 3047 374 3100 verum,
395 3038 562 3110 utcunque
585 3038 685 3091 sonat
708 3038 745 3091 ut
766 3048 880 3091 verum
900 3030 976 3110 quia
999 3049 1043 3090 ex
1064 3029 1200 3106 Verbo;

79 3134 134 3187 est
148 3142 267 3185 verum
283 3116 496 3185 falsificatum
515 3143 574 3204 per
589 3122 681 3185 ideas
697 3143 778 3204 quas
795 3123 836 3184 de
856 3143 896 3184 eo
915 3122 1017 3185 habet
1031 3144 1037 3198 ;
1062 3143 1139 3185 nam
1156 3146 1200 3187 ex

79 3217 145 3281 fide
168 3226 329 3298 separata
351 3238 371 3278 a
393 3217 569 3289 charitate,
594 3237 651 3278 seu
679 3238 724 3278 ex
747 3218 832 3279 veris
855 3217 980 3297 absque
1008 3218 1108 3289 b0n0,
1134 3237 1199 3280 non
1298 3275 1302 3282 .

79 3313 171 3376 aliud
197 3312 352 3375 resultat.
406 3311 489 3401 Inde
513 3331 599 3374 nunc
626 3310 791 3393 estquod
819 3309 980 3373 Ecclesiis
1004 3310 1201 3375 Christianis

81 3425 149 3469 non
165 3405 319 3487 patefieri
337 3405 483 3486 potuerit
495 3425 613 3468 sensus
626 3403 804 3487 spiritualis
818 3404 942 3480 Verbi;
967 3424 1044 3466 nam
1061 3405 1087 3466 si
1105 3416 1200 3486 pate-

80 3497 199 3571 iadbus
223 3497 494 3562 falsificavissent
516 3509 551 3562 et
578 3501 819 3580 pervertissent
843 3497 934 3560 illum
959 3518 1017 3578 per
1040 3499 1131 3561 ideas
1155 3520 1199 3562 ex

79 3594 230 3667 fallaciis,
247 3603 283 3657 et
302 3595 350 3656 sic
370 3593 644 3675 profanavissent.
690 3593 773 3655 Inde
790 3613 921 3675 quoque
941 3593 1100 3673 estquod
1121 3612 1199 3654 nus·

79 3708 180 3771 qnam
200 3686 331 3769 aliquis,
349 3688 451 3750 etiarn
471 3688 624 3769 posthac,
641 3687 841 3750 admittatur
860 3687 891 3747 in
912 3707 1045 3748 sensum
1066 3689 1198 3768 spiritu·

79 3783 168 3845 alem
185 3780 303 3854 Verbi,
322 3781 383 3842 nisi
401 3781 433 3842 in
451 3781 604 3861 genuinis
621 3781 706 3843 veris
725 3802 769 3842 ex
790 3780 879 3842 bono
898 3781 961 3856 sit;
985 3789 1019 3841 et
1038 3780 1147 3841 nullus
1167 3782 1199 3842 in

79 3876 235 3956 genuinis
248 3874 336 3937 veris
348 3894 393 3937 ex
406 3874 496 3937 bono
509 3895 583 3937 esse
597 3884 709 3956 potest
724 3875 785 3935 nisi
798 3874 898 3936 corde
912 3884 1077 3953 agnoscat
1090 3874 1198 3936 solum

79 3969 267 4033 Dominum
290 3988 350 4050 pro
370 3968 445 4031 Deo
463 3968 547 4032 caeli
566 3978 600 4031 et
621 3978 740 4042 terrae,
760 3969 803 4030 ab
823 3969 1008 4050 lpsoenim
1027 3978 1079 4030 est
1099 3987 1198 4030 omne

78 4065 204 4128 bonum
221 4073 259 4125 et
273 4061 354 4124 inde
365 4082 490 4126 verum.
536 4060 638 4142 Quod
653 4082 770 4124 sensus
786 4059 965 4144 spiritualis
979 4060 1083 4123 Verbi
1100 4061 1198 4124 hodie

77 4153 268 4239 patefactus
297 4156 353 4229 sit,
380 4165 415 4219 et
442 4176 518 4219 cum
548 4155 606 4217 illo
632 4157 738 4218 etiam
766 4157 911 4236 genuina
938 4175 1017 4216 vera
1046 4165 1080 4216 et
1110 4155 1199 4217 bona

77 4248 226 4324 detecta,
245 4258 299 4313 est
319 4269 420 4312 causa
434 4251 510 4331 quia
529 4249 684 4313 ultimum
699 4249 856 4329 judicium
877 4269 896 4310 a
915 4249 1063 4310 Domino
1082 4269 1197 4328 perac-

76 4355 147 4410 tum
171 4355 237 4419 est,
263 4343 369 4407 etsie
393 4344 504 4406 omnia
531 4344 563 4405 in
587 4343 688 4407 caelis
712 4354 746 4405 et
774 4344 805 4404 in
834 4343 966 4404 infernis
990 4344 1022 4403 in
1046 4343 1196 4404 ordinem

75 4437 213 4506 redasta
226 4447 329 4515 sunt;
352 4447 388 4501 et
403 4456 462 4520 per
474 4438 508 4500 id
524 4437 688 4518 provideri
705 4458 724 4499 a
741 4437 888 4500 Domino
905 4446 1074 4518 potestne
1091 4455 1197 4517 genu·
