2684 4988
315 483 396 534 CAP.
412 482 503 546 v111.,
520 481 624 532 VERS.
643 481 751 551 5.-Ν.
767 483 839 549 497.
1055 482 1131 532 1221

106 652 184 733 quod
207 653 313 715 etiam
337 651 658 734 repraesentabatur
676 647 840 714 sant'litas
864 650 977 713 Divini
997 650 1136 713 Amoris

100 747 163 808 nini.
209 745 256 809 Et
273 747 352 828 quia
367 745 500 809 suffitus
517 743 625 809 saneti
641 754 739 809 erant
756 766 801 808 ex
817 745 896 826 igne
912 745 1040 820 altaris,
1057 745 1136 808 inde

102 850 147 902 tus
164 861 209 903 ex
229 842 310 922 igne
328 841 441 904 alieno
460 841 589 922 profani
608 850 726 916 erant;
750 859 853 921 quare

100 993 165 1044 'adab
178 1004 205 1044 et
219 994 320 1052 Abstru,
338 994 384 1043 filii
399 994 547 1052 Aharonis
564 966 718 1056 consumpti
735 1003 798 1043 sunt
816 1008 849 1042 ex
867 993 929 1056 igne
943 1007 958 1041 e
972 992 1057 1052 caelo,
1073 991 1138 1056 quia

144 1061 284 1110 ruffiemnt
296 1075 329 1108 ex
342 1060 403 1122 igne
415 1060 506 1108 alieno
517 1058 609 1121 (Lavit.
621 1073 646 1109 x.
661 1072 682 1118 1,
695 1057 734 1121 2):

100 1213 146 1265 tus
172 1223 218 1265 ex
245 1203 326 1283 igne
353 1201 465 1265 alieno
488 1201 769 1282 repraesentabat
792 1200 922 1264 cultum
948 1220 994 1263 ex
1021 1220 1137 1263 amore

109 1316 205 1379 quam
235 1296 371 1370 Divino,
395 1305 430 1359 et
455 1296 566 1358 cultus
589 1315 634 1358 ex
657 1314 773 1358 amore
796 1295 863 1357 alio
886 1304 939 1358 est
967 1294 1135 1376 profanus.

101 1388 284 1454 caddutta
307 1402 386 1453 sunt
415 1401 451 1452 ut
479 1391 605 1453 sciatur
628 1390 719 1472 quod
746 1410 805 1471 per
829 1389 972 1470 “ignem
996 1387 1137 1451 altaris”

100 1484 223 1548 ificetur
237 1485 380 1547 Divinus
393 1484 503 1547 Amor
520 1484 668 1558 Domini,
682 1485 737 1565 qui
751 1483 861 1546 Amor
877 1485 910 1546 in
926 1482 1022 1546 caelo
1035 1502 1137 1545 voca·

101 1579 235 1642 Divinus
260 1580 370 1642 Amor
393 1579 551 1642 caelestis
575 1589 610 1642 et
635 1579 777 1641 Divinus
801 1577 911 1640 Amor
933 1577 1136 1659 spiritualis;

103 1694 157 1736 nus
177 1674 287 1737 Amor
306 1674 465 1737 caelestis
485 1675 540 1756 qui
564 1682 616 1736 est
640 1675 674 1735 in
698 1692 804 1754 regno
823 1671 963 1734 caelesti
988 1670 1136 1745 Domini,

100 1769 212 1831 livinus
230 1769 340 1831 Amor
356 1768 539 1851 spiritualis
555 1768 610 1849 qui
629 1777 682 1830 est
702 1767 735 1829 in
755 1787 862 1848 regno
880 1766 1045 1848 spirituali
1066 1766 1137 1828 Do·

100 1862 119 1923 i:
141 1872 220 1926 sunt
244 1864 334 1925 enim
354 1863 422 1925 duo
445 1882 551 1944 regna
574 1863 606 1924 in
630 1882 717 1943 quae
739 1881 858 1923 omnes
878 1860 963 1923 caeli
987 1856 1138 1922 distineti

100 1977 112 2031 :,
123 1976 262 2038 regnum
280 1956 431 2020 caeleste
448 1967 483 2019 et
499 1975 641 2037 regnum
654 1954 849 2037 spirituale;
875 1954 1015 2016 Divinus
1029 1953 1138 2016 Amor

100 2053 175 2114 estis
191 2052 271 2114 facit
288 2071 430 2132 regnum
447 2050 607 2124 caeleste,
621 2059 657 2113 et
675 2049 816 2111 Divinus
833 2048 943 2111 Amor
955 2048 1138 2130 spiritualis

100 2160 104 2201 :
118 2161 258 2222 regnum
275 2141 462 2223 spirituale.
496 2158 580 2215 (Quod
588 2170 673 2202 omnes
681 2156 740 2201 caeli
749 2155 774 2200 in
783 2157 833 2200 duo
842 2155 883 2200 illa
891 2168 964 2214 regna
972 2155 1076 2201 distincti
1084 2156 1139 2209 sint,

100 2242 128 2274 ur
135 2231 159 2275 in
169 2244 242 2289 opere
255 2232 293 2276 De
306 2232 376 2276 Caelo
387 2236 410 2275 et
420 2231 522 2290 Inserno.
531 2244 555 2276 n.
565 2233 652 2282 ao-ati;
669 2238 693 2274 et
703 2230 769 2286 quod
780 2229 829 2274 bini
841 2229 873 2273 illi
883 2242 977 2273 amores
987 2229 1073 2274 iaciant
1083 2229 1141 2274 bina

100 2306 525 2364 gua,seuomnescaelos.n13-19.)
562 2289 613 2352 At
629 2288 807 2351 Sciendum
820 2288 977 2369 estquod
995 2287 1139 2350 Divinus

100 2400 130 2443 or
151 2382 289 2444 Domini
317 2383 351 2444 in
379 2381 482 2444 caelis
505 2382 637 2443 dicatur
660 2380 818 2444 caelestis
846 2389 881 2442 et
909 2379 1092 2461 spiritualis
1119 2401 1140 2443 a

101 2477 214 2557 ptione
237 2477 326 2539 illius
349 2477 393 2539 ab
411 2475 553 2557 angelis,
574 2484 609 2538 et
633 2495 701 2538 non
724 2495 769 2537 ex
792 2495 834 2537 eo
853 2475 944 2556 quod
967 2474 1024 2537 ille
1046 2475 1079 2536 in
1103 2496 1140 2538 se
1234 2504 1235 2508 ¹

100 2591 145 2633 sus
166 2573 234 2649 sit;
263 2583 336 2634 tum
359 2571 449 2652 quod
477 2590 573 2633 amor
594 2569 778 2651 spiritualis
801 2571 930 2634 existat
959 2571 1002 2632 ab
1024 2590 1140 2634 amore

100 2669 169 2742 esti,
184 2668 271 2729 sicut
289 2663 426 2729 effeetus
443 2687 463 2728 a
478 2686 538 2727 sua
554 2685 655 2728 causa
671 2664 851 2740 efficiente,
869 2675 903 2727 et
921 2667 1007 2728 sicut
1024 2686 1140 2729 verum

100 2781 162 2834 ino,
183 2780 262 2823 nam
286 2760 413 2823 bonum
432 2761 556 2822 amoris
575 2759 758 2841 spiritualis
781 2760 814 2822 in
838 2780 898 2822 sua
918 2760 1068 2824 essentia
1087 2772 1140 2825 est

103 2875 134 2917 m
153 2856 233 2918 boni
252 2857 377 2917 amoris
393 2854 570 2917 caelestis:
595 2854 673 2916 inde
693 2855 852 2946 estquod
872 2855 940 2918 duo
959 2854 1017 2917 illa
1035 2875 1141 2937 regna

100 2971 109 3012 τ
129 2970 165 3014 se
189 2946 369 3030 conjun6la
393 2950 472 3023 sint,
497 2959 532 3012 et
555 2950 645 3031 quod
674 2951 741 3013 sint
766 2968 867 3012 unum
895 2950 928 3012 in
955 2947 1142 3032 conspeetu

100 3045 178 3106 uini:
204 3045 264 3106 sed
282 3044 366 3106 haec
381 3039 471 3105 dieta
489 3053 567 3105 sunt
584 3043 649 3105 illis
666 3045 721 3125 qui
737 3044 898 3106 interiora
914 3053 1031 3108 amant
1048 3064 1142 3108 scru-

149 3137 252 3219 Quod
277 3139 393 3219 “ignis
402 3136 417 3161 ’'
440 3135 608 3219 significet
632 3157 782 3201 amorem
805 3139 839 3201 in
862 3147 1006 3223 utroque
1028 3159 1140 3216 sensu,

100 3283 104 3294 .
122 3232 292 3295 videbitur
311 3229 548 3295 confirmatum
568 3252 613 3294 ex
633 3230 761 3294 Verbo.

100 3353 176 3423 m.
207 3339 266 3400 'ft
277 3337 411 3420 projecit
424 3337 455 3398 in
472 3337 766 3419 tormm.''-Quod
786 3336 957 3420 significet
975 3338 1143 3423 infiuxum

100 3432 239 3512 rferr'ora
257 3431 316 3493 ubi
331 3429 385 3492 illi
400 3430 460 3511 qui
474 3429 662 3510 separandi
676 3438 708 3492 et
725 3430 921 3505 removendi,
939 3439 1077 3494 constat
1096 3452 1142 3494 ex

99 3525 269 3589 ificatione
284 3524 475 3607 “projicere
489 3523 697 3587 thuribulum
710 3524 888 3607 impletum
902 3525 980 3606 igne
993 3523 1143 3600 altaris‚”

100 3617 178 3679 isit
202 3616 350 3679 inlluxus
374 3615 488 3678 Divini
511 3614 652 3677 Amoris
674 3636 692 3678 e
711 3615 816 3678 caelis
835 3631 1084 3692 (dequasequuur);
1107 3624 1144 3679 et

100 3708 336 3791 tignificatione
357 3707 529 3781 “terrae’'
548 3707 639 3791 quod
663 3709 731 3769 sint
754 3707 920 3781 inferiora,
941 3707 996 3770 ubi
1020 3706 1068 3770 illi
1087 3709 1143 3789 qui

100 3805 199 3867 nandi
223 3814 259 3866 et
283 3803 479 3866 removendi
502 3802 546 3864 ab
569 3803 724 3865 invicem.
771 3801 809 3864 ln
831 3802 958 3865 mundo
977 3802 1143 3884 spirituali

100 3906 213 3961 nsunt
238 3907 360 3971 terrae,
380 3907 459 3960 sunt
484 3896 601 3971 colles,
622 3906 657 3960 et
685 3904 764 3959 sunt
789 3906 944 3974 montes;
976 3916 1015 3959 ac
1039 3897 1084 3959 ibi
1107 3908 1145 3960 et

100 4010 134 4055 ae
154 4003 189 4056 et
214 3992 321 4056 colles
344 4003 379 4056 et
407 4003 543 4055 montes
570 3991 788 4067 habitantur;
819 4010 919 4072 super
941 3990 1084 4054 collibus
1108 4000 1144 4055 et

100 4086 194 4150 itibus
221 4087 380 4150 habitant
408 4086 522 4169 angeli
550 4095 586 4150 et
613 4098 692 4149 sunt
720 4084 817 4161 caeli,
842 4094 879 4149 et
906 4106 1007 4168 super
1033 4086 1143 4160 terris,

100 4197 112 4239 e
133 4182 212 4245 infra
236 4181 342 4245 colles
366 4192 401 4245 et
425 4192 561 4244 montes
589 4180 793 4244 habitabant
816 4179 871 4262 qui
894 4180 1075 4262 separandi
1100 4179 1145 4242 ab

100 4289 165 4339 cem
192 4285 314 4353 erant;
346 4296 448 4358 quare
479 4282 620 4339 “terrae
631 4274 646 4298 '⁹
673 4274 727 4337 hic
756 4272 949 4355 significant
976 4273 1142 4336 inferiora.

100 4368 110 4411 i
122 4372 197 4421 similis
208 4377 238 4420 sit
248 4375 320 4420 iacies
336 4376 359 4419 in
371 4376 463 4419 mundo
474 4374 587 4432 spirituali
598 4375 680 4430 quoad
691 4373 753 4426 talia,
764 4374 824 4418 sicut
835 4380 870 4417 est
881 4386 953 4430 super
963 4378 1043 4416 nostra
1053 4371 1144 4424 tellure,

100 4454 102 4480 ³
112 4456 230 4496 ostensum
240 4458 274 4495 est
283 4451 306 4494 in
316 4463 387 4508 opere
395 4451 434 4495 De
445 4450 514 4495 Caelo
521 4454 545 4494 et
552 4449 656 4509 Inferna,
664 4457 714 4493 tum
724 4449 748 4493 in
757 4447 874 4506 opusculo
884 4448 922 4492 De
934 4447 1024 4494 Ultimo
1032 4444 1143 4506 Judicie.
