2684 4988
113 482 194 534 lm)
417 480 665 532 APOCALYPSIS
689 481 916 536 uxrucnrn.

187 652 205 674 ⁸⁴
213 649 275 700 Non
287 649 439 699 recordatur
450 650 558 700 scabelli
571 651 668 713 pedum
679 665 790 701 suorum
803 652 831 701 in
842 652 887 703 dle
898 653 955 704 irae
965 653 1046 704 suae''
1055 655 1084 716 (it
1094 653 1123 716 tl:

109 813 169 874 per
185 792 397 856 “scabellum
416 793 540 874 pedum
555 792 727 874 Jehovae”
743 794 946 876 intelligitur
962 796 1065 860 cultus
1079 793 1176 859 Domini
1218 838 1223 869 ,

80 889 141 949 'in
169 887 295 949 mundo
320 886 474 959 naturali,
498 907 543 949 ex
568 907 669 950 causa
691 889 768 969 quia
791 890 981 953 universum
1004 891 1116 953 caelum
1134 907 1178 951 uns

109 1001 185 1044 cum
201 980 343 1044 ecclesia
359 982 392 1043 in
408 981 535 1043 mundo
550 1002 663 1044 coram
681 982 832 1046 Domino
846 995 899 1047 est
916 987 1022 1048 instar
1037 987 1117 1048 unius
1129 983 1179 1046 Ho·
1220 1000 1223 1005 ·

109 1073 209 1134 minis
227 1088 462 1145 (vtratmrnopere
473 1089 511 1133 ne
524 1090 737 1149 Caeloetlnsmo.
748 1104 772 1136 n.
783 1092 892 1151 naam
914 1077 1068 1139 intimum
1085 1075 1181 1139 caelum

108 1164 188 1227 lacit
203 1171 315 1244 caput,
332 1163 449 1246 reliqui
465 1162 582 1244 pectus
597 1176 633 1228 et
650 1184 756 1238 crura,
773 1175 809 1228 et
824 1165 971 1229 ecclesia
986 1169 1018 1231 in
1034 1168 1118 1231 terris
1129 1166 1182 1228 latit

109 1257 232 1339 pedes;
255 1257 331 1318 inde
348 1277 480 1339 quoque
496 1269 549 1321 cst
565 1259 656 1341 quod
670 1265 690 1291 ‘⁶
700 1259 803 1339 pedes
812 1259 827 1283 '⁸
842 1260 1034 1342 significent
1051 1261 1182 1324 naturale:

108 1353 212 1415 etiam
230 1351 313 1414 caeli
336 1352 496 1414 insistunt
514 1352 678 1415 ecclesiae
697 1374 783 1435 quae
802 1354 891 1435 apud
915 1355 1091 1419 humanum
1109 1373 1184 1436 genus

108 1444 196 1506 Sicut
214 1442 318 1505 homo
336 1443 403 1504 suls
425 1443 570 1524 pedibus
588 1461 626 1519 (ut
636 1469 745 1506 constare
755 1469 874 1519 potesse:
884 1461 931 1508 illis
940 1475 1004 1520 quae
1014 1465 1038 1508 in
1048 1466 1123 1509 eodem
1131 1475 1185 1520 opus.

108 1552 132 1584 ι
143 1540 241 1594 s7-1oa,
251 1552 280 1583 ac
291 1550 403 1596 ιρι-3η
414 1547 510 1584 ostensa
522 1541 599 1597 sunt).
643 1523 733 1605 Quia
758 1524 916 1588 ultimum
940 1526 1097 1607 judicium
1119 1525 1184 1588 venit

109 1617 244 1698 quando
272 1634 339 1678 non
366 1615 509 1697 amplius
536 1615 620 1679 fides
643 1619 720 1698 quia
747 1637 814 1679 non
838 1618 998 1692 charitas,
1021 1621 1067 1682 ita
1086 1617 1186 1701 quando

108 1708 182 1772 finis
201 1709 363 1773 ecclesiae
382 1721 445 1784 est,
466 1721 561 1791 patet
580 1712 659 1793 quid
683 1710 884 1792 intelligitur
906 1732 967 1793 per
987 1713 1090 1775 “Non
1105 1731 1185 1776 recor·

109 1804 208 1867 datur
226 1803 363 1866 scabelli
382 1804 505 1907 pedum
524 1824 659 1867 suorum
677 1807 711 1867 in
730 1805 783 1868 die
802 1806 872 1868 irae
890 1805 1000 1869 suae.”
1043 1807 1086 1869 Et
1101 1805 1168 1877 alibi,

160 1947 248 1998 “Non
262 1949 290 1998 ln
304 1948 348 1998 die
360 1948 417 1998 irae
429 1947 549 2012 Jeltovae
562 1964 660 1998 evasos
671 1958 699 1998 et
712 1950 851 2007 residuus:
868 1965 937 2015 qnos
950 1951 1060 2000 educavi
1072 1961 1097 2000 et
1108 1946 1186 2005 nutriti,

238 2015 323 2064 hostis
335 2029 411 2063 meus
422 2013 611 2077 consumpsit”
621 2015 730 2076 (Tim.
743 2015 769 2065 ii.
782 2017 839 2076 πῆς

112 2156 211 2221 “dies
230 2158 297 2220 irae
313 2156 485 2239 Jehovae”
500 2166 553 2220 est
572 2156 726 2219 ultimum
742 2156 924 2237 judicium
947 2158 1037 2240 quod
1055 2167 1126 2221 tunc
1140 2171 1187 2216 non

109 2253 235 2315 bonum
247 2252 368 2314 amoris
381 2261 416 2313 et
428 2270 542 2313 verum
559 2248 634 2312 fidei
650 2250 793 2330 amplius
809 2251 842 2312 in
855 2249 1009 2324 ecclesia,
1023 2252 1079 2314 sed
1095 2248 1187 2314 malurn

109 2357 144 2411 et
167 2344 297 2420 salsum,
317 2343 524 2425 significatur
541 2364 601 2425 per
618 2343 725 2406 “Non
746 2365 866 2407 evasor
884 2354 919 2408 et
942 2345 1107 2421 residuus;
1128 2358 1188 2423 quos

110 2439 249 2503 educavi
267 2448 302 2502 ct
318 2439 471 2510 enutrivi,
488 2438 597 2501 hostis
615 2457 708 2500 meus
725 2440 934 2519 consumpsit
946 2437 972 2515 ;”
992 2446 1086 2502 “non
1099 2451 1189 2500 evasot

110 2545 144 2599 et
161 2534 309 2597 residuus
317 2533 332 2556 ”
345 2530 512 2613 significat
529 2551 596 2594 non
612 2533 737 2594 bonum
754 2541 788 2595 et
802 2552 937 2608 verum;
958 2538 1069 2615 “quos
1080 2525 1189 2595 educavi

109 2636 144 2691 et
161 2628 282 2690 nutrivi
289 2625 305 2650 ’'
317 2637 394 2688 sunt
410 2625 457 2687 illi
473 2627 528 2707 qui
543 2625 588 2688 ab
602 2625 754 2698 ecclesia,
768 2626 886 2708 quibus
898 2628 1009 2688 omnis
1021 2628 1107 2690 cibus
1120 2621 1187 2704 spiri·

109 2722 219 2796 tualis,
236 2743 293 2784 seu
309 2721 461 2800 cognitio
476 2721 556 2782 boni
572 2730 606 2783 et
623 2721 692 2782 veri
708 2741 754 2782 ex
767 2719 882 2783 Verbo
897 2732 971 2796 est;
992 2717 1136 2784 “hostis''
1147 2713 1185 2797 qui

109 2837 169 2881 eos
187 2815 395 2895 consumpsit
415 2825 467 2876 est
486 2813 611 2876 malurn
630 2824 665 2876 et
682 2812 811 2877 salsum.
856 2812 895 2877 In
913 2812 1119 2895 Apocalypsi,

160 2963 178 2985 ¹⁸
185 2961 266 3012 Venit
275 2960 314 3009 ira
323 2969 376 3016 tua,
387 2968 493 3021 tempus
502 2970 624 3007 mortuos
634 2957 777 3020 judicandi,
788 2968 814 3006 et
823 2958 903 3007 dandi
913 2959 1062 3008 mercedem
1071 2950 1185 3035 servistullt.

292 3034 329 3076 .et
343 3025 497 3074 timentibus
512 3038 611 3073 nomen
625 3033 722 3082 tuum„
731 3060 738 3072 .
748 3033 786 3073 .et
800 3024 928 3086 perdendi
944 3025 1083 3087 perdentes
1095 3030 1169 3072 ternu
1191 3081 1194 3085 y

239 3093 285 3154 (xi.
299 3092 353 3152 ull:
399 3113 403 3123 ·

110 3261 154 3303 ex
173 3239 224 3302 his
242 3245 336 3318 patet
355 3232 444 3315 quod
464 3252 523 3313 per
542 3233 653 3294 “iram
661 3230 676 3256 ”
691 3251 749 3294 seu
766 3235 785 3263 “
796 3231 885 3294 diem
904 3231 996 3294 irae”
1012 3230 1183 3309 intelligatur

110 3334 264 3400 ultimum
276 3331 446 3412 judicium,
458 3347 537 3390 nam
552 3327 672 3390 dicitur
684 3323 817 3388 “Venit
832 3326 881 3388 ira
896 3336 966 3401 tua,
980 3335 1107 3407 tempus
1119 3337 1182 3384 mor-

110 3440 187 3494 tuos
202 3423 397 3510 judicandi.¹’
441 3421 545 3503 Apud
563 3419 714 3495 Esaiam,

161 3574 252 3624 “Dies
266 3567 400 3620 vinditiae
415 3568 444 3616 in
461 3566 540 3616 corde
554 3579 622 3621 meo,
638 3573 665 3613 et
681 3577 769 3612 annus
783 3563 982 3625 redemptorum
997 3576 1109 3613 meorum
1119 3552 1181 3609 venlu

293 3632 456 3687 .eonculcuvi
474 3631 587 3695 populos
604 3630 632 3679 io
649 3630 689 3678 ira
701 3644 770 3688 mea,
786 3638 813 3677 et
826 3628 955 3678 inebriavi
973 3630 1060 3678 cosin
1073 3620 1182 3676 exundet·

240 3704 327 3754 centis
338 3715 400 3750 mea
407 3698 420 3718 '⁸
432 3698 506 3761 (lxiii.
516 3710 541 3758 4,
553 3696 593 3758 6):

109 3851 221 3935 agitur
236 3847 281 3910 ibi
303 3845 346 3908 de
369 3842 490 3926 pugnis
512 3838 647 3903 Domini
671 3837 788 3919 quibus
804 3835 994 3917 subjugavit
1016 3836 1134 3902 interna.
1147 3827 1180 3932 if⁸

110 3948 152 4010 de
180 3945 300 4007 ultimo
323 3939 448 4021 judicio
474 3934 564 4018 quod
578 3933 634 4021 'ab
663 3931 741 4014 Ipso
768 3927 891 3998 sactum
920 3941 973 3995 est
1000 3951 1072 3994 cum
1093 3925 1178 3992 fuito

111 4040 260 4114 mundo;
284 4054 362 4098 nam
386 4053 444 4114 per
467 4049 608 4111 pugnas,
631 4046 716 4108 quae
738 4024 869 4087 luerunt
892 4027 1094 4087 tentationes
1111 4009 1179 4082 inSe

110 4137 287 4206 admissae,
312 4127 505 4209 subjugavit
529 4123 596 4195 illa,
619 4141 657 4184 ac
681 4120 834 4183 ultimum
854 4118 1012 4198 judicium
1034 4118 1117 4181 lecit:
1134 4109 1177 4170 h⁰c

106 4232 264 4318 judicium
291 4237 343 4289 est
370 4222 460 4305 quod
490 4216 688 4297 intelligitur
714 4234 772 4295 per
795 4213 911 4275 “diem
938 4214 1005 4275 irae
1027 4221 1061 4275 et
1084 4217 1175 4272 excass·

109 4325 303 4395 desccntiae
329 4314 500 4400 Jehovae”
526 4314 558 4374 in
584 4310 699 4373 Verbo
727 4308 860 4371 Veteris
889 4305 1112 4370 Testamenti:
1134 4287 1175 4401 sed

111 4425 265 4491 ultimum
280 4414 439 4501 judicium
458 4408 548 4492 quod
566 4405 664 4469 hodie
684 4424 703 4466 a
723 4404 869 4466 Domino
891 4399 1060 4484 peractum
1077 4405 1126 4466 est,
1140 4404 1173 4450 ¹¹¹·
