2684 4988
322 484 906 570 can.v11.,vnns.17.-u.483[a].
1092 505 1169 554 1201

104 676 144 722 uus
155 672 195 728 est
209 665 276 746 ipsa
286 665 377 742 Vita,
389 677 425 731 ut
442 667 519 750 Ipse
532 668 654 744 docet;
678 680 713 733 et
729 671 819 752 quod
835 692 880 734 ex
896 672 968 752 ipsa
984 673 1054 736 vita
1066 674 1171 750 venit,

104 751 245 823 locvivum
261 771 333 838 est,
352 763 442 844 quod
459 773 573 826 autern
589 764 633 827 ab
648 763 785 828 homine
801 766 906 841 venit,
919 766 984 830 hoc
1002 779 1171 832 mortuum

104 859 140 912 est.
175 853 216 918 Ut
242 855 406 918 Dominus
432 857 492 921 det
515 858 620 922 vitam
643 860 741 934 veris,
765 859 872 925 influit
900 881 959 942 per
985 862 1112 928 bonum
1138 866 1172 928 in

104 939 141 1018 lla,
154 958 181 1010 et
197 949 317 1013 bonum
337 948 506 1028 vivificat;
529 951 636 1016 influit
656 954 759 1016 etiam
783 975 801 1017 e
821 955 981 1035 superiori
1003 976 1062 1019 seu
1081 957 1172 1020 inte·

104 1035 154 1115 lori,
168 1053 198 1106 et
214 1045 321 1124 aperit
341 1055 492 1108 mentem
512 1046 731 1128 spiritualem,
751 1058 786 1111 et
806 1049 836 1111 ei
854 1049 939 1112 indit
959 1047 1172 1115 affedtionem

104 1135 153 1211 tri3
180 1148 212 1201 et
237 1136 372 1203 affedtio
396 1141 464 1202 veri
492 1141 673 1221 spiritualis
700 1153 753 1206 est
780 1143 851 1224 ipsa
875 1144 945 1207 vita
972 1144 1056 1207 caeli
1083 1146 1172 1226 apud

104 1233 233 1296 ominem.
278 1232 374 1297 Haec
387 1235 458 1298 vita
474 1245 527 1298 est
544 1256 629 1318 quae
645 1236 831 1300 insinuatur
844 1237 971 1301 homini
987 1260 1007 1302 a
1023 1239 1172 1307 Domino

104 1342 210 1390 erveta.
256 1328 340 1391 inde
357 1339 514 1393 constare
532 1340 647 1411 potest
659 1330 738 1412 quid
755 1330 955 1412 intelligitur
968 1352 1027 1413 per
1040 1337 1172 1415 “aquas

104 1416 176 1495 ssvasss‘
192 1432 225 1486 et
250 1424 302 1487 hic
328 1444 386 1504 per
406 1424 530 1488 “vivos
554 1424 665 1488 fontes
688 1424 878 1508 aquarum,’'
896 1426 930 1488 in
953 1427 1172 1510 sequentibus

104 1510 120 1572 [s
135 1515 205 1580 locis
217 1517 375 1599 :—Apud
393 1517 548 1594 Esaiam,

119 1649 265 1716 “Pauperes
278 1662 304 1702 et
318 1654 396 1717 egeni
412 1663 572 1717 quaerentes
586 1668 692 1717 aquam,
707 1654 754 1704 sed
770 1669 842 1714 non;
860 1656 953 1717 ilngua
964 1670 1057 1705 eorum
1070 1656 1113 1705 siti
1128 1657 1173 1706 de·

184 1717 236 1767 ficit
247 1733 265 1774 ;.
276 1756 282 1768 .
292 1757 298 1768 .
309 1719 439 1781 ¹aperiam
457 1733 538 1780 super
555 1719 631 1768 clivis
644 1719 749 1778 fluvios,
764 1729 791 1770 et
808 1719 836 1768 in
855 1721 944 1769 medio
958 1721 1066 1770 vallium
1082 1721 1173 1771 fontes

183 1798 291 1846 ponam,
306 1784 440 1833 desertum
454 1784 480 1832 in
494 1795 619 1846 stagnum
632 1799 771 1848 aquarum,
784 1794 812 1835 et
824 1795 922 1834 terram
935 1785 1032 1835 siccam
1045 1787 1071 1836 in
1086 1798 1173 1836 scatu-

183 1850 282 1911 rigines
294 1865 423 1914 aquarum
431 1848 445 1868 '⁸
457 1851 513 1911 (xli.
527 1861 565 1909 17,
578 1851 632 1910 18):

104 1967 166 2035 itur
182 1974 225 2036 ibi
244 1973 289 2036 de
308 1972 498 2037 salvatione
517 1974 670 2054 gentium
689 1994 710 2036 a
728 1973 888 2047 Domino,
907 1975 962 2056 qui
980 1980 1172 2056 “pauperes

122 2067 233 2147 egeni”
253 2068 410 2131 dicuntur
432 2088 478 2130 ex
502 2065 634 2131 deiedtu
657 2079 692 2130 et
716 2069 907 2149 ignorantia
926 2070 1014 2132 veri:
1039 2069 1172 2132 deside·

104 2178 140 2223 tm
163 2183 278 2226 eorum
302 2163 428 2225 sciendi
452 2183 532 2225 vera
559 2163 602 2225 ab
625 2162 690 2224 illis
713 2163 768 2244 qui
791 2163 824 2224 in
847 2163 1001 2236 ecclesia,
1025 2163 1080 2225 ubi
1102 2182 1171 2226 non

104 2273 137 2317 ra
152 2267 257 2329 erant,
278 2257 477 2320 describitur
495 2277 554 2337 per
573 2257 662 2339 quod
684 2263 876 2338 “quaerant
896 2278 1010 2339 aquas,
1031 2267 1066 2320 et
1090 2276 1170 2332 non,

104 2369 167 2430 tgua
185 2373 301 2415 eorum
321 2351 375 2415 siti
401 2349 516 2414 deficit
529 2351 555 2429 ;'’
580 2350 717 2432 “aqua”
736 2362 788 2415 est
808 2371 935 2426 verum,
957 2352 1077 2416 “sitire
1086 2351 1101 2377 ”
1119 2361 1172 2415 est

104 2445 242 2509 siderare
265 2445 367 2508 illud:
392 2446 482 2527 quod
506 2447 716 2508 instruentur
738 2466 758 2508 a
781 2445 941 2521 Domino,
965 2445 1174 2528 significatur

104 2539 311 2621 r“Aperiam
327 2561 427 2622 super
438 2540 533 2603 clivis
546 2540 673 2614 fluvios,
685 2550 719 2604 et
736 2541 769 2603 in
783 2541 895 2604 medio
907 2540 1044 2604 vallium
1060 2541 1173 2606 sontes

106 2635 208 2712 nam;”
226 2636 382 2716 “aperire
393 2635 528 2698 fluvios'‘
540 2645 593 2698 est
604 2635 683 2698 dare
695 2635 969 2717 intelligentiam,
983 2637 1044 2699 “in
1055 2636 1174 2701 clivis'’

104 2742 110 2791 :
124 2731 154 2792 in
172 2731 323 2794 interiori
340 2731 487 2804 homine,
506 2736 525 2762 ⁴⁴
536 2731 568 2792 in
589 2730 701 2794 medio
717 2729 854 2793 vallium
863 2730 877 2754 ”
893 2741 945 2793 est
962 2732 995 2794 in
1011 2732 1172 2795 exteriori

105 2826 199 2899 mine,
225 2831 379 2906 “ponere
403 2823 539 2887 lontes'’
562 2834 614 2887 est
638 2825 802 2888 instruere
824 2826 857 2887 in
882 2826 987 2888 veris:
1017 2833 1171 2908 “ponere

104 2931 223 2984 sertum
242 2920 277 2983 in
296 2930 456 3000 stagnum
475 2934 647 3000 aquarum,
664 2928 700 2982 et
720 2927 844 2983 terram
861 2921 985 2984 siccam
1005 2921 1039 2983 in
1058 2931 1172 2985 scatu-

104 3015 176 3078 *ines
203 3012 394 3096 aquarum,''
417 3012 585 3094 significat
613 3013 856 3077 abundantiam
884 3015 953 3077 veri
981 3015 1070 3094 apud
1097 3014 1173 3078 illos

103 3111 111 3172 i
133 3111 222 3191 prius
245 3110 278 3170 in
298 3105 431 3171 defectu
450 3118 485 3171 et
504 3109 537 3170 in
561 3109 753 3188 ignorantia
771 3108 924 3185 luerunt;
949 3107 1174 3172 “desertum''

104 3205 178 3266 :ubi
199 3224 266 3265 non
287 3203 412 3265 bonum
432 3203 508 3284 quia
528 3222 594 3264 non
614 3223 742 3276 verum,
762 3207 880 3266 “terra
899 3201 1011 3265 sicca”
1030 3203 1085 3265 ubi
1105 3223 1173 3266 non

104 3310 222 3363 mmet
242 3299 320 3361 inde
340 3318 408 3360 non
432 3298 558 3360 bonum
570 3318 578 3374 ;
604 3302 793 3378 “stagnum
812 3315 972 3380 aquarum
982 3296 996 3320 ”
1015 3307 1050 3360 et
1071 3297 1173 3361 “fon-

104 3414 109 3455 t
133 3392 317 3476 aquarum”
340 3392 530 3472 significant
557 3391 800 3454 abundantiam
827 3393 1059 3472 cognitionum
1083 3393 1171 3455 veri:

126 3489 177 3552 his
205 3487 382 3551 manifeste
410 3496 504 3566 patet
533 3486 623 3568 quod
650 3486 703 3548 hic
732 3504 791 3566 per
818 3486 981 3567 “aquas,”
1005 3486 1174 3562 “sontes’'

104 3581 335 3665 caturigines,”
363 3580 533 3644 “fluvios''
559 3590 594 3643 et
624 3586 776 3660 “stagna
802 3581 993 3662 aquarum,”
1020 3601 1088 3645 non
1114 3581 1173 3645 illa

104 3676 293 3754 mificentur,
307 3677 367 3739 sed
381 3676 594 3756 cognitiones
605 3676 675 3737 veri
691 3686 725 3737 et
738 3675 816 3737 inde
832 3675 1069 3756 intelligentia,
1084 3676 1172 3740 unde

104 3769 206 3835 lvatio.
252 3770 357 3853 Apud
376 3770 532 3844 eundem,

110 3905 199 3956 “Ecce
223 3905 298 3955 Deus
316 3914 407 3953 vester
425 3905 451 3953 in
470 3899 616 3952 vinditiam
635 3903 725 3951 veniet
728 3939 797 3959 .....
803 3911 830 3951 et
847 3903 962 3951 salvabit
979 3913 1174 3961 vos;....tunc

184 3973 234 4021 erit
244 3971 334 4020 aridus
343 3971 417 4019 locus
427 3971 454 4019 in
464 3978 598 4032 stagnum,
608 3979 635 4019 et
645 3968 797 4017 siticulosus
807 3968 834 4016 in
842 3968 1018 4031 scaturigines
1025 3983 1153 4033 aquarum
1161 3968 1175 3990 '’

183 4037 274 4098 (xxxv.
287 4031 337 4096 [¹¹4.
350 4035 388 4097 7)=

104 4175 142 4220 ec
164 4179 296 4240 quoque
319 4157 362 4219 de
385 4157 539 4238 gentium
562 4152 784 4217 instructione
810 4155 843 4216 in
866 4155 954 4217 veris
980 4164 1015 4217 et
1041 4154 1173 4218 illarum

104 4246 295 4316 'ormatione
318 4272 338 4315 a
361 4251 520 4324 Domino,
545 4269 620 4312 cum
644 4258 806 4311 venturus
829 4250 861 4311 in
886 4249 1059 4322 mundum,
1083 4246 1175 4313 dieta

104 4355 156 4423 1t;
177 4369 215 4411 ac
241 4367 301 4429 per
320 4345 410 4429 quod
431 4345 570 4408 “aridus
593 4343 687 4407 locus
709 4344 773 4405 erit
796 4343 828 4405 in
852 4353 1023 4425 stagnum,
1043 4351 1079 4405 et
1101 4344 1173 4406 siti·

104 4434 188 4505 losus
206 4443 240 4506 in
259 4441 483 4523 scaturigines
498 4436 689 4521 aquarum,”
705 4435 936 4519 significantur
951 4435 1071 4501 similia
1087 4457 1173 4519 quae
