<?xml version="1.0" encoding="UTF-8"?>
<!DOCTYPE html PUBLIC "-//W3C//DTD XHTML 1.0 Transitional//EN"
    "http://www.w3.org/TR/xhtml1/DTD/xhtml1-transitional.dtd">
<html xmlns="http://www.w3.org/1999/xhtml" xml:lang="en" lang="en">
 <head>
  <title>
</title>
<meta http-equiv="Content-Type" content="text/html;charset=utf-8" />
  <meta name='ocr-system' content='tesseract 3.04.00' />
  <meta name='ocr-capabilities' content='ocr_page ocr_carea ocr_par ocr_line ocrx_word'/>
</head>
<body>
  <div class='ocr_page' id='page_1' title='image "./apocalypsisexpl00swedgoog_0112.png"; bbox 0 0 2684 4988; ppageno 0'>
   <div class='ocr_carea' id='block_1_1' title="bbox 178 442 987 525">
    <p class='ocr_par' dir='ltr' id='par_1_1' title="bbox 178 442 987 525">
     <span class='ocr_line' id='line_1_1' title="bbox 178 442 987 525; baseline 0.011 -25"><span class='ocrx_word' id='word_1_1' title='bbox 178 442 242 525; x_wconf 79' lang='lat'>764</span> <span class='ocrx_word' id='word_1_2' title='bbox 436 496 441 506; x_wconf 88' lang='lat'><em>.</em></span> <span class='ocrx_word' id='word_1_3' title='bbox 489 453 739 507; x_wconf 80' lang='lat' dir='ltr'>APOCALYPSIS</span> <span class='ocrx_word' id='word_1_4' title='bbox 762 456 987 510; x_wconf 77' lang='lat' dir='ltr'>EXPLICATA.</span> 
     </span>
    </p>
   </div>
   <div class='ocr_carea' id='block_1_2' title="bbox 176 598 1333 895">
    <p class='ocr_par' dir='ltr' id='par_1_2' title="bbox 176 598 1333 895">
     <span class='ocr_line' id='line_1_2' title="bbox 177 598 1333 705; baseline 0.008 -21"><span class='ocrx_word' id='word_1_5' title='bbox 177 621 237 686; x_wconf 89' lang='lat' dir='ltr'>det</span> <span class='ocrx_word' id='word_1_6' title='bbox 253 622 344 685; x_wconf 93' lang='lat' dir='ltr'>bono</span> <span class='ocrx_word' id='word_1_7' title='bbox 356 623 528 703; x_wconf 81' lang='lat' dir='ltr'>spirituali,</span> <span class='ocrx_word' id='word_1_8' title='bbox 542 623 631 705; x_wconf 93' lang='lat' dir='ltr'>quod</span> <span class='ocrx_word' id='word_1_9' title='bbox 648 623 681 686; x_wconf 92' lang='lat' dir='ltr'>in</span> <span class='ocrx_word' id='word_1_10' title='bbox 697 645 756 687; x_wconf 92' lang='lat' dir='ltr'>sua</span> <span class='ocrx_word' id='word_1_11' title='bbox 771 625 918 689; x_wconf 85' lang='lat' dir='ltr'>essentia</span> <span class='ocrx_word' id='word_1_12' title='bbox 930 634 982 690; x_wconf 88' lang='lat' dir='ltr'>est</span> <span class='ocrx_word' id='word_1_13' title='bbox 995 645 1132 703; x_wconf 90' lang='lat' dir='ltr'>verum;</span> <span class='ocrx_word' id='word_1_14' title='bbox 1150 624 1255 691; x_wconf 80' lang='lat' dir='ltr'>“oliva</span> <span class='ocrx_word' id='word_1_15' title='bbox 1267 598 1333 693; x_wconf 54' lang='lat' dir='ltr'>e·</span> 
     </span>
     <span class='ocr_line' id='line_1_3' title="bbox 177 712 1333 800; baseline 0.005 -23"><span class='ocrx_word' id='word_1_16' title='bbox 177 724 214 777; x_wconf 93' lang='lat' dir='ltr'>ut</span> <span class='ocrx_word' id='word_1_17' title='bbox 237 712 360 778; x_wconf 77' lang='lat' dir='ltr'>frudius</span> <span class='ocrx_word' id='word_1_18' title='bbox 383 737 427 778; x_wconf 81' lang='lat' dir='ltr'>ex</span> <span class='ocrx_word' id='word_1_19' title='bbox 447 738 513 798; x_wconf 87' lang='lat' dir='ltr'>quo</span> <span class='ocrx_word' id='word_1_20' title='bbox 532 718 655 792; x_wconf 90' lang='lat' dir='ltr'>oleum,</span> <span class='ocrx_word' id='word_1_21' title='bbox 676 719 919 800; x_wconf 85' lang='lat' dir='ltr'>correspondet</span> <span class='ocrx_word' id='word_1_22' title='bbox 942 720 1033 783; x_wconf 93' lang='lat' dir='ltr'>bono</span> <span class='ocrx_word' id='word_1_23' title='bbox 1055 721 1179 783; x_wconf 89' lang='lat' dir='ltr'>amoris</span> <span class='ocrx_word' id='word_1_24' title='bbox 1195 717 1283 785; x_wconf 72' lang='lat' dir='ltr'>adiu</span> <span class='ocrx_word' id='word_1_25' title='bbox 1321 717 1333 775; x_wconf 77' lang='lat' dir='ltr'>i</span> 
     </span>
     <span class='ocr_line' id='line_1_4' title="bbox 176 804 1332 895; baseline 0.004 -23"><span class='ocrx_word' id='word_1_26' title='bbox 176 818 212 872; x_wconf 93' lang='lat' dir='ltr'>et</span> <span class='ocrx_word' id='word_1_27' title='bbox 227 815 245 840; x_wconf 77' lang='lat'>‘⁶</span> <span class='ocrx_word' id='word_1_28' title='bbox 254 811 326 889; x_wconf 82' lang='lat' dir='ltr'>agri</span> <span class='ocrx_word' id='word_1_29' title='bbox 334 809 348 833; x_wconf 88' lang='lat'><strong>”</strong></span> <span class='ocrx_word' id='word_1_30' title='bbox 361 812 628 892; x_wconf 85' lang='lat' dir='ltr'>correspondent</span> <span class='ocrx_word' id='word_1_31' title='bbox 641 813 795 874; x_wconf 88' lang='lat' dir='ltr'>omnibus</span> <span class='ocrx_word' id='word_1_32' title='bbox 808 813 970 876; x_wconf 88' lang='lat' dir='ltr'>ecclesiae</span> <span class='ocrx_word' id='word_1_33' title='bbox 984 836 992 890; x_wconf 88' lang='lat'>;</span> <span class='ocrx_word' id='word_1_34' title='bbox 1010 815 1240 895; x_wconf 87' lang='lat' dir='ltr'>“proventus’&#39;</span> <span class='ocrx_word' id='word_1_35' title='bbox 1251 804 1332 876; x_wconf 64' lang='grc' dir='ltr'>ε1</span> 
     </span>
    </p>
   </div>
   <div class='ocr_carea' id='block_1_3' title="bbox 175 903 1331 1164">
    <p class='ocr_par' dir='ltr' id='par_1_3' title="bbox 175 903 1331 1164">
     <span class='ocr_line' id='line_1_5' title="bbox 178 903 1331 989; baseline 0.006 -25"><span class='ocrx_word' id='word_1_36' title='bbox 178 903 295 967; x_wconf 85' lang='lat' dir='ltr'>“cibi&#39;’</span> <span class='ocrx_word' id='word_1_37' title='bbox 314 905 392 967; x_wconf 92' lang='lat' dir='ltr'>inde</span> <span class='ocrx_word' id='word_1_38' title='bbox 411 904 604 985; x_wconf 86' lang='lat' dir='ltr'>significant</span> <span class='ocrx_word' id='word_1_39' title='bbox 623 907 735 968; x_wconf 90' lang='lat' dir='ltr'>omnia</span> <span class='ocrx_word' id='word_1_40' title='bbox 751 927 836 988; x_wconf 90' lang='lat' dir='ltr'>quae</span> <span class='ocrx_word' id='word_1_41' title='bbox 855 918 933 969; x_wconf 91' lang='lat' dir='ltr'>sunt</span> <span class='ocrx_word' id='word_1_42' title='bbox 954 909 1147 971; x_wconf 88' lang='lat' dir='ltr'>nutritionis</span> <span class='ocrx_word' id='word_1_43' title='bbox 1161 909 1281 989; x_wconf 72' lang='lat' dir='ltr'>spiritu</span> <span class='ocrx_word' id='word_1_44' title='bbox 1293 925 1331 943; x_wconf 75' lang='lat'><strong><em>‘</em></strong></span> 
     </span>
     <span class='ocr_line' id='line_1_6' title="bbox 175 986 1328 1152; baseline 0.008 -94"><span class='ocrx_word' id='word_1_45' title='bbox 175 996 238 1152; x_wconf 47' lang='lat' dir='ltr'>{lis</span> <span class='ocrx_word' id='word_1_46' title='bbox 254 1017 281 1151; x_wconf 56' lang='lat' dir='ltr'>:l</span> <span class='ocrx_word' id='word_1_47' title='bbox 296 998 373 1062; x_wconf 92' lang='lat' dir='ltr'>inde</span> <span class='ocrx_word' id='word_1_48' title='bbox 402 1008 498 1080; x_wconf 86' lang='lat' dir='ltr'>patet</span> <span class='ocrx_word' id='word_1_49' title='bbox 528 1000 607 1081; x_wconf 92' lang='lat' dir='ltr'>quid</span> <span class='ocrx_word' id='word_1_50' title='bbox 635 999 694 1062; x_wconf 89' lang='lat' dir='ltr'>illa</span> <span class='ocrx_word' id='word_1_51' title='bbox 723 1000 755 1061; x_wconf 92' lang='lat' dir='ltr'>in</span> <span class='ocrx_word' id='word_1_52' title='bbox 785 1000 902 1063; x_wconf 91' lang='lat' dir='ltr'>ordine</span> <span class='ocrx_word' id='word_1_53' title='bbox 932 1000 1135 1082; x_wconf 81' lang='lat' dir='ltr'>significant.</span> <span class='ocrx_word' id='word_1_54' title='bbox 1189 986 1328 1084; x_wconf 75' lang='lat' dir='ltr'>Apud</span> 
     </span>
     <span class='ocr_line' id='line_1_7' title="bbox 212 1111 370 1164; baseline 0.006 -12"><span class='ocrx_word' id='word_1_55' title='bbox 212 1111 370 1164; x_wconf 82' lang='lat' dir='ltr'>osceeam,</span> 
     </span>
    </p>
   </div>
   <div class='ocr_carea' id='block_1_4' title="bbox 228 1235 1318 1367">
    <p class='ocr_par' dir='ltr' id='par_1_4' title="bbox 228 1235 1318 1367">
     <span class='ocr_line' id='line_1_8' title="bbox 228 1235 1318 1302; baseline 0.004 -17"><span class='ocrx_word' id='word_1_56' title='bbox 228 1235 378 1299; x_wconf 79' lang='lat' dir='ltr'>“Ephraim</span> <span class='ocrx_word' id='word_1_57' title='bbox 395 1251 506 1298; x_wconf 85' lang='lat' dir='ltr'>pascens</span> <span class='ocrx_word' id='word_1_58' title='bbox 521 1247 654 1291; x_wconf 83' lang='lat' dir='ltr'>ventum..</span> <span class='ocrx_word' id='word_1_59' title='bbox 664 1274 670 1286; x_wconf 89' lang='lat'><strong><em>.</em></strong></span> <span class='ocrx_word' id='word_1_60' title='bbox 680 1274 686 1287; x_wconf 89' lang='lat'><strong>.</strong></span> <span class='ocrx_word' id='word_1_61' title='bbox 697 1237 803 1286; x_wconf 80' lang='lat' dir='ltr'>.loedus</span> <span class='ocrx_word' id='word_1_62' title='bbox 817 1252 877 1287; x_wconf 89' lang='lat' dir='ltr'>cum</span> <span class='ocrx_word' id='word_1_63' title='bbox 892 1239 1005 1301; x_wconf 81' lang='lat' dir='ltr'>Assyrio</span> <span class='ocrx_word' id='word_1_64' title='bbox 1020 1251 1152 1302; x_wconf 76' lang='lat' dir='ltr'>pangunt,</span> <span class='ocrx_word' id='word_1_65' title='bbox 1165 1250 1192 1290; x_wconf 93' lang='lat' dir='ltr'>et</span> <span class='ocrx_word' id='word_1_66' title='bbox 1206 1240 1318 1289; x_wconf 68' lang='lat' dir='ltr'>oleutn</span> 
     </span>
     <span class='ocr_line' id='line_1_9' title="bbox 306 1299 909 1367; baseline 0.005 -18"><span class='ocrx_word' id='word_1_67' title='bbox 306 1300 333 1349; x_wconf 91' lang='lat' dir='ltr'>in</span> <span class='ocrx_word' id='word_1_68' title='bbox 346 1301 499 1365; x_wconf 77' lang='lat' dir='ltr'>Aegyptum</span> <span class='ocrx_word' id='word_1_69' title='bbox 511 1301 629 1351; x_wconf 80' lang='lat' dir='ltr'>defertur</span> <span class='ocrx_word' id='word_1_70' title='bbox 636 1301 650 1321; x_wconf 84' lang='lat'>&#39;¹</span> <span class='ocrx_word' id='word_1_71' title='bbox 662 1302 742 1364; x_wconf 80' lang='lat' dir='ltr'>(xiia</span> <span class='ocrx_word' id='word_1_72' title='bbox 756 1300 801 1367; x_wconf 86' lang='lat' dir='ltr'>[B.</span> <span class='ocrx_word' id='word_1_73' title='bbox 811 1305 835 1351; x_wconf 84' lang='grc' dir='ltr'><em>Α</em></span> <span class='ocrx_word' id='word_1_74' title='bbox 840 1339 846 1353; x_wconf 94' lang='grc'><strong>.</strong></span> <span class='ocrx_word' id='word_1_75' title='bbox 858 1299 909 1367; x_wconf 76' lang='lat' dir='ltr'>tD:</span> 
     </span>
    </p>
   </div>
   <div class='ocr_carea' id='block_1_5' title="bbox 174 1442 1317 2091">
    <p class='ocr_par' dir='ltr' id='par_1_5' title="bbox 174 1442 1317 2091">
     <span class='ocr_line' id='line_1_10' title="bbox 176 1442 1317 1530; baseline 0.004 -24"><span class='ocrx_word' id='word_1_76' title='bbox 176 1445 259 1506; x_wconf 86' lang='lat' dir='ltr'>lraec</span> <span class='ocrx_word' id='word_1_77' title='bbox 276 1464 410 1526; x_wconf 91' lang='lat' dir='ltr'>prorsus</span> <span class='ocrx_word' id='word_1_78' title='bbox 427 1465 494 1508; x_wconf 92' lang='lat' dir='ltr'>non</span> <span class='ocrx_word' id='word_1_79' title='bbox 511 1444 746 1527; x_wconf 85' lang='lat' dir='ltr'>intelliguntur</span> <span class='ocrx_word' id='word_1_80' title='bbox 762 1447 822 1507; x_wconf 90' lang='lat' dir='ltr'>nisi</span> <span class='ocrx_word' id='word_1_81' title='bbox 840 1447 964 1509; x_wconf 87' lang='lat' dir='ltr'>sciatur</span> <span class='ocrx_word' id='word_1_82' title='bbox 979 1447 1059 1529; x_wconf 91' lang='lat' dir='ltr'>quid</span> <span class='ocrx_word' id='word_1_83' title='bbox 1075 1453 1093 1478; x_wconf 82' lang='lat'>‘¹</span> <span class='ocrx_word' id='word_1_84' title='bbox 1104 1442 1317 1530; x_wconf 82' lang='lat' dir='ltr'>Ephraim.&#39;&#39;</span> 
     </span>
     <span class='ocr_line' id='line_1_11' title="bbox 178 1538 1305 1621; baseline 0.004 -22"><span class='ocrx_word' id='word_1_85' title='bbox 178 1538 258 1620; x_wconf 92' lang='lat' dir='ltr'>quid</span> <span class='ocrx_word' id='word_1_86' title='bbox 272 1538 488 1618; x_wconf 69' lang='lat' dir='ltr'>“Assyrius&#39;’</span> <span class='ocrx_word' id='word_1_87' title='bbox 505 1550 539 1601; x_wconf 89' lang='lat' dir='ltr'>et</span> <span class='ocrx_word' id='word_1_88' title='bbox 553 1540 631 1621; x_wconf 93' lang='lat' dir='ltr'>quid</span> <span class='ocrx_word' id='word_1_89' title='bbox 646 1538 857 1619; x_wconf 86' lang='lat' dir='ltr'>“Aegyptus</span> <span class='ocrx_word' id='word_1_90' title='bbox 869 1540 896 1601; x_wconf 88' lang='lat'>:”</span> <span class='ocrx_word' id='word_1_91' title='bbox 917 1540 1116 1603; x_wconf 88' lang='lat' dir='ltr'>describitur</span> <span class='ocrx_word' id='word_1_92' title='bbox 1133 1540 1179 1603; x_wconf 89' lang='lat' dir='ltr'>ibi</span> <span class='ocrx_word' id='word_1_93' title='bbox 1194 1540 1305 1605; x_wconf 77' lang='lat' dir='ltr'>intel-</span> 
     </span>
     <span class='ocr_line' id='line_1_12' title="bbox 176 1628 1310 1715; baseline 0.004 -23"><span class='ocrx_word' id='word_1_94' title='bbox 176 1628 319 1695; x_wconf 71' lang='lat' dir='ltr'>lectuale</span> <span class='ocrx_word' id='word_1_95' title='bbox 333 1634 499 1714; x_wconf 88' lang='lat' dir='ltr'>proprium</span> <span class='ocrx_word' id='word_1_96' title='bbox 513 1633 667 1707; x_wconf 89' lang='lat' dir='ltr'>hominis,</span> <span class='ocrx_word' id='word_1_97' title='bbox 682 1633 771 1715; x_wconf 94' lang='lat' dir='ltr'>quod</span> <span class='ocrx_word' id='word_1_98' title='bbox 785 1654 843 1715; x_wconf 93' lang='lat' dir='ltr'>per</span> <span class='ocrx_word' id='word_1_99' title='bbox 856 1634 1030 1696; x_wconf 89' lang='lat' dir='ltr'>ratiocinia</span> <span class='ocrx_word' id='word_1_100' title='bbox 1042 1655 1087 1696; x_wconf 86' lang='lat' dir='ltr'>ex</span> <span class='ocrx_word' id='word_1_101' title='bbox 1101 1634 1310 1698; x_wconf 72' lang='lat' dir='ltr'>scientifieis</span> 
     </span>
     <span class='ocr_line' id='line_1_13' title="bbox 177 1725 1306 1808; baseline 0.004 -21"><span class='ocrx_word' id='word_1_102' title='bbox 177 1727 338 1806; x_wconf 86' lang='lat' dir='ltr'>pervertit</span> <span class='ocrx_word' id='word_1_103' title='bbox 355 1736 388 1787; x_wconf 89' lang='lat' dir='ltr'>et</span> <span class='ocrx_word' id='word_1_104' title='bbox 406 1726 575 1789; x_wconf 87' lang='lat' dir='ltr'>adulterat</span> <span class='ocrx_word' id='word_1_105' title='bbox 592 1726 680 1789; x_wconf 89' lang='lat' dir='ltr'>bona</span> <span class='ocrx_word' id='word_1_106' title='bbox 693 1725 876 1804; x_wconf 87' lang='lat' dir='ltr'>ecclesiae;</span> <span class='ocrx_word' id='word_1_107' title='bbox 897 1726 1089 1808; x_wconf 87' lang='lat' dir='ltr'>“Ephraim</span> <span class='ocrx_word' id='word_1_108' title='bbox 1097 1727 1113 1750; x_wconf 88' lang='lat'><strong>”</strong></span> <span class='ocrx_word' id='word_1_109' title='bbox 1124 1739 1179 1792; x_wconf 89' lang='lat' dir='ltr'>est</span> <span class='ocrx_word' id='word_1_110' title='bbox 1196 1727 1306 1792; x_wconf 83' lang='lat' dir='ltr'>intel-</span> 
     </span>
     <span class='ocr_line' id='line_1_14' title="bbox 175 1816 1303 1903; baseline 0.005 -23"><span class='ocrx_word' id='word_1_111' title='bbox 175 1816 1303 1903; x_wconf 68' lang='lat' dir='ltr'>ledtuale‚“Assyrius”ratiocinatioet“Aegyptus&#39;‘scientificum;</span> 
     </span>
     <span class='ocr_line' id='line_1_15' title="bbox 174 1914 1308 2000; baseline 0.003 -24"><span class='ocrx_word' id='word_1_112' title='bbox 174 1915 252 1976; x_wconf 89' lang='lat' dir='ltr'>inde</span> <span class='ocrx_word' id='word_1_113' title='bbox 273 1914 411 1977; x_wconf 85' lang='lat' dir='ltr'>“oleum</span> <span class='ocrx_word' id='word_1_114' title='bbox 432 1917 464 1976; x_wconf 91' lang='lat' dir='ltr'>in</span> <span class='ocrx_word' id='word_1_115' title='bbox 485 1915 684 1996; x_wconf 81' lang='lat' dir='ltr'>Aegyptum</span> <span class='ocrx_word' id='word_1_116' title='bbox 704 1915 831 1978; x_wconf 80' lang='lat' dir='ltr'>deferre</span> <span class='ocrx_word' id='word_1_117' title='bbox 839 1914 854 1939; x_wconf 88' lang='lat'>’¹</span> <span class='ocrx_word' id='word_1_118' title='bbox 872 1926 925 1977; x_wconf 90' lang='lat' dir='ltr'>est</span> <span class='ocrx_word' id='word_1_119' title='bbox 944 1915 1034 1978; x_wconf 89' lang='lat' dir='ltr'>bona</span> <span class='ocrx_word' id='word_1_120' title='bbox 1052 1915 1220 1980; x_wconf 85' lang='lat' dir='ltr'>ecclesiae</span> <span class='ocrx_word' id='word_1_121' title='bbox 1239 1935 1308 2000; x_wconf 87' lang='lat' dir='ltr'>per</span> 
     </span>
     <span class='ocr_line' id='line_1_16' title="bbox 174 2007 1229 2091; baseline 0 -18"><span class='ocrx_word' id='word_1_122' title='bbox 174 2010 350 2073; x_wconf 86' lang='lat' dir='ltr'>ratiocinia</span> <span class='ocrx_word' id='word_1_123' title='bbox 368 2031 413 2071; x_wconf 89' lang='lat' dir='ltr'>ex</span> <span class='ocrx_word' id='word_1_124' title='bbox 431 2007 622 2072; x_wconf 86' lang='lat' dir='ltr'>scientificis</span> <span class='ocrx_word' id='word_1_125' title='bbox 641 2019 842 2090; x_wconf 88' lang='lat' dir='ltr'>pervertere.</span> <span class='ocrx_word' id='word_1_126' title='bbox 888 2008 992 2091; x_wconf 92' lang='lat' dir='ltr'>Apud</span> <span class='ocrx_word' id='word_1_127' title='bbox 1012 2008 1229 2086; x_wconf 76' lang='lat' dir='ltr'>Sacharrirm,</span> 
     </span>
    </p>
   </div>
   <div class='ocr_carea' id='block_1_6' title="bbox 225 2154 1298 2346">
    <p class='ocr_par' dir='ltr' id='par_1_6' title="bbox 225 2154 1298 2346">
     <span class='ocr_line' id='line_1_17' title="bbox 225 2154 1298 2220; baseline 0.002 -15"><span class='ocrx_word' id='word_1_128' title='bbox 225 2156 309 2205; x_wconf 82' lang='lat' dir='ltr'>“Vidi</span> <span class='ocrx_word' id='word_1_129' title='bbox 322 2156 510 2205; x_wconf 83' lang='lat' dir='ltr'>candelabrum</span> <span class='ocrx_word' id='word_1_130' title='bbox 520 2155 576 2204; x_wconf 86' lang='lat' dir='ltr'>auri</span> <span class='ocrx_word' id='word_1_131' title='bbox 578 2191 649 2211; x_wconf 83' lang='grc'><strong>.....</strong></span> <span class='ocrx_word' id='word_1_132' title='bbox 653 2155 722 2204; x_wconf 82' lang='lat' dir='ltr'>duae</span> <span class='ocrx_word' id='word_1_133' title='bbox 731 2155 807 2204; x_wconf 84' lang='lat' dir='ltr'>oleae</span> <span class='ocrx_word' id='word_1_134' title='bbox 818 2154 894 2218; x_wconf 84' lang='lat' dir='ltr'>juxta</span> <span class='ocrx_word' id='word_1_135' title='bbox 906 2156 940 2212; x_wconf 86' lang='lat' dir='ltr'>id.</span> <span class='ocrx_word' id='word_1_136' title='bbox 952 2170 1007 2204; x_wconf 80' lang='lat' dir='ltr'>una</span> <span class='ocrx_word' id='word_1_137' title='bbox 1017 2156 1140 2205; x_wconf 75' lang='lat' dir='ltr'>adextrat</span> <span class='ocrx_word' id='word_1_138' title='bbox 1151 2157 1259 2220; x_wconf 79' lang='lat' dir='ltr'>lecythl.</span> <span class='ocrx_word' id='word_1_139' title='bbox 1268 2165 1298 2207; x_wconf 81' lang='lat' dir='ltr'>et</span> 
     </span>
     <span class='ocr_line' id='line_1_18' title="bbox 304 2220 1296 2285; baseline 0.003 -17"><span class='ocrx_word' id='word_1_140' title='bbox 304 2236 358 2269; x_wconf 91' lang='lat' dir='ltr'>una</span> <span class='ocrx_word' id='word_1_141' title='bbox 369 2221 402 2269; x_wconf 93' lang='lat' dir='ltr'>ad</span> <span class='ocrx_word' id='word_1_142' title='bbox 415 2221 550 2269; x_wconf 86' lang='lat' dir='ltr'>sinistram</span> <span class='ocrx_word' id='word_1_143' title='bbox 560 2220 619 2281; x_wconf 83' lang='lat' dir='ltr'>ejus</span> <span class='ocrx_word' id='word_1_144' title='bbox 628 2235 646 2268; x_wconf 90' lang='lat'>:.</span> <span class='ocrx_word' id='word_1_145' title='bbox 657 2257 663 2270; x_wconf 88' lang='lat'><em>.</em></span> <span class='ocrx_word' id='word_1_146' title='bbox 673 2257 679 2269; x_wconf 91' lang='lat'><em>.</em></span> <span class='ocrx_word' id='word_1_147' title='bbox 690 2221 729 2269; x_wconf 80' lang='lat' dir='ltr'>,hi</span> <span class='ocrx_word' id='word_1_148' title='bbox 741 2231 804 2269; x_wconf 88' lang='lat' dir='ltr'>sunt</span> <span class='ocrx_word' id='word_1_149' title='bbox 812 2220 866 2269; x_wconf 91' lang='lat' dir='ltr'>duo</span> <span class='ocrx_word' id='word_1_150' title='bbox 875 2221 922 2269; x_wconf 82' lang='lat' dir='ltr'>filii</span> <span class='ocrx_word' id='word_1_151' title='bbox 934 2221 986 2268; x_wconf 89' lang='lat' dir='ltr'>olei</span> <span class='ocrx_word' id='word_1_152' title='bbox 996 2230 1100 2269; x_wconf 81' lang='lat' dir='ltr'>stantes</span> <span class='ocrx_word' id='word_1_153' title='bbox 1111 2220 1193 2285; x_wconf 78' lang='lat' dir='ltr'>juxta</span> <span class='ocrx_word' id='word_1_154' title='bbox 1205 2221 1296 2271; x_wconf 86' lang='lat' dir='ltr'>Domi·</span> 
     </span>
     <span class='ocr_line' id='line_1_19' title="bbox 303 2284 773 2346; baseline 0 -11"><span class='ocrx_word' id='word_1_155' title='bbox 303 2300 367 2335; x_wconf 93' lang='lat' dir='ltr'>num</span> <span class='ocrx_word' id='word_1_156' title='bbox 380 2286 461 2334; x_wconf 92' lang='lat' dir='ltr'>totius</span> <span class='ocrx_word' id='word_1_157' title='bbox 474 2295 559 2334; x_wconf 89' lang='lat' dir='ltr'>terrae</span> <span class='ocrx_word' id='word_1_158' title='bbox 567 2284 581 2303; x_wconf 87' lang='lat'>&#39;&#39;</span> <span class='ocrx_word' id='word_1_159' title='bbox 593 2286 638 2346; x_wconf 87' lang='lat' dir='ltr'>(iv.</span> <span class='ocrx_word' id='word_1_160' title='bbox 649 2297 672 2343; x_wconf 88' lang='lat'>2,</span> <span class='ocrx_word' id='word_1_161' title='bbox 683 2297 706 2345; x_wconf 84' lang='lat'>3,</span> <span class='ocrx_word' id='word_1_162' title='bbox 719 2285 773 2345; x_wconf 68' lang='lat' dir='ltr'>tal:</span> 
     </span>
    </p>
   </div>
   <div class='ocr_carea' id='block_1_7' title="bbox 171 2425 1288 2697">
    <p class='ocr_par' dir='ltr' id='par_1_7' title="bbox 171 2425 1288 2697">
     <span class='ocr_line' id='line_1_20' title="bbox 174 2425 1288 2491; baseline 0 0"><span class='ocrx_word' id='word_1_163' title='bbox 174 2429 291 2491; x_wconf 86' lang='lat' dir='ltr'>“duae</span> <span class='ocrx_word' id='word_1_164' title='bbox 318 2427 414 2490; x_wconf 89' lang='lat' dir='ltr'>oleae</span> <span class='ocrx_word' id='word_1_165' title='bbox 425 2426 440 2450; x_wconf 88' lang='lat'><strong>”</strong></span> <span class='ocrx_word' id='word_1_166' title='bbox 466 2437 501 2490; x_wconf 93' lang='lat' dir='ltr'>et</span> <span class='ocrx_word' id='word_1_167' title='bbox 526 2432 544 2459; x_wconf 79' lang='lat'>‘⁴</span> <span class='ocrx_word' id='word_1_168' title='bbox 556 2427 623 2490; x_wconf 92' lang='lat' dir='ltr'>duo</span> <span class='ocrx_word' id='word_1_169' title='bbox 651 2425 707 2490; x_wconf 90' lang='lat' dir='ltr'>filii</span> <span class='ocrx_word' id='word_1_170' title='bbox 735 2425 825 2490; x_wconf 90' lang='lat' dir='ltr'>olei”</span> <span class='ocrx_word' id='word_1_171' title='bbox 850 2436 928 2489; x_wconf 89' lang='lat' dir='ltr'>sunt</span> <span class='ocrx_word' id='word_1_172' title='bbox 956 2426 1081 2489; x_wconf 91' lang='lat' dir='ltr'>bonum</span> <span class='ocrx_word' id='word_1_173' title='bbox 1109 2428 1236 2491; x_wconf 90' lang='lat' dir='ltr'>amoris</span> <span class='ocrx_word' id='word_1_174' title='bbox 1259 2428 1288 2491; x_wconf 89' lang='lat' dir='ltr'>in</span> 
     </span>
     <span class='ocr_line' id='line_1_21' title="bbox 174 2521 1287 2602; baseline -0.001 -16"><span class='ocrx_word' id='word_1_175' title='bbox 174 2523 367 2595; x_wconf 88' lang='lat' dir='ltr'>Dominum,</span> <span class='ocrx_word' id='word_1_176' title='bbox 396 2531 430 2584; x_wconf 92' lang='lat' dir='ltr'>et</span> <span class='ocrx_word' id='word_1_177' title='bbox 461 2522 586 2584; x_wconf 88' lang='lat' dir='ltr'>bonum</span> <span class='ocrx_word' id='word_1_178' title='bbox 612 2521 786 2584; x_wconf 86' lang='lat' dir='ltr'>charitatis</span> <span class='ocrx_word' id='word_1_179' title='bbox 813 2541 894 2601; x_wconf 85' lang='lat' dir='ltr'>erga</span> <span class='ocrx_word' id='word_1_180' title='bbox 923 2522 1129 2602; x_wconf 86' lang='lat' dir='ltr'>proximum,</span> <span class='ocrx_word' id='word_1_181' title='bbox 1158 2522 1224 2585; x_wconf 91' lang='lat' dir='ltr'>hoc</span> <span class='ocrx_word' id='word_1_182' title='bbox 1250 2522 1287 2585; x_wconf 89' lang='lat' dir='ltr'>ad</span> 
     </span>
     <span class='ocr_line' id='line_1_22' title="bbox 171 2613 1286 2697; baseline 0.003 -19"><span class='ocrx_word' id='word_1_183' title='bbox 171 2617 340 2678; x_wconf 91' lang='lat' dir='ltr'>sinistram</span> <span class='ocrx_word' id='word_1_184' title='bbox 352 2615 469 2697; x_wconf 89' lang='lat' dir='ltr'>Ipsius,</span> <span class='ocrx_word' id='word_1_185' title='bbox 481 2614 561 2678; x_wconf 92' lang='lat' dir='ltr'>illud</span> <span class='ocrx_word' id='word_1_186' title='bbox 574 2616 618 2677; x_wconf 92' lang='lat' dir='ltr'>ad</span> <span class='ocrx_word' id='word_1_187' title='bbox 629 2615 788 2678; x_wconf 89' lang='lat' dir='ltr'>dextram</span> <span class='ocrx_word' id='word_1_188' title='bbox 801 2614 918 2696; x_wconf 86' lang='lat' dir='ltr'>lpsius.</span> <span class='ocrx_word' id='word_1_189' title='bbox 946 2613 1106 2679; x_wconf 78' lang='lat' dir='ltr'>Similiter</span> <span class='ocrx_word' id='word_1_190' title='bbox 1116 2616 1151 2677; x_wconf 92' lang='lat' dir='ltr'>in</span> <span class='ocrx_word' id='word_1_191' title='bbox 1161 2615 1286 2696; x_wconf 80' lang='lat' dir='ltr'>Apoca-</span> 
     </span>
    </p>
   </div>
   <div class='ocr_carea' id='block_1_8' title="bbox 171 2709 301 2791">
    <p class='ocr_par' dir='ltr' id='par_1_8' title="bbox 171 2709 301 2791">
     <span class='ocr_line' id='line_1_23' title="bbox 171 2709 301 2791; baseline -0.046 -19"><span class='ocrx_word' id='word_1_192' title='bbox 171 2709 269 2791; x_wconf 81' lang='lat' dir='ltr'>lypsi,</span> <span class='ocrx_word' id='word_1_193' title='bbox 299 2761 301 2766; x_wconf 90' lang='lat'><em>.</em></span> 
     </span>
    </p>
   </div>
   <div class='ocr_carea' id='block_1_9' title="bbox 227 2837 1287 2969">
    <p class='ocr_par' dir='ltr' id='par_1_9' title="bbox 227 2837 1287 2969">
     <span class='ocr_line' id='line_1_24' title="bbox 227 2837 1284 2905; baseline 0.001 -14"><span class='ocrx_word' id='word_1_194' title='bbox 227 2840 288 2891; x_wconf 90' lang='lat' dir='ltr'>Duo</span> <span class='ocrx_word' id='word_1_195' title='bbox 303 2851 384 2891; x_wconf 88' lang='lat' dir='ltr'>testes</span> <span class='ocrx_word' id='word_1_196' title='bbox 399 2842 594 2905; x_wconf 82' lang='lat' dir='ltr'>prophetabant</span> <span class='ocrx_word' id='word_1_197' title='bbox 607 2841 664 2890; x_wconf 85' lang='lat' dir='ltr'>dies</span> <span class='ocrx_word' id='word_1_198' title='bbox 680 2841 751 2890; x_wconf 91' lang='lat' dir='ltr'>mille</span> <span class='ocrx_word' id='word_1_199' title='bbox 765 2842 895 2890; x_wconf 91' lang='lat' dir='ltr'>ducentos</span> <span class='ocrx_word' id='word_1_200' title='bbox 907 2837 1117 2903; x_wconf 70' lang='lat' dir='ltr'>1¹¹sexagtnta3..</span> <span class='ocrx_word' id='word_1_201' title='bbox 1129 2843 1214 2892; x_wconf 86' lang='lat' dir='ltr'>..¹¹hi</span> <span class='ocrx_word' id='word_1_202' title='bbox 1228 2853 1284 2892; x_wconf 88' lang='lat' dir='ltr'>sunt</span> 
     </span>
     <span class='ocr_line' id='line_1_25' title="bbox 302 2905 1287 2969; baseline 0.002 -13"><span class='ocrx_word' id='word_1_203' title='bbox 302 2907 370 2956; x_wconf 83' lang='lat' dir='ltr'>duae</span> <span class='ocrx_word' id='word_1_204' title='bbox 383 2907 466 2967; x_wconf 89' lang='lat' dir='ltr'>oleae,</span> <span class='ocrx_word' id='word_1_205' title='bbox 478 2917 505 2956; x_wconf 86' lang='lat' dir='ltr'>et</span> <span class='ocrx_word' id='word_1_206' title='bbox 516 2907 569 2955; x_wconf 89' lang='lat' dir='ltr'>duo</span> <span class='ocrx_word' id='word_1_207' title='bbox 582 2907 740 2955; x_wconf 88' lang='lat' dir='ltr'>candelabra</span> <span class='ocrx_word' id='word_1_208' title='bbox 753 2920 843 2954; x_wconf 89' lang='lat' dir='ltr'>coram</span> <span class='ocrx_word' id='word_1_209' title='bbox 858 2906 916 2955; x_wconf 90' lang='lat' dir='ltr'>Deo</span> <span class='ocrx_word' id='word_1_210' title='bbox 928 2915 1014 2955; x_wconf 83' lang='lat' dir='ltr'>terrae</span> <span class='ocrx_word' id='word_1_211' title='bbox 1026 2905 1149 2955; x_wconf 79' lang='lat' dir='ltr'>stantia”</span> <span class='ocrx_word' id='word_1_212' title='bbox 1161 2907 1208 2969; x_wconf 86' lang='lat' dir='ltr'>(xi.</span> <span class='ocrx_word' id='word_1_213' title='bbox 1218 2920 1242 2968; x_wconf 79' lang='lat'>3,</span> <span class='ocrx_word' id='word_1_214' title='bbox 1250 2908 1287 2966; x_wconf 68' lang='lat' dir='ltr'>al:</span> 
     </span>
    </p>
   </div>
   <div class='ocr_carea' id='block_1_10' title="bbox 171 3045 1289 3395">
    <p class='ocr_par' dir='ltr' id='par_1_10' title="bbox 171 3045 1289 3395">
     <span class='ocr_line' id='line_1_26' title="bbox 172 3045 1286 3121; baseline -0.001 -9"><span class='ocrx_word' id='word_1_215' title='bbox 172 3050 287 3115; x_wconf 83' lang='lat' dir='ltr'>“duae</span> <span class='ocrx_word' id='word_1_216' title='bbox 311 3048 406 3112; x_wconf 90' lang='lat' dir='ltr'>oleae</span> <span class='ocrx_word' id='word_1_217' title='bbox 415 3049 429 3074; x_wconf 83' lang='lat'>&#39;¹</span> <span class='ocrx_word' id='word_1_218' title='bbox 448 3058 483 3111; x_wconf 91' lang='lat' dir='ltr'>et</span> <span class='ocrx_word' id='word_1_219' title='bbox 504 3049 600 3110; x_wconf 86' lang='lat' dir='ltr'>“duo</span> <span class='ocrx_word' id='word_1_220' title='bbox 619 3045 822 3110; x_wconf 87' lang='lat' dir='ltr'>candelabra</span> <span class='ocrx_word' id='word_1_221' title='bbox 831 3047 845 3071; x_wconf 89' lang='grc'>”</span> <span class='ocrx_word' id='word_1_222' title='bbox 864 3056 942 3109; x_wconf 89' lang='lat' dir='ltr'>sunt</span> <span class='ocrx_word' id='word_1_223' title='bbox 966 3047 1085 3110; x_wconf 92' lang='lat' dir='ltr'>eadem</span> <span class='ocrx_word' id='word_1_224' title='bbox 1108 3046 1167 3110; x_wconf 92' lang='lat' dir='ltr'>illa</span> <span class='ocrx_word' id='word_1_225' title='bbox 1190 3049 1286 3121; x_wconf 86' lang='lat' dir='ltr'>bona,</span> 
     </span>
     <span class='ocr_line' id='line_1_27' title="bbox 172 3141 1289 3227; baseline -0.001 -21"><span class='ocrx_word' id='word_1_226' title='bbox 172 3165 257 3227; x_wconf 87' lang='lat' dir='ltr'>quae</span> <span class='ocrx_word' id='word_1_227' title='bbox 276 3145 353 3227; x_wconf 90' lang='lat' dir='ltr'>quia</span> <span class='ocrx_word' id='word_1_228' title='bbox 375 3153 454 3206; x_wconf 91' lang='lat' dir='ltr'>sunt</span> <span class='ocrx_word' id='word_1_229' title='bbox 477 3164 497 3205; x_wconf 94' lang='lat' dir='ltr'>a</span> <span class='ocrx_word' id='word_1_230' title='bbox 520 3143 678 3216; x_wconf 88' lang='lat' dir='ltr'>Domino,</span> <span class='ocrx_word' id='word_1_231' title='bbox 699 3150 863 3204; x_wconf 92' lang='lat' dir='ltr'>vocantur</span> <span class='ocrx_word' id='word_1_232' title='bbox 883 3141 977 3203; x_wconf 81' lang='lat' dir='ltr'>“duo</span> <span class='ocrx_word' id='word_1_233' title='bbox 996 3151 1103 3204; x_wconf 91' lang='lat' dir='ltr'>testes</span> <span class='ocrx_word' id='word_1_234' title='bbox 1116 3141 1143 3218; x_wconf 87' lang='lat'>;”</span> <span class='ocrx_word' id='word_1_235' title='bbox 1166 3142 1227 3205; x_wconf 87' lang='lat' dir='ltr'>sed</span> <span class='ocrx_word' id='word_1_236' title='bbox 1249 3143 1289 3205; x_wconf 91' lang='lat' dir='ltr'>de</span> 
     </span>
     <span class='ocr_line' id='line_1_28' title="bbox 171 3233 1288 3320; baseline -0.003 -18"><span class='ocrx_word' id='word_1_237' title='bbox 171 3240 222 3302; x_wconf 90' lang='lat' dir='ltr'>his</span> <span class='ocrx_word' id='word_1_238' title='bbox 238 3239 333 3320; x_wconf 92' lang='lat' dir='ltr'>plura</span> <span class='ocrx_word' id='word_1_239' title='bbox 348 3238 381 3301; x_wconf 90' lang='lat' dir='ltr'>in</span> <span class='ocrx_word' id='word_1_240' title='bbox 398 3237 630 3318; x_wconf 90' lang='lat' dir='ltr'>explicatione</span> <span class='ocrx_word' id='word_1_241' title='bbox 650 3255 775 3299; x_wconf 91' lang='lat' dir='ltr'>eorum.</span> <span class='ocrx_word' id='word_1_242' title='bbox 816 3233 985 3316; x_wconf 84' lang='lat' dir='ltr'>Quoniam</span> <span class='ocrx_word' id='word_1_243' title='bbox 1004 3234 1146 3299; x_wconf 84' lang='lat' dir='ltr'>“oleum</span> <span class='ocrx_word' id='word_1_244' title='bbox 1155 3235 1170 3260; x_wconf 87' lang='lat'><strong>”</strong></span> <span class='ocrx_word' id='word_1_245' title='bbox 1186 3237 1288 3318; x_wconf 88' lang='lat' dir='ltr'>signi·</span> 
     </span>
     <span class='ocr_line' id='line_1_29' title="bbox 171 3326 1289 3395; baseline -0.004 0"><span class='ocrx_word' id='word_1_246' title='bbox 171 3331 294 3395; x_wconf 90' lang='lat' dir='ltr'>ficabat</span> <span class='ocrx_word' id='word_1_247' title='bbox 324 3332 450 3395; x_wconf 91' lang='lat' dir='ltr'>bonum</span> <span class='ocrx_word' id='word_1_248' title='bbox 480 3332 605 3393; x_wconf 91' lang='lat' dir='ltr'>amoris</span> <span class='ocrx_word' id='word_1_249' title='bbox 633 3330 665 3392; x_wconf 91' lang='lat' dir='ltr'>in</span> <span class='ocrx_word' id='word_1_250' title='bbox 690 3329 873 3392; x_wconf 91' lang='lat' dir='ltr'>Dominum</span> <span class='ocrx_word' id='word_1_251' title='bbox 902 3338 937 3391; x_wconf 92' lang='lat' dir='ltr'>et</span> <span class='ocrx_word' id='word_1_252' title='bbox 966 3330 1091 3391; x_wconf 90' lang='lat' dir='ltr'>bonum</span> <span class='ocrx_word' id='word_1_253' title='bbox 1115 3326 1289 3393; x_wconf 86' lang='lat' dir='ltr'>charitatis</span> 
     </span>
    </p>
   </div>
   <div class='ocr_carea' id='block_1_11' title="bbox 170 3425 571 3509">
    <p class='ocr_par' dir='ltr' id='par_1_11' title="bbox 170 3425 571 3509">
     <span class='ocr_line' id='line_1_30' title="bbox 170 3425 571 3509; baseline -0.01 -18"><span class='ocrx_word' id='word_1_254' title='bbox 170 3448 252 3509; x_wconf 84' lang='lat' dir='ltr'>erga</span> <span class='ocrx_word' id='word_1_255' title='bbox 270 3427 473 3509; x_wconf 88' lang='lat' dir='ltr'>proximum,</span> <span class='ocrx_word' id='word_1_256' title='bbox 493 3425 571 3488; x_wconf 87' lang='lat' dir='ltr'>ideo</span> 
     </span>
    </p>
   </div>
   <div class='ocr_carea' id='block_1_12' title="bbox 226 3571 1290 3764">
    <p class='ocr_par' dir='ltr' id='par_1_12' title="bbox 226 3571 1290 3764">
     <span class='ocr_line' id='line_1_31' title="bbox 226 3571 1290 3635; baseline -0.001 -12"><span class='ocrx_word' id='word_1_257' title='bbox 226 3574 358 3623; x_wconf 87' lang='lat' dir='ltr'>Dominus</span> <span class='ocrx_word' id='word_1_258' title='bbox 370 3573 536 3623; x_wconf 82' lang='lat' dir='ltr'>assimilabat</span> <span class='ocrx_word' id='word_1_259' title='bbox 548 3586 660 3633; x_wconf 81' lang='lat' dir='ltr'>regnum</span> <span class='ocrx_word' id='word_1_260' title='bbox 673 3571 806 3619; x_wconf 87' lang='lat' dir='ltr'>caelorum</span> <span class='ocrx_word' id='word_1_261' title='bbox 819 3571 912 3620; x_wconf 87' lang='lat' dir='ltr'>decem</span> <span class='ocrx_word' id='word_1_262' title='bbox 924 3571 1081 3633; x_wconf 79' lang='lat' dir='ltr'>virginibus,</span> <span class='ocrx_word' id='word_1_263' title='bbox 1090 3583 1206 3634; x_wconf 78' lang='lat' dir='ltr'>quarum</span> <span class='ocrx_word' id='word_1_264' title='bbox 1217 3572 1290 3635; x_wconf 82' lang='lat' dir='ltr'>quiu-</span> 
     </span>
     <span class='ocr_line' id='line_1_32' title="bbox 301 3636 1289 3702; baseline 0 -16"><span class='ocrx_word' id='word_1_265' title='bbox 301 3653 352 3702; x_wconf 90' lang='lat' dir='ltr'>que</span> <span class='ocrx_word' id='word_1_266' title='bbox 362 3639 495 3687; x_wconf 87' lang='lat' dir='ltr'>habebant</span> <span class='ocrx_word' id='word_1_267' title='bbox 505 3639 593 3686; x_wconf 91' lang='lat' dir='ltr'>oleum</span> <span class='ocrx_word' id='word_1_268' title='bbox 603 3638 629 3686; x_wconf 91' lang='lat' dir='ltr'>in</span> <span class='ocrx_word' id='word_1_269' title='bbox 639 3636 813 3698; x_wconf 82' lang='lat' dir='ltr'>lampadibus.</span> <span class='ocrx_word' id='word_1_270' title='bbox 824 3646 850 3684; x_wconf 89' lang='lat' dir='ltr'>et</span> <span class='ocrx_word' id='word_1_271' title='bbox 857 3637 921 3698; x_wconf 89' lang='lat' dir='ltr'>quin</span> <span class='ocrx_word' id='word_1_272' title='bbox 941 3650 974 3684; x_wconf 88' lang='lat' dir='ltr'>ue</span> <span class='ocrx_word' id='word_1_273' title='bbox 982 3650 1036 3685; x_wconf 90' lang='lat' dir='ltr'>non</span> <span class='ocrx_word' id='word_1_274' title='bbox 1044 3636 1198 3699; x_wconf 84' lang='lat' dir='ltr'>habebant;</span> <span class='ocrx_word' id='word_1_275' title='bbox 1210 3650 1289 3702; x_wconf 80' lang='lat' dir='ltr'>quate</span> 
     </span>
     <span class='ocr_line' id='line_1_33' title="bbox 299 3699 1174 3764; baseline 0.001 -13"><span class='ocrx_word' id='word_1_276' title='bbox 299 3703 350 3752; x_wconf 91' lang='lat' dir='ltr'>hae</span> <span class='ocrx_word' id='word_1_277' title='bbox 363 3713 493 3751; x_wconf 79' lang='lat' dir='ltr'>vocantur</span> <span class='ocrx_word' id='word_1_278' title='bbox 504 3703 610 3760; x_wconf 84' lang='lat' dir='ltr'>stultae,</span> <span class='ocrx_word' id='word_1_279' title='bbox 624 3712 651 3750; x_wconf 79' lang='lat' dir='ltr'>e&#39;t</span> <span class='ocrx_word' id='word_1_280' title='bbox 662 3701 722 3750; x_wconf 88' lang='lat' dir='ltr'>illae</span> <span class='ocrx_word' id='word_1_281' title='bbox 735 3701 879 3763; x_wconf 89' lang='lat' dir='ltr'>prudentes</span> <span class='ocrx_word' id='word_1_282' title='bbox 892 3699 901 3762; x_wconf 90' lang='lat'>(</span> <span class='ocrx_word' id='word_1_283' title='bbox 935 3700 1174 3764; x_wconf 79' lang='lat' dir='ltr'>artt.xxv.1-11):</span> 
     </span>
    </p>
   </div>
   <div class='ocr_carea' id='block_1_13' title="bbox 168 3839 1289 4491">
    <p class='ocr_par' dir='ltr' id='par_1_13' title="bbox 168 3839 1289 4491">
     <span class='ocr_line' id='line_1_34' title="bbox 170 3839 1289 3925; baseline -0.002 -19"><span class='ocrx_word' id='word_1_284' title='bbox 170 3864 229 3925; x_wconf 87' lang='lat' dir='ltr'>per</span> <span class='ocrx_word' id='word_1_285' title='bbox 249 3844 396 3906; x_wconf 88' lang='lat' dir='ltr'>“decem</span> <span class='ocrx_word' id='word_1_286' title='bbox 416 3843 562 3923; x_wconf 85' lang='lat' dir='ltr'>virgines</span> <span class='ocrx_word' id='word_1_287' title='bbox 571 3841 586 3866; x_wconf 90' lang='lat'>&#39;’</span> <span class='ocrx_word' id='word_1_288' title='bbox 605 3839 836 3922; x_wconf 86' lang='lat' dir='ltr'>significantur</span> <span class='ocrx_word' id='word_1_289' title='bbox 854 3861 973 3903; x_wconf 91' lang='lat' dir='ltr'>omnes</span> <span class='ocrx_word' id='word_1_290' title='bbox 991 3840 1046 3923; x_wconf 93' lang='lat' dir='ltr'>qui</span> <span class='ocrx_word' id='word_1_291' title='bbox 1070 3841 1115 3905; x_wconf 89' lang='lat' dir='ltr'>ab</span> <span class='ocrx_word' id='word_1_292' title='bbox 1134 3841 1289 3916; x_wconf 88' lang='lat' dir='ltr'>ecclesia,</span> 
     </span>
     <span class='ocr_line' id='line_1_35' title="bbox 169 3934 1289 4020; baseline -0.002 -19"><span class='ocrx_word' id='word_1_293' title='bbox 169 3947 204 4000; x_wconf 92' lang='lat' dir='ltr'>et</span> <span class='ocrx_word' id='word_1_294' title='bbox 225 3958 283 4020; x_wconf 90' lang='lat' dir='ltr'>per</span> <span class='ocrx_word' id='word_1_295' title='bbox 303 3936 499 4019; x_wconf 86' lang='lat' dir='ltr'>“quinque’&#39;</span> <span class='ocrx_word' id='word_1_296' title='bbox 517 3935 749 4017; x_wconf 85' lang='lat' dir='ltr'>significantur</span> <span class='ocrx_word' id='word_1_297' title='bbox 767 3934 868 4017; x_wconf 91' lang='lat' dir='ltr'>aliqui</span> <span class='ocrx_word' id='word_1_298' title='bbox 888 3956 947 3998; x_wconf 87' lang='lat' dir='ltr'>seu</span> <span class='ocrx_word' id='word_1_299' title='bbox 967 3955 1042 4017; x_wconf 90' lang='lat' dir='ltr'>pars</span> <span class='ocrx_word' id='word_1_300' title='bbox 1061 3955 1191 4012; x_wconf 88' lang='lat' dir='ltr'>eorum,</span> <span class='ocrx_word' id='word_1_301' title='bbox 1212 3955 1289 3999; x_wconf 89' lang='lat' dir='ltr'>nam</span> 
     </span>
     <span class='ocr_line' id='line_1_36' title="bbox 168 4027 1289 4113; baseline -0.004 -18"><span class='ocrx_word' id='word_1_302' title='bbox 168 4032 253 4095; x_wconf 87' lang='lat' dir='ltr'>haec</span> <span class='ocrx_word' id='word_1_303' title='bbox 276 4030 508 4112; x_wconf 86' lang='lat' dir='ltr'>significantur</span> <span class='ocrx_word' id='word_1_304' title='bbox 531 4051 590 4113; x_wconf 91' lang='lat' dir='ltr'>per</span> <span class='ocrx_word' id='word_1_305' title='bbox 613 4050 769 4092; x_wconf 91' lang='lat' dir='ltr'>numeros</span> <span class='ocrx_word' id='word_1_306' title='bbox 789 4027 960 4092; x_wconf 86' lang='lat' dir='ltr'>“decem’&#39;</span> <span class='ocrx_word' id='word_1_307' title='bbox 978 4038 1014 4092; x_wconf 89' lang='lat' dir='ltr'>et</span> <span class='ocrx_word' id='word_1_308' title='bbox 1034 4029 1235 4112; x_wconf 83' lang='lat' dir='ltr'>“quinque’&#39;</span> <span class='ocrx_word' id='word_1_309' title='bbox 1256 4029 1289 4092; x_wconf 90' lang='lat' dir='ltr'>in</span> 
     </span>
     <span class='ocr_line' id='line_1_37' title="bbox 170 4120 1288 4206; baseline -0.002 -17"><span class='ocrx_word' id='word_1_310' title='bbox 170 4126 296 4201; x_wconf 87' lang='lat' dir='ltr'>Verb0,</span> <span class='ocrx_word' id='word_1_311' title='bbox 311 4146 349 4189; x_wconf 90' lang='lat' dir='ltr'>ac</span> <span class='ocrx_word' id='word_1_312' title='bbox 367 4146 425 4206; x_wconf 92' lang='lat' dir='ltr'>per</span> <span class='ocrx_word' id='word_1_313' title='bbox 439 4131 457 4156; x_wconf 88' lang='lat'><strong>“</strong></span> <span class='ocrx_word' id='word_1_314' title='bbox 467 4123 654 4205; x_wconf 86' lang='lat' dir='ltr'>virginem”</span> <span class='ocrx_word' id='word_1_315' title='bbox 665 4143 724 4185; x_wconf 90' lang='lat' dir='ltr'>seu</span> <span class='ocrx_word' id='word_1_316' title='bbox 739 4129 758 4155; x_wconf 78' lang='lat'>‘⁶</span> <span class='ocrx_word' id='word_1_317' title='bbox 768 4122 893 4184; x_wconf 86' lang='lat' dir='ltr'>filiam”</span> <span class='ocrx_word' id='word_1_318' title='bbox 905 4120 1112 4203; x_wconf 85' lang='lat' dir='ltr'>significatur</span> <span class='ocrx_word' id='word_1_319' title='bbox 1125 4123 1288 4198; x_wconf 88' lang='lat' dir='ltr'>ecclesia;</span> 
     </span>
     <span class='ocr_line' id='line_1_38' title="bbox 170 4215 1289 4304; baseline -0.004 -18"><span class='ocrx_word' id='word_1_320' title='bbox 170 4241 228 4304; x_wconf 87' lang='lat' dir='ltr'>per</span> <span class='ocrx_word' id='word_1_321' title='bbox 257 4219 419 4285; x_wconf 83' lang='lat' dir='ltr'>&#39;‘oleum&#39;’</span> <span class='ocrx_word' id='word_1_322' title='bbox 446 4217 654 4300; x_wconf 86' lang='lat' dir='ltr'>significatur</span> <span class='ocrx_word' id='word_1_323' title='bbox 680 4218 804 4280; x_wconf 92' lang='lat' dir='ltr'>bonum</span> <span class='ocrx_word' id='word_1_324' title='bbox 831 4218 954 4280; x_wconf 88' lang='lat' dir='ltr'>amoris</span> <span class='ocrx_word' id='word_1_325' title='bbox 980 4217 1013 4277; x_wconf 91' lang='lat' dir='ltr'>in</span> <span class='ocrx_word' id='word_1_326' title='bbox 1041 4215 1228 4281; x_wconf 91' lang='lat' dir='ltr'>Dominum</span> <span class='ocrx_word' id='word_1_327' title='bbox 1254 4228 1289 4281; x_wconf 93' lang='lat' dir='ltr'>et</span> 
     </span>
     <span class='ocr_line' id='line_1_39' title="bbox 169 4310 1287 4394; baseline -0.003 -15"><span class='ocrx_word' id='word_1_328' title='bbox 169 4317 294 4379; x_wconf 90' lang='lat' dir='ltr'>bonurn</span> <span class='ocrx_word' id='word_1_329' title='bbox 311 4315 486 4378; x_wconf 87' lang='lat' dir='ltr'>charitatis</span> <span class='ocrx_word' id='word_1_330' title='bbox 502 4334 583 4394; x_wconf 85' lang='lat' dir='ltr'>erga</span> <span class='ocrx_word' id='word_1_331' title='bbox 600 4312 801 4394; x_wconf 85' lang='lat' dir='ltr'>proximum,</span> <span class='ocrx_word' id='word_1_332' title='bbox 816 4320 850 4373; x_wconf 91' lang='lat' dir='ltr'>et</span> <span class='ocrx_word' id='word_1_333' title='bbox 867 4331 926 4393; x_wconf 93' lang='lat' dir='ltr'>per</span> <span class='ocrx_word' id='word_1_334' title='bbox 943 4310 1149 4392; x_wconf 85' lang='lat' dir='ltr'>“lampades</span> <span class='ocrx_word' id='word_1_335' title='bbox 1157 4312 1177 4381; x_wconf 86' lang='grc'>”,</span> <span class='ocrx_word' id='word_1_336' title='bbox 1185 4313 1287 4394; x_wconf 81' lang='lat' dir='ltr'>signi-</span> 
     </span>
     <span class='ocr_line' id='line_1_40' title="bbox 169 4405 1285 4491; baseline -0.005 -18"><span class='ocrx_word' id='word_1_337' title='bbox 169 4409 310 4473; x_wconf 83' lang='lat' dir='ltr'>ficantur</span> <span class='ocrx_word' id='word_1_338' title='bbox 323 4430 401 4472; x_wconf 87' lang='lat' dir='ltr'>vera</span> <span class='ocrx_word' id='word_1_339' title='bbox 414 4429 499 4491; x_wconf 89' lang='lat' dir='ltr'>quae</span> <span class='ocrx_word' id='word_1_340' title='bbox 515 4406 591 4471; x_wconf 86' lang='lat' dir='ltr'>fidei</span> <span class='ocrx_word' id='word_1_341' title='bbox 608 4417 790 4483; x_wconf 89' lang='lat' dir='ltr'>vocantur;</span> <span class='ocrx_word' id='word_1_342' title='bbox 814 4406 892 4469; x_wconf 88' lang='lat' dir='ltr'>inde</span> <span class='ocrx_word' id='word_1_343' title='bbox 904 4414 1061 4468; x_wconf 86' lang='lat' dir='ltr'>constare</span> <span class='ocrx_word' id='word_1_344' title='bbox 1079 4416 1196 4486; x_wconf 88' lang='lat' dir='ltr'>potest</span> <span class='ocrx_word' id='word_1_345' title='bbox 1210 4405 1285 4488; x_wconf 89' lang='lat' dir='ltr'>quid</span> 
     </span>
    </p>
   </div>
   <div class='ocr_carea' id='block_1_14' title="bbox 0 0 1346 4988">
    <p class='ocr_par' dir='ltr' id='par_1_14' title="bbox 0 0 1346 4988">
     <span class='ocr_line' id='line_1_41' title="bbox 0 0 1346 4988; baseline 0 1"><span class='ocrx_word' id='word_1_346' title='bbox 0 0 1346 4988; x_wconf 95' lang='lat' dir='ltr'> </span> 
     </span>
    </p>
   </div>
  </div>
 </body>
</html>
