2716 4986
173 498 255 564 1304
480 498 729 550 APOCALYPSIS
752 499 978 551 EXPLICATA.

168 666 259 750 quod
280 669 360 730 “sol
379 680 531 733 vertetur
547 671 580 733 in
600 671 760 734 tenebras
778 681 812 735 et
833 670 912 734 luna
935 671 968 734 in
992 672 1221 753 sanguinem,”
1238 672 1274 734 si·

168 760 247 824 mile
267 761 433 844 significat
452 765 541 846 quod
563 765 696 829 “tertia
715 784 792 846 pars
811 764 892 829 solis
911 774 947 829 et
970 767 1074 829 tertia
1092 786 1170 848 pars
1188 766 1276 830 lunae

168 857 448 921 obtenebraretur
460 858 486 936 ;”
502 877 623 940 nempe
639 859 731 941 quod
749 861 782 922 in
802 858 868 922 fine
883 859 1049 922 ecclesiae
1068 860 1190 923 salsum
1208 859 1277 923 mali

166 951 231 1012 erit
248 949 325 1014 loco
337 951 416 1014 boni
432 953 565 1027 amoris,
576 964 611 1016 et
624 952 749 1015 malum
762 952 835 1016 salsi
851 954 929 1016 loeo
941 955 1010 1016 veri
1027 953 1115 1017 fidei.
1162 953 1279 1017 Similia

167 1045 271 1106 etiam
295 1045 528 1126 significantur
549 1046 628 1109 alibi
651 1047 683 1109 in
704 1047 832 1122 Verbo,
856 1048 912 1110 ubi
934 1048 1059 1110 dicitur
1081 1049 1124 1111 de
1148 1048 1227 1111 solis
1247 1057 1279 1110 et

169 1137 267 1202 lunae
285 1141 522 1203 obscuratione
535 1151 625 1204 :-ut
644 1142 733 1222 apud
751 1141 904 1216 Esaiam,

219 1272 345 1322 “Stellae
357 1274 490 1322 caelorum
503 1285 529 1322 et
541 1275 630 1323 sidera
641 1289 734 1323 eorum
749 1289 803 1323 non
816 1274 943 1324 lucebunt
953 1275 1013 1324 luce
1025 1290 1084 1334 sua,
1096 1277 1280 1326 obtenebratus

299 1339 441 1467 {glum
444 1349 505 1461 ⁰¹:11¹,
514 1353 574 1465 ³133),
584 1349 611 1388 et
621 1339 685 1388 luna
694 1354 750 1388 non
760 1340 902 1403 splendere
911 1339 991 1389 iaeiet
1000 1340 1090 1389 lucem
1099 1355 1178 1390 suam
1185 1340 1200 1360 ''
1208 1338 1279 1405 ([xiii.

168 1527 257 1609 apud
276 1527 487 1604 Ezechielem,

219 1643 386 1705 “Obtegam,
400 1657 460 1692 curn
473 1644 627 1693 exstinxero
642 1653 676 1700 te,
693 1645 791 1701 caelos,
808 1653 835 1693 et
852 1645 946 1694 atrabo
962 1644 1056 1693 stellas
1070 1659 1183 1701 eorum:
1203 1644 1279 1693 solem

298 1710 368 1757 nube
382 1710 518 1770 obtegam,
534 1718 561 1758 et
579 1710 643 1758 luna
657 1724 711 1757 non
727 1709 815 1758 lucere
829 1709 909 1758 iaciet
923 1709 1009 1758 lucem
1025 1724 1119 1758 suam:
1141 1709 1233 1757 omnia
1247 1709 1281 1757 lu·

298 1775 413 1823 minaria
422 1774 487 1823 lucis
500 1775 528 1824 in
538 1775 620 1824 caelia
628 1777 723 1824 atrabo
732 1789 813 1837 super
824 1784 860 1833 te,
871 1783 899 1825 et
908 1775 980 1823 dabo
989 1777 1116 1825 tenebras
1126 1790 1207 1839 super
1218 1787 1281 1824 terra

300 1837 367 1888 tua”
375 1839 467 1900 (xxxii.
480 1851 503 1898 7,
516 1838 557 1901 8);

168 1965 258 2046 apud
277 1965 416 2037 Joekm.

220 2078 417 2142 “Propinquus
431 2088 472 2129 eet
485 2080 545 2129 dies
558 2079 678 2143 Jebovae
692 2080 720 2128 in
735 2079 807 2128 valle
820 2079 927 2136 decim
944 2079 986 2129 sol
999 2087 1028 2129 et
1041 2078 1107 2129 luna
1121 2080 1202 2129 atrati
1215 2087 1280 2134 sunt.

299 2155 326 2193 et
335 2145 428 2195 stellae
438 2154 630 2194 contraxerunt
638 2145 809 2208 splendorem
820 2159 898 2194 suum
905 2143 973 2206 ”(iv.
986 2141 1033 2210 [B.
1043 2147 1079 2194 A.
1090 2140 1142 2209 iii]
1155 2141 1222 2210 [¹⁴2]
1233 2144 1282 2205 195

169 2257 259 2339 apud
276 2258 434 2333 eundem,

222 2371 327 2421 “Venit
339 2372 397 2421 dies
409 2372 529 2436 Jebovae
531 2409 601 2429 .....
606 2373 664 2421 dies
675 2374 846 2422 tenebrarum
858 2381 886 2422 et
897 2372 1028 2434 oaliglnla.
1042 2372 1102 2422 dies
1115 2373 1195 2422 nubis
1205 2380 1232 2422 et
1241 2371 1284 2421 ob·

302 2438 435 2486 scuritatis
438 2475 508 2494 .....
513 2452 603 2487 eoram
618 2437 682 2500 lpeo
693 2448 830 2487 commota
840 2447 882 2487 est
894 2446 987 2496 terra„
997 2474 1004 2487 .
1013 2475 1020 2488 .
1030 2438 1084 2488 .sol
1095 2448 1124 2487 et
1137 2438 1202 2487 lune
1211 2436 1283 2488 atrati

302 2512 404 2561 sunt,et
416 2503 509 2552 stellae
521 2512 712 2552 contraxerunt
724 2503 895 2566 splendorem
908 2501 1008 2552 suum”
1017 2502 1056 2566 (ii.
1068 2500 1106 2568 [1,
1119 2500 1157 2568 2,]
1171 2504 1225 2566 10);

171 2627 261 2707 apud
279 2625 531 2707 Evangelistas,

223 2742 240 2762 ⁸⁶
248 2738 343 2787 Statim
356 2748 417 2801 post
429 2737 602 2788 atilidiionem
614 2740 717 2788 dierum
730 2739 846 2795 illontm.
860 2739 902 2787 sol
914 2739 1109 2796 obscurabitur,
1120 2750 1147 2789 et
1160 2740 1225 2788 luna
1235 2753 1284 2788 non

301 2805 380 2918 >1³21ss
382 2805 583 2931 bilcneuhazasgn,
599 2814 627 2854 et
644 2805 737 2854 stellae
755 2807 851 2854 cadent
868 2805 902 2854 de
919 2803 1015 2854 eaelo''
1030 2804 1142 2867 (Marti.
1156 2806 1228 2856 xxiv.
1242 2817 1285 2867 ιφ

170 2997 255 3062 haec
272 2994 364 3060 dieta
381 3008 460 3060 sunt
482 2997 525 3060 de
550 2996 669 3060 ultimo
689 3007 842 3077 tempore
866 2996 1041 3071 ecclesiae,
1061 2997 1200 3079 quando
1222 3017 1286 3060 non

170 3093 296 3155 bonum
317 3103 351 3155 et
374 3111 490 3154 verum
513 3090 697 3172 spirituale,
717 3111 776 3153 seu
799 3091 924 3154 bonum
948 3101 983 3153 et
1006 3111 1123 3154 verum
1147 3091 1232 3155 caeli
1253 3100 1285 3154 et

170 3187 334 3250 ecclesiae
351 3185 505 3267 amplius,
519 3185 578 3248 sed
592 3183 717 3248 malum
734 3196 769 3248 et
787 3184 924 3247 salsum:
949 3186 1040 3267 quod
1057 3186 1149 3248 bona
1160 3197 1196 3248 et
1213 3204 1287 3248 vera

170 3281 345 3353 ecclesiae,
362 3301 447 3361 quae
464 3290 629 3342 vocantur
646 3279 734 3342 bona
750 3280 874 3342 amoris
893 3291 929 3343 et
945 3300 1025 3343 vera
1040 3278 1130 3353 fidei,
1148 3300 1285 3343 conver·

172 3385 289 3437 tantur
312 3376 344 3436 in
362 3373 451 3436 mala
469 3384 504 3436 et
524 3372 617 3445 salsa,
635 3371 842 3454 significatur
861 3393 919 3454 per
937 3373 1028 3455 quod
1052 3373 1136 3437 “sol
1154 3384 1191 3437 et
1214 3373 1287 3436 luna

170 3469 341 3532 obscurati
351 3468 410 3531 ”et
423 3468 553 3531 “atrati
566 3467 694 3541 erunt,”
703 3477 738 3531 et
748 3467 839 3549 quod
852 3467 1002 3530 “stellae
1013 3487 1081 3530 non
1093 3467 1253 3531 lucebunt
1264 3465 1287 3544 ;''

170 3562 325 3625 ultimum
335 3562 505 3642 judicium,
518 3562 609 3643 quod
623 3572 703 3625 tunc
716 3563 876 3644 sequitur,
887 3562 1088 3643 intelligitur
1102 3583 1162 3644 per
1174 3563 1286 3626 “diem

169 3656 320 3737 Jehovae
334 3675 495 3737 magnum
508 3667 544 3719 et
558 3656 742 3719 terribilem
754 3655 780 3733 ;”
802 3665 838 3719 et
854 3657 931 3737 quia
946 3656 1003 3718 ille
1019 3658 1140 3720 existit
1156 3658 1288 3739 quando

170 3751 315 3813 ecclesia
334 3752 366 3811 in
387 3750 536 3813 tenebris
554 3761 590 3813 et
609 3750 642 3812 in
662 3749 808 3830 caligine
826 3760 891 3822 est,
910 3749 988 3813 ideo
1010 3749 1068 3812 ille
1092 3750 1165 3813 dies
1188 3752 1287 3814 etiam

171 3856 311 3906 vocatur
336 3843 436 3906 “dies
459 3845 674 3907 tenebrarum
697 3854 733 3906 et
756 3843 940 3925 caliginis,”
970 3854 1006 3906 et
1033 3865 1168 3926 quoque
1193 3845 1288 3907 “dies

171 3939 267 4000 nubis
291 3950 326 4002 et
350 3939 566 4002 obscuritatis
578 3938 605 4017 ;”
628 3949 666 4002 ut
688 3959 822 4022 quoque
845 3939 879 4001 in
903 3939 1124 4021 sequentibus
1148 3939 1289 4003 locis:—

171 4028 277 4111 Apud
295 4031 469 4106 Amosum,

223 4174 303 4223 “Vae
318 4175 531 4226 desiderantibus
541 4178 612 4227 diem
621 4176 757 4243 Jehovae;
776 4177 838 4241 quid
852 4177 928 4226 vobis
937 4176 996 4226 dies
1010 4175 1150 4242 Jehovae?
1167 4179 1211 4228 ille
1221 4189 1289 4230 tene·

302 4242 407 4289 brarum
418 4251 444 4290 et
454 4257 508 4290 non
519 4243 586 4292 lucis
597 4258 615 4299 ;.
626 4281 632 4292 .
642 4280 648 4292 .
659 4258 761 4292 ¹nonne
774 4244 900 4292 tenebrae
912 4243 971 4291 dies
984 4242 1115 4306 Jehovae,
1126 4255 1155 4294 et
1167 4259 1222 4295 nou
1231 4243 1289 4294 luxi

301 4317 328 4354 et
339 4306 434 4369 caligo,
449 4322 503 4355 non
517 4319 606 4357 autem
619 4309 747 4371 splendor
759 4309 796 4358 illi
804 4308 829 4358 ?’'
847 4308 882 4370 (v.
897 4309 935 4366 18,
948 4320 980 4356 20
989 4309 1007 4369 ς)

172 4432 260 4512 apud
279 4430 497 4511 Zepltam'am,
