2684 4988
369 111 446 160 cnr.
463 112 524 171 vr..
541 112 643 163 vans.
664 113 790 178 14.-u.
806 99 936 184 405[l1].
1149 118 1209 186 925

132 280 193 347 haec
212 278 390 344 dictasunt
413 280 457 344 de
481 279 603 343 ultimo
617 279 762 361 judicio;
791 291 826 344 et
850 302 909 363 per
930 283 1040 344 “iram
1058 284 1210 364 Jehovae

129 388 219 441 contra
229 396 346 439 omnes
357 374 504 457 gentes”
517 385 551 438 et
565 396 624 456 per
638 381 657 406 ‘⁶
666 374 990 439 excandescentiam
1004 376 1111 459 Ipsius
1127 399 1211 442 con·

129 481 167 536 tra
176 491 299 534 omnem
312 471 502 532 exercitum
519 468 656 532 earum”
669 468 877 550 significatur
890 471 1047 533 interitus
1062 483 1097 535 et
1114 473 1210 535 dam·

68 632 74 649 ⁶
129 567 196 629 natio
209 567 354 628 omnium
370 566 427 646 qui
445 565 479 627 in
496 562 593 626 malis
611 573 647 626 et
667 564 745 626 inde
763 563 856 626 salsis
875 574 953 627 sunt
972 586 1017 628 ex
1035 570 1211 649 proposito

68 652 70 657 ’
128 671 204 723 etex
229 660 352 735 corde;
388 657 564 738 “gentes”
588 656 779 738 significant
808 657 897 720 mala
925 658 993 730 illa,
1021 670 1056 722 et
1082 667 1210 724 “exer-

126 754 206 816 citus''
222 752 389 833 significat
408 754 523 815 omnia
538 751 622 814 falsa
641 751 738 813 inde:
764 752 854 833 quod
871 752 1055 815 damnandi
1075 766 1154 818 sunt
1174 767 1210 820 et

68 848 70 853 ’
125 847 188 928 quod
205 848 340 928 perituri
355 847 410 927 qui
435 847 467 907 in
491 845 567 917 illis,
588 843 796 925 significatur
815 865 874 926 per
895 846 1061 910 “devovit
1086 870 1153 922 eas,
1174 861 1209 913 et

68 974 72 1023 ξ
125 942 233 1004 tradidit
255 961 315 1003 eas
333 941 375 1002 ad
400 937 642 1001 mactationem
655 936 681 999 :”
710 938 886 1001 damnatio
905 960 1021 1002 eorum
1044 942 1100 1023 qui
1124 944 1210 1023 peri·

68 1080 70 1107 :
125 1036 167 1098 turi
186 1057 241 1116 per
257 1034 353 1108 salsa,
373 1032 582 1115 significatur
605 1054 664 1114 per
687 1033 777 1114 quod
799 1033 974 1096 “confossi
998 1056 1113 1098 eorum
1133 1058 1209 1118 pro·

68 1148 73 1215 t
124 1126 285 1206 jicientur;”
310 1127 508 1191 “confossi'’
527 1129 561 1189 in
578 1125 694 1189 Verbo
710 1127 868 1189 dicuntur
888 1129 943 1209 qui
962 1130 1132 1208 perierunt
1152 1152 1212 1213 per

68 1292 72 1297 ,
126 1220 190 1295 lalsa,
205 1234 239 1286 et
258 1221 426 1304 “projici’'
444 1220 613 1302 significat
630 1220 801 1283 damnari:
828 1221 1004 1283 damnatio
1020 1243 1135 1286 eorum
1155 1227 1210 1307 qui

126 1318 231 1396 perituri
247 1337 306 1398 per
323 1316 423 1389 mala,
442 1313 650 1395 significatur
667 1335 726 1396 per
742 1314 832 1396 quod
849 1315 1080 1379 “cadaverum
1096 1339 1210 1380 earum

125 1412 256 1473 ascendet
276 1422 377 1492 putor
389 1410 414 1485 ;'’
440 1409 635 1471 “cadavera
645 1409 660 1430 ’'
680 1411 712 1470 in
733 1408 850 1470 Verbo
869 1409 1025 1471 dicuntur
1044 1413 1099 1493 qui
1123 1415 1210 1494 peri·

125 1513 194 1565 erunt
208 1524 267 1584 per
282 1503 383 1574 mala.
399 1514 434 1566 et
452 1510 472 1535 ‘⁶
482 1502 604 1585 putor’'
617 1502 786 1583 significat
802 1504 1058 1567 damnationem
1075 1527 1209 1570 eorum:

124 1597 187 1675 quod
203 1604 366 1660 “montes
386 1596 576 1680 liquescent
596 1599 759 1678 sanguine
779 1598 912 1659 earum''
932 1599 1101 1679 significat
1120 1603 1210 1683 quod

122 1688 188 1752 mala
200 1711 356 1754 amorum.
367 1691 457 1773 apud
475 1691 552 1754 illos
568 1690 660 1754 falsis
676 1692 798 1755 referta
811 1693 899 1767 sint;
926 1698 944 1723 ‘¹
955 1694 1114 1756 montes”
1130 1707 1209 1758 sunt

121 1783 188 1845 nata
203 1804 354 1848 amorum
372 1786 423 1847 sui
442 1795 478 1848 et
498 1786 624 1859 mundi,
646 1787 811 1866 “sanguis
819 1785 834 1808 ”
853 1797 906 1848 est
930 1787 1060 1849 salsum.
1106 1789 1209 1871 Apud

120 1879 248 1954 eundem,

156 2020 285 2071 “vastabo
298 2032 406 2071 montes
418 2031 445 2071 et
459 2023 549 2080 colles,
564 2033 592 2072 et
605 2037 713 2071 omnem
732 2024 842 2072 herbam
855 2038 947 2073 eorum
960 2025 1112 2084 arefaciam,
1126 2037 1153 2076 et
1165 2042 1211 2090 po·

223 2102 283 2136 nam
296 2088 395 2137 fluvios
408 2088 436 2136 in
449 2089 559 2146 insulas,
574 2098 601 2137 et
612 2099 709 2150 stagna
721 2088 883 2138 exsiccabo'’
896 2091 960 2150 (xlii.
976 2103 986 2138 1
991 2095 1030 2151 st:

68 2212 73 2275 't
119 2234 164 2295 per
179 2225 334 2284 “vastare
355 2230 492 2282 montes
511 2231 545 2284 et
565 2220 696 2283 colles”
714 2221 923 2302 significatur
947 2223 1088 2303 perdere
1108 2244 1209 2290 omne

119 2309 219 2376 bonum
236 2317 361 2378 amoris
380 2316 414 2377 in
436 2315 618 2377 Dominum
638 2324 672 2378 et
691 2336 773 2397 erga
792 2319 1004 2398 proximum:
1031 2338 1089 2398 per
1107 2325 1208 2382 “are-

119 2402 203 2472 lacere
227 2430 364 2473 omnem
393 2409 556 2473 herbam'¹
583 2409 792 2491 significatur
819 2411 897 2473 inde
925 2412 1065 2492 perdere
1096 2416 1208 2477 omnia

121 2518 195 2580 vera;
217 2505 348 2567 “herba
356 2504 371 2528 ”
384 2503 553 2584 significat
569 2525 649 2567 vera
662 2525 706 2565 ex
720 2505 810 2566 bono
825 2508 1020 2568 nascentia:
1046 2527 1104 2587 per
1119 2513 1208 2588 “po-

122 2611 180 2658 nere
199 2598 310 2661 fluvios
338 2600 371 2661 in
399 2596 537 2669 insulas
561 2609 596 2661 et
623 2601 798 2661 exsiccare
822 2600 977 2680 stagna,”
1000 2599 1209 2681 significatur

123 2692 276 2757 annihilare
287 2713 425 2756 omnem
439 2690 650 2756 intellectum
661 2704 695 2756 et
707 2696 960 2775 perceptionem
971 2697 1053 2771 veri;
1069 2695 1185 2757 “fluvii
1194 2695 1209 2720 ''

124 2783 282 2863 significant
301 2788 565 2869 intelligentiam
585 2809 671 2870 quae
690 2799 742 2851 est
762 2790 842 2861 veri,
865 2790 1022 2852 “insulae
1031 2790 1045 2813 '’
1065 2791 1120 2852 ubi
1140 2810 1207 2852 non

125 2873 329 2964 intelligentia,
344 2890 363 2914 “
372 2893 497 2963 stagna
505 2882 520 2904 ”
530 2882 722 2963 significant
733 2885 987 2964 perceptionem
1000 2885 1088 2959 veri;
1107 2883 1208 2946 intel·

126 2965 203 3037 lectus
222 2979 289 3041 veri
312 2986 366 3040 est
389 2997 434 3039 ex
459 2975 532 3038 luce
556 2977 635 3049 veri,
660 2978 834 3057 perceptio
857 2988 972 3039 autem
996 2979 1065 3039 veri
1088 2986 1141 3039 est
1164 2998 1209 3040 ex

126 3066 208 3134 calore
223 3092 280 3134 seu
299 3091 415 3133 amore
434 3072 514 3132 veri.
560 3069 663 3152 Apud
684 3071 842 3144 eundem,

162 3213 256 3264 “Ecce’'
264 3215 358 3279 Jacob,
371 3214 473 3277 “posui
486 3224 512 3262 te
522 3214 547 3262 in
557 3215 681 3263 tribulam
692 3216 803 3264 tribulae
817 3216 938 3270 recentis.
952 3217 1086 3278 praeditae
1099 3216 1207 3272 aculeis,

222 3282 327 3330 tritures
339 3291 447 3329 montes
459 3290 486 3328 et
498 3289 629 3334 conteras.
644 3293 670 3328 et
682 3281 764 3329 colles
777 3282 844 3328 sicut
857 3281 974 3342 glumam
988 3296 1073 3343 ponas
1084 3296 1090 3338 ;
1108 3283 1210 3343 disper-

221 3361 266 3407 ges
275 3360 324 3395 eos
336 3356 366 3394 ut
378 3355 475 3394 ventus
484 3345 587 3393 auferat
599 3360 646 3393 eos
658 3355 685 3393 et
698 3346 814 3408 procella
826 3347 937 3407 dissipet
949 3361 996 3394 eos
1005 3345 1019 3364 ''
1028 3348 1083 3407 (xli.
1094 3357 1132 3405 15,
1143 3347 1198 3408 16):

130 3496 168 3555 Ρθῐ
182 3487 386 3567 “Iacobum’'
405 3487 608 3569 intelligitur
627 3487 771 3550 ecclesia
788 3497 933 3550 externa
949 3489 1061 3569 quoad
1082 3490 1208 3552 bonum

131 3584 265 3657 ttverum,
284 3594 320 3647 et
337 3584 417 3646 inde
433 3603 566 3665 quoque
583 3582 708 3644 bonum
727 3592 761 3644 et
779 3602 893 3643 verum
911 3593 1103 3654 externum,
1118 3583 1209 3663 quod

131 3661 218 3738 butum
233 3689 266 3741 et
279 3698 397 3740 verum
415 3689 525 3741 estex
540 3697 639 3739 sensu
653 3677 788 3739 litterae
803 3675 907 3738 Verbi
921 3698 927 3751 ;
952 3677 985 3737 in
1002 3677 1053 3737 his
1067 3687 1145 3738 sunt
1162 3675 1209 3737 illi

131 3763 208 3838 quiab
222 3774 366 3836 ecclesia
382 3782 546 3835 externa:
572 3771 662 3852 quod
680 3772 763 3833 haec
781 3781 1021 3852 comparentur
1036 3769 1210 3832 “tribulae

131 3867 218 3928 recenti
235 3868 413 3949 praeditae
430 3865 579 3928 aculeis”
591 3875 644 3928 est
662 3867 738 3946 quia
756 3864 879 3926 tribula
896 3866 1028 3926 excutit
1046 3865 1208 3934 triticum,

131 3943 248 4025 hordeum
266 3976 302 4027 et
320 3961 452 4042 reliqua
469 3962 588 4022 messis
605 3982 648 4022 ex
668 3961 780 4041 spiciS,
802 3970 836 4021 et
859 3979 918 4039 per
938 3959 995 4019 illa
1015 3957 1209 4038 significan·

131 4045 165 4102 llll
180 4047 252 4118 bona
275 4065 312 4118 et
336 4073 419 4116 Vera
442 4051 610 4114 eccleSlae
633 4068 753 4127 (videatur
762 4080 841 4124 supra,
853 4081 876 4112 n.
890 4065 959 4129 374.
972 4065 1127 4129 375[a.b]);
1155 4049 1209 4111 hle
