<?xml version="1.0" encoding="UTF-8"?>
<!DOCTYPE html PUBLIC "-//W3C//DTD XHTML 1.0 Transitional//EN"
    "http://www.w3.org/TR/xhtml1/DTD/xhtml1-transitional.dtd">
<html xmlns="http://www.w3.org/1999/xhtml" xml:lang="en" lang="en">
 <head>
  <title>
</title>
<meta http-equiv="Content-Type" content="text/html;charset=utf-8" />
  <meta name='ocr-system' content='tesseract 3.04.00' />
  <meta name='ocr-capabilities' content='ocr_page ocr_carea ocr_par ocr_line ocrx_word'/>
</head>
<body>
  <div class='ocr_page' id='page_1' title='image "./apocalypsisexpl00swedgoog_0267.png"; bbox 0 0 2716 4986; ppageno 0'>
   <div class='ocr_carea' id='block_1_1' title="bbox 350 476 1195 560">
    <p class='ocr_par' dir='ltr' id='par_1_1' title="bbox 350 476 1195 560">
     <span class='ocr_line' id='line_1_1' title="bbox 350 476 1195 560; baseline -0.008 -14"><span class='ocrx_word' id='word_1_1' title='bbox 350 496 429 547; x_wconf 73' lang='lat' dir='ltr'><strong>cns.</strong></span> <span class='ocrx_word' id='word_1_2' title='bbox 447 495 506 555; x_wconf 69' lang='lat' dir='ltr'><strong>vr„</strong></span> <span class='ocrx_word' id='word_1_3' title='bbox 525 494 627 543; x_wconf 74' lang='lat' dir='ltr'><strong>vans.</strong></span> <span class='ocrx_word' id='word_1_4' title='bbox 650 492 776 558; x_wconf 83' lang='lat' dir='ltr'><strong>14.-n.</strong></span> <span class='ocrx_word' id='word_1_5' title='bbox 793 476 917 560; x_wconf 85' lang='lat' dir='ltr'><strong>405[i].</strong></span> <span class='ocrx_word' id='word_1_6' title='bbox 1129 493 1195 560; x_wconf 85' lang='lat'><strong>9²9</strong></span> 
     </span>
    </p>
   </div>
   <div class='ocr_carea' id='block_1_2' title="bbox 51 659 1193 1406">
    <p class='ocr_par' dir='ltr' id='par_1_2' title="bbox 51 659 1193 1406">
     <span class='ocr_line' id='line_1_2' title="bbox 52 659 1192 743; baseline -0.004 -15"><span class='ocrx_word' id='word_1_7' title='bbox 52 665 242 729; x_wconf 87' lang='lat' dir='ltr'>haberent</span> <span class='ocrx_word' id='word_1_8' title='bbox 264 662 405 738; x_wconf 87' lang='lat' dir='ltr'><strong>cultum,</strong></span> <span class='ocrx_word' id='word_1_9' title='bbox 425 673 460 727; x_wconf 91' lang='lat' dir='ltr'><strong>et</strong></span> <span class='ocrx_word' id='word_1_10' title='bbox 481 684 548 726; x_wconf 92' lang='lat' dir='ltr'><strong>non</strong></span> <span class='ocrx_word' id='word_1_11' title='bbox 568 662 668 738; x_wconf 88' lang='lat' dir='ltr'><strong>alibi;</strong></span> <span class='ocrx_word' id='word_1_12' title='bbox 688 662 747 724; x_wconf 92' lang='lat' dir='ltr'><strong>sed</strong></span> <span class='ocrx_word' id='word_1_13' title='bbox 768 662 844 743; x_wconf 91' lang='lat' dir='ltr'><strong>quia</strong></span> <span class='ocrx_word' id='word_1_14' title='bbox 867 660 969 723; x_wconf 90' lang='lat' dir='ltr'><strong>corde</strong></span> <span class='ocrx_word' id='word_1_15' title='bbox 989 659 1192 723; x_wconf 78' lang='lat' dir='ltr'>idololatrae</span> 
     </span>
     <span class='ocr_line' id='line_1_3' title="bbox 51 752 1191 834; baseline -0.007 -11"><span class='ocrx_word' id='word_1_16' title='bbox 51 759 219 831; x_wconf 81' lang='lat' dir='ltr'><strong>suerunt,</strong></span> <span class='ocrx_word' id='word_1_17' title='bbox 234 778 304 820; x_wconf 94' lang='lat' dir='ltr'><strong>non</strong></span> <span class='ocrx_word' id='word_1_18' title='bbox 322 759 476 820; x_wconf 88' lang='lat' dir='ltr'>contenti</span> <span class='ocrx_word' id='word_1_19' title='bbox 489 767 586 819; x_wconf 89' lang='lat' dir='ltr'><strong>erant</strong></span> <span class='ocrx_word' id='word_1_20' title='bbox 603 756 732 818; x_wconf 88' lang='lat' dir='ltr'><strong>cultum</strong></span> <span class='ocrx_word' id='word_1_21' title='bbox 750 756 873 817; x_wconf 89' lang='lat' dir='ltr'><strong>habere</strong></span> <span class='ocrx_word' id='word_1_22' title='bbox 890 755 922 817; x_wconf 94' lang='lat' dir='ltr'><strong>in</strong></span> <span class='ocrx_word' id='word_1_23' title='bbox 941 752 1191 834; x_wconf 86' lang='lat' dir='ltr'><strong>Hierosolyma.</strong></span> 
     </span>
     <span class='ocr_line' id='line_1_4' title="bbox 51 845 1192 932; baseline -0.004 -18"><span class='ocrx_word' id='word_1_24' title='bbox 51 855 122 916; x_wconf 90' lang='lat' dir='ltr'><strong>sed</strong></span> <span class='ocrx_word' id='word_1_25' title='bbox 142 852 340 916; x_wconf 91' lang='lat' dir='ltr'><strong>secundum</strong></span> <span class='ocrx_word' id='word_1_26' title='bbox 357 871 485 914; x_wconf 89' lang='lat' dir='ltr'><strong>morem</strong></span> <span class='ocrx_word' id='word_1_27' title='bbox 501 852 655 932; x_wconf 87' lang='lat' dir='ltr'><strong>gentium</strong></span> <span class='ocrx_word' id='word_1_28' title='bbox 669 850 712 911; x_wconf 90' lang='lat' dir='ltr'><strong>ab</strong></span> <span class='ocrx_word' id='word_1_29' title='bbox 728 850 875 932; x_wconf 84' lang='lat' dir='ltr'>antiquis</span> <span class='ocrx_word' id='word_1_30' title='bbox 892 845 1049 920; x_wconf 75' lang='lat' dir='ltr'><strong>tractum,</strong></span> <span class='ocrx_word' id='word_1_31' title='bbox 1063 848 1192 910; x_wconf 89' lang='lat' dir='ltr'><strong>cultum</strong></span> 
     </span>
     <span class='ocr_line' id='line_1_5' title="bbox 51 942 1193 1027; baseline -0.005 -17"><span class='ocrx_word' id='word_1_32' title='bbox 51 947 227 1010; x_wconf 82' lang='lat' dir='ltr'><strong>fecerunt</strong></span> <span class='ocrx_word' id='word_1_33' title='bbox 252 966 352 1027; x_wconf 90' lang='lat' dir='ltr'><strong>super</strong></span> <span class='ocrx_word' id='word_1_34' title='bbox 375 946 549 1007; x_wconf 91' lang='lat' dir='ltr'><strong>montibus</strong></span> <span class='ocrx_word' id='word_1_35' title='bbox 573 954 607 1006; x_wconf 90' lang='lat' dir='ltr'><strong>et</strong></span> <span class='ocrx_word' id='word_1_36' title='bbox 635 943 778 1005; x_wconf 89' lang='lat' dir='ltr'><strong>collibus</strong></span> <span class='ocrx_word' id='word_1_37' title='bbox 801 943 1065 1025; x_wconf 89' lang='lat' dir='ltr'><strong>quibuscunque,</strong></span> <span class='ocrx_word' id='word_1_38' title='bbox 1090 952 1124 1004; x_wconf 90' lang='lat' dir='ltr'><strong>et</strong></span> <span class='ocrx_word' id='word_1_39' title='bbox 1148 942 1193 1004; x_wconf 91' lang='lat' dir='ltr'><strong>ibi</strong></span> 
     </span>
     <span class='ocr_line' id='line_1_6' title="bbox 52 1034 1192 1119; baseline -0.006 -16"><span class='ocrx_word' id='word_1_40' title='bbox 52 1039 307 1104; x_wconf 89' lang='lat' dir='ltr'><strong>sacrificarunt</strong></span> <span class='ocrx_word' id='word_1_41' title='bbox 331 1049 365 1101; x_wconf 89' lang='lat' dir='ltr'><strong>et</strong></span> <span class='ocrx_word' id='word_1_42' title='bbox 390 1037 585 1115; x_wconf 87' lang='lat' dir='ltr'><strong>suffierunt;</strong></span> <span class='ocrx_word' id='word_1_43' title='bbox 618 1047 824 1119; x_wconf 89' lang='lat' dir='ltr'><strong>quapropter</strong></span> <span class='ocrx_word' id='word_1_44' title='bbox 846 1038 923 1118; x_wconf 88' lang='lat' dir='ltr'><strong>quia</strong></span> <span class='ocrx_word' id='word_1_45' title='bbox 947 1036 979 1097; x_wconf 92' lang='lat' dir='ltr'><strong>id</strong></span> <span class='ocrx_word' id='word_1_46' title='bbox 1003 1034 1192 1097; x_wconf 92' lang='lat' dir='ltr'><strong>idololatri-</strong></span> 
     </span>
     <span class='ocr_line' id='line_1_7' title="bbox 52 1130 1192 1215; baseline -0.004 -18"><span class='ocrx_word' id='word_1_47' title='bbox 52 1154 141 1198; x_wconf 91' lang='lat' dir='ltr'><strong>cum</strong></span> <span class='ocrx_word' id='word_1_48' title='bbox 165 1134 232 1196; x_wconf 81' lang='lat' dir='ltr'><strong>suit</strong></span> <span class='ocrx_word' id='word_1_49' title='bbox 252 1133 341 1215; x_wconf 90' lang='lat' dir='ltr'><strong>apud</strong></span> <span class='ocrx_word' id='word_1_50' title='bbox 365 1131 452 1205; x_wconf 92' lang='lat' dir='ltr'><strong>illos,</strong></span> <span class='ocrx_word' id='word_1_51' title='bbox 473 1152 531 1213; x_wconf 88' lang='lat' dir='ltr'><strong>per</strong></span> <span class='ocrx_word' id='word_1_52' title='bbox 550 1131 679 1194; x_wconf 89' lang='lat' dir='ltr'><strong>cultum</strong></span> <span class='ocrx_word' id='word_1_53' title='bbox 703 1150 818 1193; x_wconf 89' lang='lat' dir='ltr'><strong>eorum</strong></span> <span class='ocrx_word' id='word_1_54' title='bbox 843 1151 942 1211; x_wconf 92' lang='lat' dir='ltr'><strong>super</strong></span> <span class='ocrx_word' id='word_1_55' title='bbox 961 1130 1134 1191; x_wconf 90' lang='lat' dir='ltr'><strong>montibus</strong></span> <span class='ocrx_word' id='word_1_56' title='bbox 1156 1139 1192 1192; x_wconf 90' lang='lat' dir='ltr'><strong>et</strong></span> 
     </span>
     <span class='ocr_line' id='line_1_8' title="bbox 52 1222 1192 1308; baseline -0.004 -17"><span class='ocrx_word' id='word_1_57' title='bbox 52 1229 220 1291; x_wconf 92' lang='lat' dir='ltr'><strong>collibus</strong></span> <span class='ocrx_word' id='word_1_58' title='bbox 243 1227 317 1290; x_wconf 90' lang='lat' dir='ltr'><strong>aliis</strong></span> <span class='ocrx_word' id='word_1_59' title='bbox 341 1226 551 1308; x_wconf 86' lang='lat' dir='ltr'><strong>significatur</strong></span> <span class='ocrx_word' id='word_1_60' title='bbox 573 1225 685 1288; x_wconf 89' lang='lat' dir='ltr'><strong>cultus</strong></span> <span class='ocrx_word' id='word_1_61' title='bbox 708 1247 752 1287; x_wconf 86' lang='lat' dir='ltr'><strong>ex</strong></span> <span class='ocrx_word' id='word_1_62' title='bbox 777 1224 873 1286; x_wconf 90' lang='lat' dir='ltr'><strong>malis</strong></span> <span class='ocrx_word' id='word_1_63' title='bbox 897 1235 931 1287; x_wconf 89' lang='lat' dir='ltr'><strong>et</strong></span> <span class='ocrx_word' id='word_1_64' title='bbox 955 1222 1067 1301; x_wconf 87' lang='lat' dir='ltr'><strong>salsis;</strong></span> <span class='ocrx_word' id='word_1_65' title='bbox 1099 1232 1135 1286; x_wconf 91' lang='lat' dir='ltr'><strong>ut</strong></span> <span class='ocrx_word' id='word_1_66' title='bbox 1159 1225 1192 1286; x_wconf 93' lang='lat' dir='ltr'><strong>in</strong></span> 
     </span>
     <span class='ocr_line' id='line_1_9' title="bbox 53 1319 812 1406; baseline -0.004 -22"><span class='ocrx_word' id='word_1_67' title='bbox 53 1323 296 1406; x_wconf 87' lang='lat' dir='ltr'><strong>sequentibus</strong></span> <span class='ocrx_word' id='word_1_68' title='bbox 316 1321 367 1384; x_wconf 92' lang='lat' dir='ltr'><strong>his</strong></span> <span class='ocrx_word' id='word_1_69' title='bbox 387 1321 470 1384; x_wconf 92' lang='lat' dir='ltr'><strong>locis</strong></span> <span class='ocrx_word' id='word_1_70' title='bbox 483 1320 640 1402; x_wconf 90' lang='lat' dir='ltr'><strong>:—Apud</strong></span> <span class='ocrx_word' id='word_1_71' title='bbox 659 1319 812 1394; x_wconf 86' lang='lat' dir='ltr'><em>Esaiam,</em></span> 
     </span>
    </p>
   </div>
   <div class='ocr_carea' id='block_1_3' title="bbox 114 1451 1192 1580">
    <p class='ocr_par' dir='ltr' id='par_1_3' title="bbox 114 1451 1192 1580">
     <span class='ocr_line' id='line_1_10' title="bbox 114 1451 1192 1518; baseline -0.004 -14"><span class='ocrx_word' id='word_1_72' title='bbox 114 1456 238 1518; x_wconf 82' lang='lat' dir='ltr'><strong>“Super</strong></span> <span class='ocrx_word' id='word_1_73' title='bbox 250 1465 343 1503; x_wconf 90' lang='lat' dir='ltr'><strong>monte</strong></span> <span class='ocrx_word' id='word_1_74' title='bbox 360 1454 416 1503; x_wconf 85' lang='lat' dir='ltr'><strong>alto</strong></span> <span class='ocrx_word' id='word_1_75' title='bbox 433 1463 461 1503; x_wconf 90' lang='lat' dir='ltr'><strong>et</strong></span> <span class='ocrx_word' id='word_1_76' title='bbox 472 1454 545 1503; x_wconf 88' lang='lat' dir='ltr'><strong>elato</strong></span> <span class='ocrx_word' id='word_1_77' title='bbox 563 1453 677 1516; x_wconf 80' lang='lat' dir='ltr'><strong>posuisti</strong></span> <span class='ocrx_word' id='word_1_78' title='bbox 696 1453 783 1502; x_wconf 88' lang='lat' dir='ltr'><strong>cubile</strong></span> <span class='ocrx_word' id='word_1_79' title='bbox 798 1463 881 1510; x_wconf 90' lang='lat' dir='ltr'><strong>tuum,</strong></span> <span class='ocrx_word' id='word_1_80' title='bbox 895 1452 977 1500; x_wconf 86' lang='lat' dir='ltr'><strong>etiam</strong></span> <span class='ocrx_word' id='word_1_81' title='bbox 995 1466 1029 1500; x_wconf 91' lang='lat' dir='ltr'><strong>eo</strong></span> <span class='ocrx_word' id='word_1_82' title='bbox 1046 1451 1192 1500; x_wconf 71' lang='lat' dir='ltr'><strong>ascendisti</strong></span> 
     </span>
     <span class='ocr_line' id='line_1_11' title="bbox 206 1517 751 1580; baseline -0.002 -12"><span class='ocrx_word' id='word_1_83' title='bbox 206 1521 241 1568; x_wconf 88' lang='lat' dir='ltr'><strong>ad</strong></span> <span class='ocrx_word' id='word_1_84' title='bbox 253 1520 456 1569; x_wconf 87' lang='lat' dir='ltr'><strong>sacrificandum</strong></span> <span class='ocrx_word' id='word_1_85' title='bbox 469 1517 622 1568; x_wconf 83' lang='lat' dir='ltr'><strong>sacrificia”</strong></span> <span class='ocrx_word' id='word_1_86' title='bbox 635 1519 699 1580; x_wconf 84' lang='lat' dir='ltr'><strong>(lvii.</strong></span> <span class='ocrx_word' id='word_1_87' title='bbox 713 1521 751 1579; x_wconf 85' lang='lat'><strong>7):</strong></span> 
     </span>
    </p>
   </div>
   <div class='ocr_carea' id='block_1_4' title="bbox 56 1635 381 1720">
    <p class='ocr_par' dir='ltr' id='par_1_4' title="bbox 56 1635 381 1720">
     <span class='ocr_line' id='line_1_12' title="bbox 56 1635 381 1720; baseline -0.006 -22"><span class='ocrx_word' id='word_1_88' title='bbox 56 1636 162 1720; x_wconf 88' lang='lat' dir='ltr'><strong>apud</strong></span> <span class='ocrx_word' id='word_1_89' title='bbox 182 1635 381 1710; x_wconf 80' lang='lat' dir='ltr'><strong>Hosclzcam,</strong></span> 
     </span>
    </p>
   </div>
   <div class='ocr_carea' id='block_1_5' title="bbox 117 1743 1192 1811">
    <p class='ocr_par' dir='ltr' id='par_1_5' title="bbox 117 1743 1192 1811">
     <span class='ocr_line' id='line_1_13' title="bbox 117 1743 1192 1811; baseline -0.002 -13"><span class='ocrx_word' id='word_1_90' title='bbox 117 1749 238 1811; x_wconf 85' lang='lat' dir='ltr'><strong>“Super</strong></span> <span class='ocrx_word' id='word_1_91' title='bbox 246 1749 390 1798; x_wconf 85' lang='lat' dir='ltr'><strong>verticibus</strong></span> <span class='ocrx_word' id='word_1_92' title='bbox 398 1748 531 1797; x_wconf 86' lang='lat' dir='ltr'><strong>montium</strong></span> <span class='ocrx_word' id='word_1_93' title='bbox 539 1746 698 1805; x_wconf 84' lang='lat' dir='ltr'><strong>sacrificant,</strong></span> <span class='ocrx_word' id='word_1_94' title='bbox 707 1756 733 1795; x_wconf 86' lang='lat' dir='ltr'><strong>et</strong></span> <span class='ocrx_word' id='word_1_95' title='bbox 741 1761 822 1808; x_wconf 86' lang='lat' dir='ltr'><strong>super</strong></span> <span class='ocrx_word' id='word_1_96' title='bbox 829 1745 940 1794; x_wconf 88' lang='lat' dir='ltr'><strong>collibus</strong></span> <span class='ocrx_word' id='word_1_97' title='bbox 949 1745 1058 1795; x_wconf 81' lang='lat' dir='ltr'><strong>suffiunt</strong></span> <span class='ocrx_word' id='word_1_98' title='bbox 1065 1743 1079 1763; x_wconf 87' lang='lat'><strong>”</strong></span> <span class='ocrx_word' id='word_1_99' title='bbox 1086 1744 1192 1807; x_wconf 80' lang='lat' dir='ltr'><strong>(iv.13):</strong></span> 
     </span>
    </p>
   </div>
   <div class='ocr_carea' id='block_1_6' title="bbox 58 1863 383 1947">
    <p class='ocr_par' dir='ltr' id='par_1_6' title="bbox 58 1863 383 1947">
     <span class='ocr_line' id='line_1_14' title="bbox 58 1863 383 1947; baseline -0.003 -22"><span class='ocrx_word' id='word_1_100' title='bbox 58 1864 162 1947; x_wconf 91' lang='lat' dir='ltr'><strong>apud</strong></span> <span class='ocrx_word' id='word_1_101' title='bbox 183 1863 383 1937; x_wconf 78' lang='lat' dir='ltr'><strong>Jeremiam,</strong></span> 
     </span>
    </p>
   </div>
   <div class='ocr_carea' id='block_1_7' title="bbox 120 1974 1192 2103">
    <p class='ocr_par' dir='ltr' id='par_1_7' title="bbox 120 1974 1192 2103">
     <span class='ocr_line' id='line_1_15' title="bbox 120 1974 1192 2040; baseline -0.004 -14"><span class='ocrx_word' id='word_1_102' title='bbox 120 1977 257 2026; x_wconf 78' lang='lat' dir='ltr'><strong>“Aversa</strong></span> <span class='ocrx_word' id='word_1_103' title='bbox 270 1977 356 2026; x_wconf 88' lang='lat' dir='ltr'><strong>lsrael</strong></span> <span class='ocrx_word' id='word_1_104' title='bbox 368 1977 463 2026; x_wconf 84' lang='lat' dir='ltr'><strong>abiens</strong></span> <span class='ocrx_word' id='word_1_105' title='bbox 472 1991 553 2038; x_wconf 89' lang='lat' dir='ltr'><strong>super</strong></span> <span class='ocrx_word' id='word_1_106' title='bbox 563 1991 671 2024; x_wconf 87' lang='lat' dir='ltr'><strong>omnem</strong></span> <span class='ocrx_word' id='word_1_107' title='bbox 681 1985 802 2024; x_wconf 87' lang='lat' dir='ltr'><strong>montem</strong></span> <span class='ocrx_word' id='word_1_108' title='bbox 812 1974 904 2040; x_wconf 87' lang='lat' dir='ltr'><strong>altum,</strong></span> <span class='ocrx_word' id='word_1_109' title='bbox 913 1984 940 2023; x_wconf 89' lang='lat' dir='ltr'><strong>et</strong></span> <span class='ocrx_word' id='word_1_110' title='bbox 949 1975 1000 2023; x_wconf 89' lang='lat' dir='ltr'><strong>sub</strong></span> <span class='ocrx_word' id='word_1_111' title='bbox 1009 1974 1083 2022; x_wconf 88' lang='lat' dir='ltr'><strong>omni</strong></span> <span class='ocrx_word' id='word_1_112' title='bbox 1095 1974 1192 2022; x_wconf 83' lang='lat' dir='ltr'><strong>arbore</strong></span> 
     </span>
     <span class='ocr_line' id='line_1_16' title="bbox 206 2040 642 2103; baseline -0.002 -13"><span class='ocrx_word' id='word_1_113' title='bbox 206 2043 295 2100; x_wconf 83' lang='lat' dir='ltr'><strong>viridi,</strong></span> <span class='ocrx_word' id='word_1_114' title='bbox 310 2054 336 2091; x_wconf 86' lang='lat' dir='ltr'><strong>et</strong></span> <span class='ocrx_word' id='word_1_115' title='bbox 348 2040 530 2090; x_wconf 81' lang='lat' dir='ltr'><strong>scortabaris”</strong></span> <span class='ocrx_word' id='word_1_116' title='bbox 543 2043 589 2103; x_wconf 90' lang='lat' dir='ltr'><strong>(iii.</strong></span> <span class='ocrx_word' id='word_1_117' title='bbox 602 2043 642 2102; x_wconf 83' lang='lat' dir='ltr'><strong>b);</strong></span> 
     </span>
    </p>
   </div>
   <div class='ocr_carea' id='block_1_8' title="bbox 58 2170 1190 2350">
    <p class='ocr_par' dir='ltr' id='par_1_8' title="bbox 58 2170 1190 2350">
     <span class='ocr_line' id='line_1_17' title="bbox 58 2170 1190 2255; baseline -0.003 -18"><span class='ocrx_word' id='word_1_118' title='bbox 58 2194 130 2255; x_wconf 90' lang='lat' dir='ltr'><strong>per</strong></span> <span class='ocrx_word' id='word_1_119' title='bbox 158 2173 358 2237; x_wconf 80' lang='lat' dir='ltr'><strong>“scortari’&#39;</strong></span> <span class='ocrx_word' id='word_1_120' title='bbox 381 2173 590 2255; x_wconf 83' lang='lat' dir='ltr'><strong>significatur</strong></span> <span class='ocrx_word' id='word_1_121' title='bbox 612 2171 788 2236; x_wconf 85' lang='lat' dir='ltr'><strong>falsificare</strong></span> <span class='ocrx_word' id='word_1_122' title='bbox 812 2171 951 2234; x_wconf 90' lang='lat' dir='ltr'><strong>cultum.</strong></span> <span class='ocrx_word' id='word_1_123' title='bbox 998 2170 1098 2252; x_wconf 86' lang='lat' dir='ltr'><strong>Quod</strong></span> <span class='ocrx_word' id='word_1_124' title='bbox 1126 2171 1190 2234; x_wconf 89' lang='lat' dir='ltr'><strong>hoc</strong></span> 
     </span>
     <span class='ocr_line' id='line_1_18' title="bbox 58 2267 961 2350; baseline -0.003 -19"><span class='ocrx_word' id='word_1_125' title='bbox 58 2268 329 2334; x_wconf 90' lang='lat' dir='ltr'><strong>idololatricum</strong></span> <span class='ocrx_word' id='word_1_126' title='bbox 349 2268 457 2342; x_wconf 82' lang='lat' dir='ltr'><strong>luerit,</strong></span> <span class='ocrx_word' id='word_1_127' title='bbox 476 2278 572 2350; x_wconf 91' lang='lat' dir='ltr'><strong>patet</strong></span> <span class='ocrx_word' id='word_1_128' title='bbox 593 2289 637 2331; x_wconf 86' lang='lat' dir='ltr'><strong>ex</strong></span> <span class='ocrx_word' id='word_1_129' title='bbox 658 2268 709 2329; x_wconf 91' lang='lat' dir='ltr'><strong>his</strong></span> <span class='ocrx_word' id='word_1_130' title='bbox 728 2267 815 2348; x_wconf 89' lang='lat' dir='ltr'><strong>apud</strong></span> <span class='ocrx_word' id='word_1_131' title='bbox 835 2267 961 2341; x_wconf 74' lang='lat' dir='ltr'><strong>Mosen,</strong></span> 
     </span>
    </p>
   </div>
   <div class='ocr_carea' id='block_1_9' title="bbox 121 2405 1193 2540">
    <p class='ocr_par' dir='ltr' id='par_1_9' title="bbox 121 2405 1193 2540">
     <span class='ocr_line' id='line_1_19' title="bbox 121 2405 1193 2472; baseline -0.004 -11"><span class='ocrx_word' id='word_1_132' title='bbox 121 2415 142 2436; x_wconf 81' lang='lat'><strong>‘⁴</strong></span> <span class='ocrx_word' id='word_1_133' title='bbox 153 2411 278 2461; x_wconf 85' lang='lat' dir='ltr'><strong>Perdetis</strong></span> <span class='ocrx_word' id='word_1_134' title='bbox 291 2411 353 2460; x_wconf 86' lang='lat' dir='ltr'><strong>loca</strong></span> <span class='ocrx_word' id='word_1_135' title='bbox 363 2411 408 2459; x_wconf 91' lang='lat' dir='ltr'><strong>ubi</strong></span> <span class='ocrx_word' id='word_1_136' title='bbox 418 2411 585 2459; x_wconf 89' lang='lat' dir='ltr'><strong>serviverunt</strong></span> <span class='ocrx_word' id='word_1_137' title='bbox 596 2421 703 2472; x_wconf 79' lang='lat' dir='ltr'><strong>gentes.</strong></span> <span class='ocrx_word' id='word_1_138' title='bbox 714 2448 720 2460; x_wconf 95' lang='lat'>.</span> <span class='ocrx_word' id='word_1_139' title='bbox 730 2447 736 2459; x_wconf 91' lang='lat'><em>.</em></span> <span class='ocrx_word' id='word_1_140' title='bbox 747 2411 809 2459; x_wconf 81' lang='lat' dir='ltr'><strong>‚diis</strong></span> <span class='ocrx_word' id='word_1_141' title='bbox 819 2411 883 2466; x_wconf 90' lang='lat' dir='ltr'><strong>suis,</strong></span> <span class='ocrx_word' id='word_1_142' title='bbox 894 2424 975 2472; x_wconf 90' lang='lat' dir='ltr'><strong>super</strong></span> <span class='ocrx_word' id='word_1_143' title='bbox 985 2409 1121 2458; x_wconf 87' lang='lat' dir='ltr'><strong>montibus</strong></span> <span class='ocrx_word' id='word_1_144' title='bbox 1136 2405 1193 2471; x_wconf 85' lang='lat' dir='ltr'><strong>[ex-</strong></span> 
     </span>
     <span class='ocr_line' id='line_1_20' title="bbox 206 2473 1191 2540; baseline -0.002 -15"><span class='ocrx_word' id='word_1_145' title='bbox 206 2473 309 2540; x_wconf 75' lang='lat' dir='ltr'><strong>celsisl,</strong></span> <span class='ocrx_word' id='word_1_146' title='bbox 321 2486 347 2525; x_wconf 89' lang='lat' dir='ltr'><strong>et</strong></span> <span class='ocrx_word' id='word_1_147' title='bbox 356 2491 436 2539; x_wconf 88' lang='lat' dir='ltr'><strong>super</strong></span> <span class='ocrx_word' id='word_1_148' title='bbox 448 2476 569 2534; x_wconf 86' lang='lat' dir='ltr'><strong>collibus,</strong></span> <span class='ocrx_word' id='word_1_149' title='bbox 580 2485 607 2525; x_wconf 89' lang='lat' dir='ltr'><strong>et</strong></span> <span class='ocrx_word' id='word_1_150' title='bbox 616 2478 667 2525; x_wconf 94' lang='lat' dir='ltr'><strong>sub</strong></span> <span class='ocrx_word' id='word_1_151' title='bbox 677 2475 751 2524; x_wconf 92' lang='lat' dir='ltr'><strong>ornni</strong></span> <span class='ocrx_word' id='word_1_152' title='bbox 762 2477 856 2524; x_wconf 87' lang='lat' dir='ltr'><strong>arbore</strong></span> <span class='ocrx_word' id='word_1_153' title='bbox 868 2475 946 2523; x_wconf 91' lang='lat' dir='ltr'><strong>viridi</strong></span> <span class='ocrx_word' id='word_1_154' title='bbox 955 2474 967 2492; x_wconf 85' lang='lat'><strong>&#39;¹</strong></span> <span class='ocrx_word' id='word_1_155' title='bbox 978 2475 1080 2535; x_wconf 77' lang='lat' dir='ltr'><strong>(Deutr.</strong></span> <span class='ocrx_word' id='word_1_156' title='bbox 1095 2475 1140 2523; x_wconf 89' lang='lat' dir='ltr'><strong>xii.</strong></span> <span class='ocrx_word' id='word_1_157' title='bbox 1152 2478 1191 2535; x_wconf 82' lang='lat'><strong>2):</strong></span> 
     </span>
    </p>
   </div>
   <div class='ocr_carea' id='block_1_10' title="bbox 54 2607 1192 3476">
    <p class='ocr_par' dir='ltr' id='par_1_10' title="bbox 54 2607 1192 3350">
     <span class='ocr_line' id='line_1_21' title="bbox 55 2607 1191 2690; baseline 0 -21"><span class='ocrx_word' id='word_1_158' title='bbox 55 2607 102 2674; x_wconf 92' lang='lat' dir='ltr'><strong>in</strong></span> <span class='ocrx_word' id='word_1_159' title='bbox 123 2610 180 2672; x_wconf 91' lang='lat' dir='ltr'><strong>his</strong></span> <span class='ocrx_word' id='word_1_160' title='bbox 204 2611 320 2690; x_wconf 89' lang='lat' dir='ltr'><strong>itaque</strong></span> <span class='ocrx_word' id='word_1_161' title='bbox 340 2607 422 2671; x_wconf 92' lang='lat' dir='ltr'><strong>locis</strong></span> <span class='ocrx_word' id='word_1_162' title='bbox 442 2630 501 2690; x_wconf 90' lang='lat' dir='ltr'><strong>per</strong></span> <span class='ocrx_word' id='word_1_163' title='bbox 523 2607 651 2671; x_wconf 91' lang='lat' dir='ltr'><strong>cultum</strong></span> <span class='ocrx_word' id='word_1_164' title='bbox 676 2629 775 2690; x_wconf 90' lang='lat' dir='ltr'><strong>super</strong></span> <span class='ocrx_word' id='word_1_165' title='bbox 794 2609 965 2670; x_wconf 86' lang='lat' dir='ltr'><strong>montibus</strong></span> <span class='ocrx_word' id='word_1_166' title='bbox 989 2617 1024 2670; x_wconf 90' lang='lat' dir='ltr'><strong>et</strong></span> <span class='ocrx_word' id='word_1_167' title='bbox 1048 2607 1191 2670; x_wconf 92' lang='lat' dir='ltr'><strong>collibus</strong></span> 
     </span>
     <span class='ocr_line' id='line_1_22' title="bbox 55 2702 1191 2786; baseline 0.002 -23"><span class='ocrx_word' id='word_1_168' title='bbox 55 2703 286 2786; x_wconf 86' lang='lat' dir='ltr'><strong>significatur</strong></span> <span class='ocrx_word' id='word_1_169' title='bbox 302 2702 413 2765; x_wconf 90' lang='lat' dir='ltr'><strong>cultus</strong></span> <span class='ocrx_word' id='word_1_170' title='bbox 431 2725 476 2766; x_wconf 88' lang='lat' dir='ltr'><strong>ex</strong></span> <span class='ocrx_word' id='word_1_171' title='bbox 496 2703 593 2765; x_wconf 88' lang='lat' dir='ltr'><strong>malis</strong></span> <span class='ocrx_word' id='word_1_172' title='bbox 612 2713 647 2765; x_wconf 91' lang='lat' dir='ltr'><strong>et</strong></span> <span class='ocrx_word' id='word_1_173' title='bbox 668 2702 769 2765; x_wconf 80' lang='lat' dir='ltr'><strong>salsis</strong></span> <span class='ocrx_word' id='word_1_174' title='bbox 816 2702 872 2764; x_wconf 86' lang='lat' dir='ltr'><strong>Ex</strong></span> <span class='ocrx_word' id='word_1_175' title='bbox 896 2702 959 2765; x_wconf 91' lang='lat' dir='ltr'><strong>hoc</strong></span> <span class='ocrx_word' id='word_1_176' title='bbox 980 2704 1083 2764; x_wconf 89' lang='lat' dir='ltr'><strong>etiarn</strong></span> <span class='ocrx_word' id='word_1_177' title='bbox 1103 2703 1191 2765; x_wconf 90' lang='lat' dir='ltr'><strong>deri·</strong></span> 
     </span>
     <span class='ocr_line' id='line_1_23' title="bbox 55 2796 1191 2878; baseline 0.001 -20"><span class='ocrx_word' id='word_1_178' title='bbox 55 2810 193 2862; x_wconf 90' lang='lat' dir='ltr'><strong>vatum</strong></span> <span class='ocrx_word' id='word_1_179' title='bbox 217 2797 379 2878; x_wconf 89' lang='lat' dir='ltr'><strong>estquod</strong></span> <span class='ocrx_word' id='word_1_180' title='bbox 402 2796 550 2877; x_wconf 88' lang='lat' dir='ltr'><strong>gentiles</strong></span> <span class='ocrx_word' id='word_1_181' title='bbox 573 2799 605 2859; x_wconf 93' lang='lat' dir='ltr'><strong>in</strong></span> <span class='ocrx_word' id='word_1_182' title='bbox 628 2797 769 2859; x_wconf 85' lang='lat' dir='ltr'><strong>Graecia</strong></span> <span class='ocrx_word' id='word_1_183' title='bbox 794 2797 994 2860; x_wconf 87' lang='lat' dir='ltr'><strong>Heliconem</strong></span> <span class='ocrx_word' id='word_1_184' title='bbox 1019 2798 1191 2878; x_wconf 88' lang='lat' dir='ltr'><strong>posuerint</strong></span> 
     </span>
     <span class='ocr_line' id='line_1_24' title="bbox 54 2890 1192 2966; baseline 0.003 -15"><span class='ocrx_word' id='word_1_185' title='bbox 54 2890 103 2954; x_wconf 85' lang='lat' dir='ltr'><strong>in</strong></span> <span class='ocrx_word' id='word_1_186' title='bbox 129 2893 207 2955; x_wconf 92' lang='lat' dir='ltr'><strong>alto</strong></span> <span class='ocrx_word' id='word_1_187' title='bbox 231 2903 360 2966; x_wconf 86' lang='lat' dir='ltr'><strong>monte,</strong></span> <span class='ocrx_word' id='word_1_188' title='bbox 384 2902 419 2954; x_wconf 93' lang='lat' dir='ltr'><strong>et</strong></span> <span class='ocrx_word' id='word_1_189' title='bbox 444 2892 643 2954; x_wconf 86' lang='lat' dir='ltr'><strong>Parnassum</strong></span> <span class='ocrx_word' id='word_1_190' title='bbox 671 2894 704 2953; x_wconf 92' lang='lat' dir='ltr'><strong>in</strong></span> <span class='ocrx_word' id='word_1_191' title='bbox 731 2891 818 2953; x_wconf 92' lang='lat' dir='ltr'><strong>colle</strong></span> <span class='ocrx_word' id='word_1_192' title='bbox 846 2891 928 2952; x_wconf 84' lang='lat' dir='ltr'><strong>inira</strong></span> <span class='ocrx_word' id='word_1_193' title='bbox 955 2890 1060 2964; x_wconf 89' lang='lat' dir='ltr'><strong>illum,</strong></span> <span class='ocrx_word' id='word_1_194' title='bbox 1085 2901 1120 2953; x_wconf 90' lang='lat' dir='ltr'><strong>et</strong></span> <span class='ocrx_word' id='word_1_195' title='bbox 1147 2892 1192 2954; x_wconf 92' lang='lat' dir='ltr'><strong>ibi</strong></span> 
     </span>
     <span class='ocr_line' id='line_1_25' title="bbox 56 2985 1191 3061; baseline 0 -12"><span class='ocrx_word' id='word_1_196' title='bbox 56 2988 158 3049; x_wconf 86' lang='lat' dir='ltr'><strong>deos</strong></span> <span class='ocrx_word' id='word_1_197' title='bbox 177 2997 214 3049; x_wconf 92' lang='lat' dir='ltr'><strong>et</strong></span> <span class='ocrx_word' id='word_1_198' title='bbox 235 2986 316 3048; x_wconf 90' lang='lat' dir='ltr'><strong>deas</strong></span> <span class='ocrx_word' id='word_1_199' title='bbox 335 3006 412 3047; x_wconf 90' lang='lat' dir='ltr'><strong>suas</strong></span> <span class='ocrx_word' id='word_1_200' title='bbox 431 2986 585 3048; x_wconf 87' lang='lat' dir='ltr'><strong>habitare</strong></span> <span class='ocrx_word' id='word_1_201' title='bbox 602 2987 825 3061; x_wconf 90' lang='lat' dir='ltr'><strong>crediderint;</strong></span> <span class='ocrx_word' id='word_1_202' title='bbox 852 2985 915 3047; x_wconf 91' lang='lat' dir='ltr'><strong>hoc</strong></span> <span class='ocrx_word' id='word_1_203' title='bbox 933 2986 1121 3048; x_wconf 85' lang='lat' dir='ltr'><strong>derivatum</strong></span> <span class='ocrx_word' id='word_1_204' title='bbox 1138 2997 1191 3049; x_wconf 92' lang='lat' dir='ltr'><strong>est</strong></span> 
     </span>
     <span class='ocr_line' id='line_1_26' title="bbox 54 3078 1191 3163; baseline -0.003 -18"><span class='ocrx_word' id='word_1_205' title='bbox 54 3083 115 3145; x_wconf 84' lang='lat' dir='ltr'><strong>ab</strong></span> <span class='ocrx_word' id='word_1_206' title='bbox 143 3082 295 3163; x_wconf 89' lang='lat' dir='ltr'><strong>antiquis</strong></span> <span class='ocrx_word' id='word_1_207' title='bbox 322 3082 353 3142; x_wconf 91' lang='lat' dir='ltr'><strong>in</strong></span> <span class='ocrx_word' id='word_1_208' title='bbox 382 3080 476 3155; x_wconf 90' lang='lat' dir='ltr'><strong>Asia,</strong></span> <span class='ocrx_word' id='word_1_209' title='bbox 502 3091 537 3143; x_wconf 91' lang='lat' dir='ltr'><strong>et</strong></span> <span class='ocrx_word' id='word_1_210' title='bbox 563 3083 740 3162; x_wconf 84' lang='lat' dir='ltr'><strong>praecipue</strong></span> <span class='ocrx_word' id='word_1_211' title='bbox 767 3081 799 3142; x_wconf 93' lang='lat' dir='ltr'><strong>in</strong></span> <span class='ocrx_word' id='word_1_212' title='bbox 825 3091 914 3142; x_wconf 85' lang='lat' dir='ltr'><strong>terra</strong></span> <span class='ocrx_word' id='word_1_213' title='bbox 939 3078 1098 3142; x_wconf 88' lang='lat' dir='ltr'><strong>Canaane</strong></span> <span class='ocrx_word' id='word_1_214' title='bbox 1124 3100 1191 3142; x_wconf 92' lang='lat' dir='ltr'><strong>non</strong></span> 
     </span>
     <span class='ocr_line' id='line_1_27' title="bbox 55 3174 1191 3257; baseline 0.001 -21"><span class='ocrx_word' id='word_1_215' title='bbox 55 3174 153 3240; x_wconf 89' lang='lat' dir='ltr'><strong>inde</strong></span> <span class='ocrx_word' id='word_1_216' title='bbox 176 3186 321 3249; x_wconf 88' lang='lat' dir='ltr'><strong>remota,</strong></span> <span class='ocrx_word' id='word_1_217' title='bbox 342 3176 430 3256; x_wconf 91' lang='lat' dir='ltr'><strong>apud</strong></span> <span class='ocrx_word' id='word_1_218' title='bbox 454 3195 538 3257; x_wconf 90' lang='lat' dir='ltr'><strong>quos</strong></span> <span class='ocrx_word' id='word_1_219' title='bbox 562 3177 670 3237; x_wconf 90' lang='lat' dir='ltr'><strong>omnis</strong></span> <span class='ocrx_word' id='word_1_220' title='bbox 694 3174 805 3237; x_wconf 88' lang='lat' dir='ltr'><strong>cultus</strong></span> <span class='ocrx_word' id='word_1_221' title='bbox 828 3195 872 3236; x_wconf 88' lang='lat' dir='ltr'><strong>ex</strong></span> <span class='ocrx_word' id='word_1_222' title='bbox 894 3175 1191 3254; x_wconf 89' lang='lat' dir='ltr'><strong>repraesentativis</strong></span> 
     </span>
     <span class='ocr_line' id='line_1_28' title="bbox 56 3267 814 3350; baseline -0.004 -17"><span class='ocrx_word' id='word_1_223' title='bbox 56 3271 270 3334; x_wconf 84' lang='lat' dir='ltr'><strong>constabat.</strong></span> <span class='ocrx_word' id='word_1_224' title='bbox 317 3269 448 3333; x_wconf 88' lang='lat' dir='ltr'><strong>Dicitur</strong></span> <span class='ocrx_word' id='word_1_225' title='bbox 466 3269 556 3350; x_wconf 89' lang='lat' dir='ltr'><strong>apud</strong></span> <span class='ocrx_word' id='word_1_226' title='bbox 575 3267 814 3349; x_wconf 82' lang='lat' dir='ltr'><strong>Evangelistas</strong></span> 
     </span>
    </p>

    <p class='ocr_par' dir='ltr' id='par_1_11' title="bbox 122 3409 1192 3476">
     <span class='ocr_line' id='line_1_29' title="bbox 122 3409 1192 3476; baseline -0.003 -15"><span class='ocrx_word' id='word_1_227' title='bbox 122 3411 204 3476; x_wconf 77' lang='lat' dir='ltr'><strong>Quod</strong></span> <span class='ocrx_word' id='word_1_228' title='bbox 214 3410 339 3460; x_wconf 88' lang='lat' dir='ltr'><strong>diabolus</strong></span> <span class='ocrx_word' id='word_1_229' title='bbox 349 3411 527 3473; x_wconf 88' lang='lat' dir='ltr'><strong>assumpserit</strong></span> <span class='ocrx_word' id='word_1_230' title='bbox 535 3409 627 3474; x_wconf 90' lang='lat' dir='ltr'><strong>Jesum</strong></span> <span class='ocrx_word' id='word_1_231' title='bbox 640 3425 721 3472; x_wconf 89' lang='lat' dir='ltr'><strong>super</strong></span> <span class='ocrx_word' id='word_1_232' title='bbox 730 3420 850 3458; x_wconf 89' lang='lat' dir='ltr'><strong>montem</strong></span> <span class='ocrx_word' id='word_1_233' title='bbox 860 3410 952 3467; x_wconf 84' lang='lat' dir='ltr'><strong>altum,</strong></span> <span class='ocrx_word' id='word_1_234' title='bbox 964 3419 990 3458; x_wconf 89' lang='lat' dir='ltr'><strong>et</strong></span> <span class='ocrx_word' id='word_1_235' title='bbox 1000 3409 1192 3458; x_wconf 84' lang='lat' dir='ltr'><strong>monstraverit</strong></span> 
     </span>
    </p>
   </div>
   <div class='ocr_carea' id='block_1_11' title="bbox 207 3475 1189 3602">
    <p class='ocr_par' dir='ltr' id='par_1_12' title="bbox 207 3475 1189 3602">
     <span class='ocr_line' id='line_1_30' title="bbox 208 3475 1189 3602; baseline 0.001 -78"><span class='ocrx_word' id='word_1_236' title='bbox 208 3476 362 3590; x_wconf 53' lang='lat' dir='ltr'><strong>i⁹⁵i⁰⁰i¹i⁸</strong></span> <span class='ocrx_word' id='word_1_237' title='bbox 372 3490 455 3602; x_wconf 48' lang='lat' dir='ltr'><strong>regn?</strong></span> <span class='ocrx_word' id='word_1_238' title='bbox 465 3475 557 3524; x_wconf 88' lang='lat' dir='ltr'><strong>mundi</strong></span> <span class='ocrx_word' id='word_1_239' title='bbox 567 3485 594 3523; x_wconf 89' lang='lat' dir='ltr'><strong>et</strong></span> <span class='ocrx_word' id='word_1_240' title='bbox 606 3476 729 3537; x_wconf 85' lang='lat' dir='ltr'><strong>gloriam,</strong></span> <span class='ocrx_word' id='word_1_241' title='bbox 737 3489 769 3523; x_wconf 84' lang='lat' dir='ltr'><strong>ac</strong></span> <span class='ocrx_word' id='word_1_242' title='bbox 779 3476 924 3523; x_wconf 87' lang='lat' dir='ltr'><strong>tentaverit</strong></span> <span class='ocrx_word' id='word_1_243' title='bbox 936 3475 1026 3536; x_wconf 89' lang='lat' dir='ltr'><strong>lpsum</strong></span> <span class='ocrx_word' id='word_1_244' title='bbox 1034 3475 1071 3523; x_wconf 90' lang='lat' dir='ltr'><strong>ibi</strong></span> <span class='ocrx_word' id='word_1_245' title='bbox 1081 3476 1189 3536; x_wconf 76' lang='lat' dir='ltr'><strong>(Alani.</strong></span> 
     </span>
     <span class='ocr_line' id='line_1_31' title="bbox 207 3553 463 3600; baseline 0 -10"><span class='ocrx_word' id='word_1_246' title='bbox 207 3557 242 3591; x_wconf 82' lang='lat' dir='ltr'><strong>iv.</strong></span> <span class='ocrx_word' id='word_1_247' title='bbox 280 3557 286 3599; x_wconf 89' lang='lat'>;</span> <span class='ocrx_word' id='word_1_248' title='bbox 328 3553 437 3600; x_wconf 81' lang='lat' dir='ltr'><strong>uc.1v.5</strong></span> <span class='ocrx_word' id='word_1_249' title='bbox 458 3557 463 3590; x_wconf 93' lang='lat'>:</span> 
     </span>
    </p>
   </div>
   <div class='ocr_carea' id='block_1_12' title="bbox 61 3671 1191 4509">
    <p class='ocr_par' dir='ltr' id='par_1_13' title="bbox 61 3671 1191 4509">
     <span class='ocr_line' id='line_1_32' title="bbox 61 3671 1190 3760; baseline -0.004 -22"><span class='ocrx_word' id='word_1_250' title='bbox 61 3695 132 3760; x_wconf 84' lang='lat' dir='ltr'><strong>per</strong></span> <span class='ocrx_word' id='word_1_251' title='bbox 159 3673 227 3737; x_wconf 91' lang='lat' dir='ltr'><strong>hoc</strong></span> <span class='ocrx_word' id='word_1_252' title='bbox 254 3671 463 3755; x_wconf 86' lang='lat' dir='ltr'><strong>significatur</strong></span> <span class='ocrx_word' id='word_1_253' title='bbox 492 3672 582 3755; x_wconf 91' lang='lat' dir='ltr'><strong>quod</strong></span> <span class='ocrx_word' id='word_1_254' title='bbox 610 3671 763 3735; x_wconf 92' lang='lat' dir='ltr'><strong>diabolus</strong></span> <span class='ocrx_word' id='word_1_255' title='bbox 791 3672 976 3734; x_wconf 88' lang='lat' dir='ltr'><strong>tentaverit</strong></span> <span class='ocrx_word' id='word_1_256' title='bbox 1008 3672 1190 3735; x_wconf 91' lang='lat' dir='ltr'><strong>Dominum</strong></span> 
     </span>
     <span class='ocr_line' id='line_1_33' title="bbox 63 3765 1191 3852; baseline -0.003 -21"><span class='ocrx_word' id='word_1_257' title='bbox 63 3789 132 3852; x_wconf 85' lang='lat' dir='ltr'><strong>per</strong></span> <span class='ocrx_word' id='word_1_258' title='bbox 144 3787 298 3830; x_wconf 89' lang='lat' dir='ltr'><strong>amorem</strong></span> <span class='ocrx_word' id='word_1_259' title='bbox 309 3767 369 3840; x_wconf 94' lang='lat' dir='ltr'><strong>sui,</strong></span> <span class='ocrx_word' id='word_1_260' title='bbox 384 3766 436 3829; x_wconf 95' lang='lat' dir='ltr'><strong>hic</strong></span> <span class='ocrx_word' id='word_1_261' title='bbox 453 3768 543 3829; x_wconf 89' lang='lat' dir='ltr'><strong>enim</strong></span> <span class='ocrx_word' id='word_1_262' title='bbox 557 3765 764 3847; x_wconf 87' lang='lat' dir='ltr'><strong>significatur</strong></span> <span class='ocrx_word' id='word_1_263' title='bbox 778 3786 835 3846; x_wconf 92' lang='lat' dir='ltr'><strong>per</strong></span> <span class='ocrx_word' id='word_1_264' title='bbox 850 3772 1031 3828; x_wconf 88' lang='lat' dir='ltr'><strong>“montem</strong></span> <span class='ocrx_word' id='word_1_265' title='bbox 1044 3765 1152 3828; x_wconf 90' lang='lat' dir='ltr'><strong>altum</strong></span> <span class='ocrx_word' id='word_1_266' title='bbox 1166 3768 1191 3843; x_wconf 87' lang='lat'><strong>;”</strong></span> 
     </span>
     <span class='ocr_line' id='line_1_34' title="bbox 66 3859 1190 3941; baseline 0 -16"><span class='ocrx_word' id='word_1_267' title='bbox 66 3874 144 3925; x_wconf 89' lang='lat' dir='ltr'><strong>tres</strong></span> <span class='ocrx_word' id='word_1_268' title='bbox 164 3863 256 3925; x_wconf 90' lang='lat' dir='ltr'><strong>enim</strong></span> <span class='ocrx_word' id='word_1_269' title='bbox 273 3861 484 3923; x_wconf 86' lang='lat' dir='ltr'><strong>tentationes</strong></span> <span class='ocrx_word' id='word_1_270' title='bbox 503 3861 694 3941; x_wconf 87' lang='lat' dir='ltr'><strong>descriptae</strong></span> <span class='ocrx_word' id='word_1_271' title='bbox 714 3862 746 3921; x_wconf 94' lang='lat' dir='ltr'><strong>in</strong></span> <span class='ocrx_word' id='word_1_272' title='bbox 764 3860 828 3921; x_wconf 89' lang='lat' dir='ltr'><strong>illis</strong></span> <span class='ocrx_word' id='word_1_273' title='bbox 845 3859 927 3922; x_wconf 88' lang='lat' dir='ltr'><strong>locis</strong></span> <span class='ocrx_word' id='word_1_274' title='bbox 945 3860 1137 3940; x_wconf 85' lang='lat' dir='ltr'><strong>significant</strong></span> <span class='ocrx_word' id='word_1_275' title='bbox 1155 3873 1190 3925; x_wconf 91' lang='lat' dir='ltr'><strong>et</strong></span> 
     </span>
     <span class='ocr_line' id='line_1_35' title="bbox 67 3953 1190 4035; baseline -0.002 -16"><span class='ocrx_word' id='word_1_276' title='bbox 67 3955 253 4019; x_wconf 88' lang='lat' dir='ltr'><strong>involvunt</strong></span> <span class='ocrx_word' id='word_1_277' title='bbox 274 3974 393 4016; x_wconf 90' lang='lat' dir='ltr'><strong>omnes</strong></span> <span class='ocrx_word' id='word_1_278' title='bbox 416 3955 626 4016; x_wconf 89' lang='lat' dir='ltr'><strong>tentationes</strong></span> <span class='ocrx_word' id='word_1_279' title='bbox 645 3975 728 4035; x_wconf 91' lang='lat' dir='ltr'><strong>quas</strong></span> <span class='ocrx_word' id='word_1_280' title='bbox 753 3953 917 4015; x_wconf 90' lang='lat' dir='ltr'><strong>Dominus</strong></span> <span class='ocrx_word' id='word_1_281' title='bbox 937 3956 1095 4017; x_wconf 87' lang='lat' dir='ltr'><strong>sustinuit</strong></span> <span class='ocrx_word' id='word_1_282' title='bbox 1116 3975 1190 4017; x_wconf 93' lang='lat' dir='ltr'><strong>curn</strong></span> 
     </span>
     <span class='ocr_line' id='line_1_36' title="bbox 71 4048 1191 4129; baseline -0.002 -17"><span class='ocrx_word' id='word_1_283' title='bbox 71 4051 106 4113; x_wconf 89' lang='lat' dir='ltr'><strong>in</strong></span> <span class='ocrx_word' id='word_1_284' title='bbox 126 4050 257 4112; x_wconf 91' lang='lat' dir='ltr'><strong>mundo</strong></span> <span class='ocrx_word' id='word_1_285' title='bbox 275 4048 355 4125; x_wconf 83' lang='lat' dir='ltr'><strong>iuit;</strong></span> <span class='ocrx_word' id='word_1_286' title='bbox 381 4048 546 4110; x_wconf 88' lang='lat' dir='ltr'><strong>Dominus</strong></span> <span class='ocrx_word' id='word_1_287' title='bbox 569 4050 657 4109; x_wconf 90' lang='lat' dir='ltr'><strong>enim</strong></span> <span class='ocrx_word' id='word_1_288' title='bbox 682 4068 741 4129; x_wconf 89' lang='lat' dir='ltr'><strong>per</strong></span> <span class='ocrx_word' id='word_1_289' title='bbox 760 4050 971 4110; x_wconf 89' lang='lat' dir='ltr'><strong>tentationes</strong></span> <span class='ocrx_word' id='word_1_290' title='bbox 990 4049 1033 4110; x_wconf 90' lang='lat' dir='ltr'><strong>ab</strong></span> <span class='ocrx_word' id='word_1_291' title='bbox 1056 4048 1191 4111; x_wconf 83' lang='lat' dir='ltr'><strong>infernis</strong></span> 
     </span>
     <span class='ocr_line' id='line_1_37' title="bbox 73 4140 1189 4224; baseline -0.001 -18"><span class='ocrx_word' id='word_1_292' title='bbox 73 4146 106 4206; x_wconf 90' lang='lat' dir='ltr'><strong>in</strong></span> <span class='ocrx_word' id='word_1_293' title='bbox 133 4144 178 4209; x_wconf 87' lang='lat' dir='ltr'><strong>Se</strong></span> <span class='ocrx_word' id='word_1_294' title='bbox 205 4143 385 4217; x_wconf 87' lang='lat' dir='ltr'><strong>admissas,</strong></span> <span class='ocrx_word' id='word_1_295' title='bbox 405 4152 440 4205; x_wconf 92' lang='lat' dir='ltr'><strong>et</strong></span> <span class='ocrx_word' id='word_1_296' title='bbox 468 4162 527 4223; x_wconf 90' lang='lat' dir='ltr'><strong>per</strong></span> <span class='ocrx_word' id='word_1_297' title='bbox 549 4140 707 4204; x_wconf 73' lang='lat' dir='ltr'><strong>victorias</strong></span> <span class='ocrx_word' id='word_1_298' title='bbox 738 4152 829 4215; x_wconf 90' lang='lat' dir='ltr'><strong>tunc,</strong></span> <span class='ocrx_word' id='word_1_299' title='bbox 854 4143 985 4224; x_wconf 87' lang='lat' dir='ltr'><strong>redegit</strong></span> <span class='ocrx_word' id='word_1_300' title='bbox 1014 4145 1127 4205; x_wconf 87' lang='lat' dir='ltr'><strong>omnia</strong></span> <span class='ocrx_word' id='word_1_301' title='bbox 1157 4145 1189 4205; x_wconf 90' lang='lat' dir='ltr'><strong>in</strong></span> 
     </span>
     <span class='ocr_line' id='line_1_38' title="bbox 73 4236 1189 4319; baseline 0.001 -19"><span class='ocrx_word' id='word_1_302' title='bbox 73 4239 210 4302; x_wconf 81' lang='lat' dir='ltr'><strong>infernis</strong></span> <span class='ocrx_word' id='word_1_303' title='bbox 224 4239 257 4300; x_wconf 92' lang='lat' dir='ltr'><strong>in</strong></span> <span class='ocrx_word' id='word_1_304' title='bbox 277 4236 440 4308; x_wconf 87' lang='lat' dir='ltr'><strong>ordinem,</strong></span> <span class='ocrx_word' id='word_1_305' title='bbox 459 4247 494 4300; x_wconf 91' lang='lat' dir='ltr'><strong>et</strong></span> <span class='ocrx_word' id='word_1_306' title='bbox 510 4258 643 4319; x_wconf 90' lang='lat' dir='ltr'><strong>quoque</strong></span> <span class='ocrx_word' id='word_1_307' title='bbox 658 4236 852 4298; x_wconf 90' lang='lat' dir='ltr'><strong>Humanum</strong></span> <span class='ocrx_word' id='word_1_308' title='bbox 866 4258 960 4299; x_wconf 86' lang='lat' dir='ltr'><strong>suurn</strong></span> <span class='ocrx_word' id='word_1_309' title='bbox 974 4237 1189 4318; x_wconf 86' lang='lat' dir='ltr'><strong>glorificavit,</strong></span> 
     </span>
     <span class='ocr_line' id='line_1_39' title="bbox 73 4330 1190 4412; baseline 0 -18"><span class='ocrx_word' id='word_1_310' title='bbox 73 4332 135 4397; x_wconf 93' lang='lat' dir='ltr'><strong>hoc</strong></span> <span class='ocrx_word' id='word_1_311' title='bbox 155 4343 222 4406; x_wconf 89' lang='lat' dir='ltr'><strong>est,</strong></span> <span class='ocrx_word' id='word_1_312' title='bbox 245 4331 404 4394; x_wconf 90' lang='lat' dir='ltr'><strong>Divinum</strong></span> <span class='ocrx_word' id='word_1_313' title='bbox 423 4331 512 4394; x_wconf 88' lang='lat' dir='ltr'><strong>iecit.</strong></span> <span class='ocrx_word' id='word_1_314' title='bbox 559 4330 660 4412; x_wconf 86' lang='lat' dir='ltr'><strong>Quod</strong></span> <span class='ocrx_word' id='word_1_315' title='bbox 683 4351 801 4393; x_wconf 91' lang='lat' dir='ltr'><strong>omnes</strong></span> <span class='ocrx_word' id='word_1_316' title='bbox 823 4334 1032 4394; x_wconf 89' lang='lat' dir='ltr'><strong>tentationes</strong></span> <span class='ocrx_word' id='word_1_317' title='bbox 1054 4332 1190 4394; x_wconf 88' lang='lat' dir='ltr'><strong>Domini</strong></span> 
     </span>
     <span class='ocr_line' id='line_1_40' title="bbox 74 4425 1189 4509; baseline -0.002 -19"><span class='ocrx_word' id='word_1_318' title='bbox 74 4436 141 4490; x_wconf 88' lang='lat' dir='ltr'><strong>tam</strong></span> <span class='ocrx_word' id='word_1_319' title='bbox 163 4427 282 4509; x_wconf 91' lang='lat' dir='ltr'><strong>paucis</strong></span> <span class='ocrx_word' id='word_1_320' title='bbox 301 4425 493 4506; x_wconf 89' lang='lat' dir='ltr'><strong>descriptae</strong></span> <span class='ocrx_word' id='word_1_321' title='bbox 509 4425 642 4500; x_wconf 87' lang='lat' dir='ltr'><strong>suerint,</strong></span> <span class='ocrx_word' id='word_1_322' title='bbox 656 4435 708 4487; x_wconf 91' lang='lat' dir='ltr'><strong>est</strong></span> <span class='ocrx_word' id='word_1_323' title='bbox 729 4426 804 4506; x_wconf 88' lang='lat' dir='ltr'><strong>quia</strong></span> <span class='ocrx_word' id='word_1_324' title='bbox 824 4446 891 4487; x_wconf 93' lang='lat' dir='ltr'><strong>non</strong></span> <span class='ocrx_word' id='word_1_325' title='bbox 911 4426 1009 4488; x_wconf 89' lang='lat' dir='ltr'><strong>aliter</strong></span> <span class='ocrx_word' id='word_1_326' title='bbox 1026 4426 1189 4488; x_wconf 88' lang='lat' dir='ltr'><strong>revelavit</strong></span> 
     </span>
    </p>
   </div>
   <div class='ocr_carea' id='block_1_13' title="bbox 0 0 1362 4986">
    <p class='ocr_par' dir='ltr' id='par_1_14' title="bbox 0 0 1362 4986">
     <span class='ocr_line' id='line_1_41' title="bbox 0 0 1362 4986; baseline 0 0"><span class='ocrx_word' id='word_1_327' title='bbox 0 0 1362 4986; x_wconf 95' lang='lat' dir='ltr'><strong> </strong></span> 
     </span>
    </p>
   </div>
  </div>
 </body>
</html>
