2716 4986
422 484 503 535 cra
519 485 594 547 vn..
611 485 715 536 vans.
737 471 863 536 16.—n.
878 474 951 552 481.
1164 484 1244 553 1197

122 653 279 716 convivia
297 673 423 727 eorum,
444 654 606 716 inebriare
626 664 660 717 et
679 653 864 730 exultare,”
883 652 1050 736 significat
1069 674 1113 717 ex
1134 651 1245 716 falsifi-

121 749 312 811 cationibus
335 749 480 811 insanire
503 750 535 810 in
560 759 718 811 extremo
740 749 869 830 gradu;
899 749 1082 812 “convivia
1105 746 1245 811 eorum”

121 842 314 922 significant
334 842 600 906 adulterationes
619 842 699 906 boni
717 853 753 906 et
769 843 848 918 veri,
867 842 1072 905 “inebriatio
1090 852 1125 905 et
1145 839 1245 904 exul·

121 938 208 998 tatio
218 936 233 958 '’
251 935 443 1016 significant
467 937 614 999 insanias
637 938 669 999 in
693 955 824 998 summo
847 936 953 1017 gradu
973 957 1030 998 seu
1050 945 1243 997 extremas:

122 1030 298 1092 “dormire
314 1050 467 1093 somnum
486 1032 610 1093 saeculi
630 1041 665 1094 et
684 1051 752 1093 non
771 1030 930 1112 evigilare
939 1029 954 1054 ”
970 1028 1137 1110 significat
1153 1029 1243 1111 quod

120 1125 154 1186 in
174 1134 351 1188 aeternum
372 1145 439 1187 non
459 1127 649 1207 percepturi
668 1146 757 1188 vera.
802 1123 904 1207 Apud
923 1124 1120 1199 Hominum,

173 1267 303 1317 “Omnes
312 1278 435 1317 aestuant
446 1268 514 1317 sicut
522 1268 651 1326 clibanus,
664 1277 690 1317 et
699 1268 843 1317 comedunt
854 1267 955 1330 judices
965 1280 1028 1316 suos
1039 1280 1045 1325 ς
1062 1280 1157 1315 omnes
1167 1279 1244 1328 reges

254 1348 347 1381 eorum
360 1335 467 1391 cadunt,
483 1349 538 1382 non
550 1335 669 1383 clamans
682 1334 752 1383 inter
762 1348 810 1382 eos
823 1335 856 1382 ad
870 1333 937 1382 Me’'
949 1333 1004 1394 (vii.
1017 1332 1056 1394 7):

120 1472 307 1530 “aestuare
327 1468 412 1530 sicut
429 1466 603 1530 clibanus''
620 1466 787 1549 significat
804 1467 1041 1547 concupiscere
1059 1464 1177 1527 salsum
1198 1485 1242 1527 ex

119 1579 235 1623 amore
246 1560 315 1641 ejus
327 1582 334 1638 ;
352 1562 561 1624 “comedere
571 1560 709 1641 judices,
722 1579 840 1623 omnes
853 1580 952 1641 reges
962 1579 1076 1623 eorum
1087 1558 1244 1632 cadunt,'’

119 1654 288 1737 significat
316 1657 455 1738 perdere
487 1676 621 1718 omnem
652 1655 925 1736 intelligentiam,
950 1654 1134 1734 deperditis
1156 1654 1243 1716 veris

119 1770 206 1832 quae
228 1749 354 1813 faciunt
377 1749 494 1827 illam;
523 1748 704 1831 “judices’'
727 1748 918 1830 significant
941 1748 1184 1829 intelligentes
1208 1758 1243 1811 et

119 1844 152 1905 in
173 1863 273 1905 sensu
292 1840 465 1907 abstradto
484 1843 541 1905 illa
560 1864 644 1925 quae
665 1843 910 1923 intelligentiae
930 1852 1018 1916 sunt,
1036 1861 1074 1904 ac
1093 1841 1243 1923 “reges''

120 1935 313 2019 significant
332 1957 431 2000 vera:
457 1944 552 1999 “non
570 1937 720 2000 clamans
740 1938 901 1999 intereos
920 1937 961 1998 ad
979 1936 1036 1998 Me
1044 1936 1058 1959 '¹
1075 1933 1242 2016 significat

120 2032 212 2115 quod
232 2052 332 2096 nemo
351 2043 445 2096 curet
465 2054 543 2095 vera
562 2053 605 2095 ex
627 2032 761 2095 Divino.
806 2031 909 2114 Apud
927 2031 1082 2107 Hiabum,

171 2174 261 2302 “Non
275 2176 384 2289 respicgt
398 2176 468 2302 vi3m
484 2176 639 2235 vinearum
657 2175 763 2225 siccitas
778 2185 805 2225 et
821 2186 912 2225 aestus
930 2175 1033 2238 rapient
1050 2189 1133 2238 aquas
1151 2174 1243 2225 nivis”

262 2254 358 2290 xxrv.1
381 2279 386 2298 ‚
401 2254 431 2303 19
451 2259 456 2291 :

121 2377 222 2436 “non
241 2373 408 2454 respicere
424 2375 512 2435 viam
529 2374 701 2435 vinearum
710 2372 726 2397 ’⁹
742 2371 908 2453 significat
928 2371 1019 2435 nihili
1038 2373 1147 2436 facere
1163 2393 1242 2436 vera

121 2465 304 2529 ecclesiae:
327 2469 490 2529 “siccitas
506 2478 540 2529 et
557 2477 672 2529 aestus
689 2468 820 2547 rapient
833 2487 937 2548 aquas
954 2466 1241 2548 nivis’'signif1cat

120 2560 210 2643 quod
228 2558 378 2623 delectus
394 2563 462 2624 veri
479 2571 513 2624 et
530 2562 607 2622 inde
625 2561 898 2641 concupiscentia
913 2561 956 2623 ad
973 2561 1092 2623 falsum
1105 2562 1239 2625 destru-

119 2665 178 2718 ent
195 2656 308 2717 omnia
324 2676 404 2717 vera
423 2656 589 2735 genuina;
614 2661 750 2735 “aquae
767 2654 874 2717 nivis’'
890 2665 968 2719 sunt
987 2675 1067 2717 vera
1083 2657 1241 2736 genuina.

120 2746 224 2830 Apud
243 2746 395 2822 Esaiam,

170 2895 276 2945 “Dicet
290 2892 395 2951 vinetis,
412 2894 503 2952 Exite;
521 2895 560 2943 eis
575 2895 620 2958 qui
636 2894 663 2942 in
678 2895 803 2953 tenebris,
820 2895 1003 2953 Revelamini;
1021 2909 1102 2958 super
1116 2895 1166 2944 viis
1181 2910 1241 2958 pas·

252 2970 321 3016 cent,
341 2969 368 3008 et
389 2960 415 3007 in
434 2960 559 3008 omnibus
577 2959 654 3008 clivis
672 2974 798 3022 pascuum
817 2975 925 3017 eorum;
947 2975 1001 3009 non
1019 2961 1137 3009 esurient
1155 2975 1241 3023 neque

251 3027 350 3082 sitient,
364 3040 449 3087 neque
462 3026 591 3087 percutiet
603 3038 651 3073 eos
663 3035 753 3073 aestus
765 3036 810 3073 aut
822 3026 872 3083 sol,
885 3040 947 3074 nam
960 3027 1136 3075 miserescens
1147 3040 1241 3074 eorum

251 3091 329 3140 ducet
343 3105 400 3147 eos,
415 3092 452 3139 ita
466 3100 494 3139 ut
508 3091 588 3138 etiam
603 3092 637 3138 ad
652 3089 741 3138 lontes
754 3105 881 3153 aquarum
896 3089 1022 3140 ducturus
1036 3092 1070 3140 sit
1085 3090 1153 3140 e0s”
1165 3091 1239 3152 (xlix.

251 3171 274 3218 9,
287 3155 341 3217 10):

119 3288 197 3371 quid
224 3287 307 3350 haec
332 3284 534 3367 significant,
559 3285 757 3367 singillatim
782 3306 954 3367 exponere
978 3307 1045 3349 non
1069 3308 1152 3368 opus
1175 3297 1239 3362 est,

119 3384 277 3465 quoniam
296 3381 416 3443 similia
432 3392 511 3443 sunt
531 3401 605 3443 cum
625 3381 676 3443 his
692 3401 778 3462 quae
798 3401 885 3443 nunc
905 3382 937 3444 in
954 3380 1161 3462 Apocalypsi
1176 3403 1240 3445 ex·

120 3477 305 3559 plicantur:
337 3476 457 3537 dicitur
480 3475 544 3549 hic,
566 3474 675 3536 “Non
699 3475 847 3536 esurient
870 3475 1014 3555 amplius
1038 3494 1099 3538 nec
1124 3476 1240 3539 sitient

119 3570 273 3652 amplius,
298 3590 405 3651 neque
433 3570 533 3632 cadet
561 3589 661 3649 super
683 3569 759 3631 illos
783 3569 845 3642 sol,
871 3590 979 3651 neque
1003 3569 1089 3632 ullus
1111 3580 1236 3644 aestus,

119 3666 277 3748 quoniam
306 3664 427 3744 Agnus
455 3674 572 3744 pascet
599 3684 669 3737 eos,
697 3674 731 3725 et
760 3663 905 3726 deducet
933 3665 975 3726 ad
1004 3664 1098 3726 vivos
1128 3665 1239 3727 fontes

118 3779 277 3841 aquarum
291 3758 316 3834 ;”
340 3759 422 3820 haec
440 3759 472 3818 in
490 3757 697 3838 Apocalypsi
709 3754 800 3819 dieta
816 3768 894 3821 sunt
911 3759 953 3820 de
970 3758 1128 3830 Domino,
1147 3760 1239 3821 simi-

118 3852 195 3916 liter
208 3853 296 3932 apud
312 3850 540 3931 proplietam·
564 3871 623 3932 per
637 3857 656 3882 “
667 3848 798 3913 vinctos
806 3851 821 3874 ”
833 3852 952 3932 quibus
968 3851 1058 3914 dicet
1076 3852 1240 3926 “Exite,''

118 3957 223 4027 etper
235 3947 387 4027 “eosqui
401 3947 432 4006 in
447 3945 595 4007 tenebris
604 3945 746 4026 ”quibus
760 3944 850 4008 dicet
861 3951 879 3976 ‘⁴
890 3944 1240 4025 Revelamini,’'signi·

118 4038 260 4103 ficantur
286 4042 389 4102 etiam
417 4050 550 4120 gentes,
577 4060 662 4121 quae
690 4041 721 4100 in
753 4041 843 4102 bono
869 4040 1025 4102 vixerunt
1053 4041 1238 4103 secundum

117 4135 315 4215 religionem
335 4153 441 4206 suam,
461 4144 495 4197 et
515 4154 618 4215 usque
642 4135 675 4195 in
698 4133 789 4196 salsis
811 4154 856 4196 ex
879 4134 1071 4215 ignorantia
1092 4134 1236 4210 luerunt,

118 4231 172 4311 qui
185 4236 204 4260 ⁸·
213 4225 315 4290 vincli
324 4227 338 4250 ”
347 4227 502 4290 dicuntur
511 4228 646 4309 quando
659 4229 691 4290 in
703 4229 963 4306 tentationibus;
980 4239 1014 4291 et
1024 4234 1043 4261 ‘⁶
1053 4229 1213 4292 tenebrae
1222 4228 1238 4252 ''

118 4332 196 4385 sunt
213 4321 296 4384 falsa
311 4342 356 4384 ex
373 4322 563 4402 ignorantia
577 4343 583 4398 ;
608 4321 697 4404 quod
713 4328 855 4385 “aestus
871 4321 946 4384 illos
963 4342 1029 4384 non
1047 4323 1212 4404 percutiet
1222 4321 1239 4347 ’⁹

117 4415 284 4498 significat
307 4418 396 4498 quod
424 4436 491 4480 non
515 4415 638 4481 afficiet
661 4438 719 4480 eos
742 4416 861 4480 falsum
885 4438 929 4481 ex
953 4418 1235 4499 concupiscentia.
