2716 4986
124 462 204 540 1246
433 469 684 524 APOCALYPSIS
707 469 935 520 EXPLlCATA.

117 640 221 724 Apud
238 641 395 714 eundem,

168 773 299 823 “Domus
307 771 461 823 sanctitatis
472 783 573 832 nostra,
583 783 609 823 et
619 774 700 822 decus
710 781 844 832 nostrum,
854 772 900 822 ubi
910 771 1095 823 laudaverunt
1102 771 1142 822 Te
1151 780 1228 836 patres

248 840 343 896 nostri,
358 835 430 887 iana
442 849 484 888 est
496 839 523 888 in
537 839 693 888 incendium
705 838 785 901 ignis.
797 848 824 888 et
837 839 932 888 omnia
944 838 1139 888 desiderabilia
1149 846 1230 888 nom

247 902 396 953 factasunt
408 904 435 953 in
448 905 604 953 vastitatem
613 903 627 923 '⁹
639 904 713 964 (lxiv.
727 917 759 953 10
771 901 817 969 [B.
827 905 862 955 A.
876 901 946 969 ull:

118 1038 268 1102 “domus
287 1035 480 1102 sanctitatis
488 1037 503 1062 ”
522 1047 557 1101 et
577 1037 731 1100 “decus”
747 1034 943 1118 significant
962 1036 1147 1101 ecclesiam
1164 1056 1232 1099 cae·

117 1130 240 1195 lestem
252 1142 286 1194 et
298 1130 507 1212 spiritualem
521 1152 528 1208 ;
543 1131 693 1193 “domus
704 1128 1233 1194 sanititatis”ecclesiamcaeles·

117 1237 200 1300 tem,
218 1235 252 1289 et
273 1226 405 1289 “decus
414 1225 428 1248 ”
447 1224 628 1288 ecclesiam
651 1224 880 1307 spiritualem:
907 1225 994 1287 “ubi
1018 1224 1234 1287 laudaverunt

117 1319 168 1383 Te
196 1330 311 1403 patres
335 1321 443 1383 nostri
453 1319 467 1342 ”
491 1318 660 1400 significat
684 1320 813 1383 cultum
840 1319 1017 1402 Antiquae
1046 1318 1233 1394 Ecclesiae;

119 1416 286 1478 “laudare
295 1414 310 1437 ”
333 1413 503 1495 significat
526 1414 649 1489 colere,
671 1424 706 1477 et
732 1412 899 1496 “patres‘’
919 1413 997 1476 illos
1020 1415 1077 1496 qui
1102 1413 1145 1476 ab
1167 1411 1234 1475 An·

118 1510 213 1591 tiqua
236 1508 412 1571 Ecclesia:
447 1504 563 1570 “sacta
585 1518 638 1571 est
662 1509 696 1570 in
719 1508 912 1572 incendium
936 1508 1025 1589 ignis
1035 1507 1052 1531 ’'
1074 1505 1234 1588 significat

117 1603 207 1685 quod
227 1603 341 1665 omnia
361 1602 450 1664 bona
467 1601 554 1664 illius
574 1601 740 1665 ecclesiae
757 1623 854 1665 versa
870 1603 939 1665 sint
959 1603 993 1664 in
1011 1601 1115 1675 mala,
1133 1622 1153 1664 a
1170 1599 1234 1683 qui·

118 1695 180 1759 bus
199 1695 288 1759 bona
305 1706 510 1777 consumpta
525 1706 604 1759 sunt
623 1706 658 1760 et
678 1697 868 1779 perierunt:
896 1702 961 1759 “et
976 1697 1094 1759 omnia
1109 1695 1235 1761 deside·

118 1791 235 1854 rabilia
266 1801 385 1854 nostra
411 1788 500 1854 lacta
534 1801 612 1854 sunt
643 1792 677 1853 in
704 1790 930 1855 vastitatem”
956 1789 1129 1872 significat
1153 1787 1235 1872 quod

119 1885 274 1949 similiter
292 1886 407 1948 omnia
425 1906 525 1963 vera3
552 1886 817 1949 “desiderabilia
825 1885 840 1910 ”
858 1886 893 1949 in
909 1884 1028 1949 Verbo
1048 1883 1235 1967 significant

118 2001 199 2044 vera
217 1979 392 2044 ecclesiae.
439 1979 545 2062 Apud
564 1981 722 2055 eundem,

170 2123 278 2174 “Eritis
291 2125 361 2173 sicut
373 2139 489 2187 quercus
502 2123 634 2185 dejiciens
646 2124 713 2173 iolla
725 2139 782 2182 sua,
794 2133 821 2174 et
832 2124 902 2173 sicut
913 2124 1010 2173 hortus
1019 2124 1063 2172 cui
1075 2137 1161 2187 oquae
1171 2133 1235 2178 non;

248 2190 339 2239 eterit
352 2192 479 2238 robustus
494 2189 521 2238 in
535 2201 668 2252 stuppam.
683 2198 710 2238 et
724 2204 794 2252 opus
805 2191 865 2252 ejus
876 2189 905 2238 in
920 2189 1077 2248 scintillam,
1090 2199 1121 2239 ut
1135 2189 1235 2238 combu-

249 2265 344 2305 rantur
355 2257 438 2304 ambo
451 2255 542 2313 simul,
557 2269 607 2304 nec
619 2256 799 2318 exstinguens
808 2255 822 2273 ”
833 2255 861 2315 (i.
874 2267 914 2316 30,
927 2255 984 2318 31):

119 2414 178 2476 per
210 2394 422 2476 “quercum''
447 2393 657 2475 significatur
688 2394 854 2457 naturalis
880 2393 998 2468 homo,
1027 2413 1088 2476 per
1112 2389 1235 2457 “solia”

118 2488 305 2552 scientifica
329 2499 364 2552 et
387 2491 603 2570 cognitiones
627 2488 696 2551 veri
719 2488 784 2564 ibi;
812 2508 871 2570 per
896 2487 1091 2551 “hortum'’
1113 2485 1234 2570 signifi·

117 2594 214 2645 catur
230 2584 406 2647 rationalis
423 2584 546 2659 hom0;
571 2584 649 2646 inde
666 2604 725 2664 per
743 2581 877 2646 “Eritis
894 2583 982 2645 sicut
998 2602 1143 2665 quercus
1158 2580 1234 2664 deji-

118 2678 211 2740 ciens
228 2677 317 2750 solia,
332 2689 367 2741 et
387 2680 473 2740 sicut
490 2678 609 2741 hortus
627 2679 679 2740 cui
692 2698 800 2759 aquae
817 2674 916 2740 non.”
925 2675 1139 2757 significatur
1151 2675 1234 2759 quod

117 2772 262 2853 amplius
281 2793 349 2834 non
368 2772 591 2835 scientificum
607 2791 736 2842 verum,
754 2791 816 2834 nec
836 2771 1004 2834 rationale
1021 2790 1158 2833 verum:
1182 2789 1235 2853 per

119 2872 138 2897 “
149 2867 347 2930 robustum”
364 2878 399 2930 et
418 2866 517 2948 “ejus
534 2887 619 2949 opus
627 2866 642 2889 ”
657 2864 867 2946 significatur
883 2866 915 2928 id
933 2865 1024 2947 quod
1041 2886 1087 2927 ex
1105 2866 1234 2947 propria

116 2961 345 3042 intelligentia
369 2961 581 3037 excluditur3
618 2961 806 3022 “robustus
817 2957 832 2983 ”
855 2960 888 3020 in
912 2959 1031 3021 Verbo
1059 2958 1234 3042 aliquoties

117 3055 239 3118 dicitur
258 3058 312 3138 qui
333 3056 395 3117 sibi
413 3076 560 3137 suaeque
579 3053 829 3134 intelligentiae
848 3052 943 3126 fidet,
964 3054 1074 3116 credit
1094 3055 1183 3116 enim
1202 3072 1234 3115 sc

117 3152 313 3227 robustum;
342 3162 377 3213 et
399 3157 512 3233 “opus
535 3149 635 3229 ejus,''
654 3149 744 3231 quod
767 3149 845 3211 inde
869 3148 1084 3210 excluditur:
1109 3160 1144 3211 et
1164 3149 1234 3230 quia

118 3248 289 3327 proprium
313 3246 460 3308 hominis
484 3245 596 3307 haurit
619 3263 721 3306 omne
744 3242 871 3304 malum
899 3252 935 3304 et
964 3241 1097 3314 salsum,
1122 3253 1158 3306 et
1180 3259 1234 3324 per

118 3340 176 3403 illa
194 3340 339 3402 destruit
359 3359 460 3402 omne
480 3339 605 3401 bonum
626 3347 661 3399 et
678 3356 804 3409 verum,
822 3336 900 3399 ideo
918 3336 1042 3399 dicitur
1060 3335 1166 3399 “Erit
1184 3355 1233 3398 ro·

118 3435 236 3497 bustus
253 3437 285 3496 in
303 3444 473 3516 stuppam,
492 3453 575 3514 opus
592 3430 662 3512 ejus
678 3431 712 3492 in
729 3430 924 3502 scintillam,
942 3441 978 3493 et
998 3431 1235 3493 comburentur

118 3530 219 3593 ambo
239 3528 336 3591 simul
350 3528 376 3605 ;''
405 3530 511 3610 perire
531 3548 574 3589 ex
595 3525 687 3588 salsis
706 3524 787 3588 mali
806 3523 1017 3607 significatur
1036 3545 1096 3606 per
1117 3531 1234 3588 “com-

117 3622 217 3687 buri''
263 3623 367 3704 Apud
386 3621 600 3694 Bacchidem,

169 3770 186 3791 ‘⁴
196 3767 284 3816 Mater
297 3777 342 3815 tua
355 3767 424 3816 sicut
437 3767 498 3814 vitis
501 3803 571 3822 .....
578 3779 649 3813 nunc
663 3765 785 3826 plantata
798 3773 840 3812 cst
855 3763 881 3811 in
897 3764 1014 3819 deserto.
1030 3763 1058 3812 in
1074 3772 1147 3813 terra
1160 3762 1235 3812 aridi·

248 3833 311 3882 tatis
324 3844 351 3881 ec
362 3833 436 3888 sitis;
454 3832 537 3880 exivit
550 3831 622 3893 ignis
634 3845 667 3879 ex
680 3831 757 3892 virga
772 3843 909 3878 ramorum
921 3829 990 3890 ejus,
1004 3829 1126 3879 comedit
1140 3829 1201 3878 illos
1211 3837 1235 3877 et

248 3896 366 3948 irudlum
379 3899 438 3961 ejus
446 3897 459 3916 ¹·
472 3897 536 3959 (xix.
550 3910 588 3955 10,
601 3896 705 3957 12-14);

118 4060 177 4122 per
195 4038 392 4101 “matrem'’
407 4058 494 4120 quae
512 4038 628 4098 “sicut
645 4035 753 4109 vitis,''
765 4033 975 4117 significatur
988 4033 1148 4099 Ecclesia
1163 4035 1235 4098 An·

119 4136 223 4216 tiqua‚
238 4155 323 4216 quae
337 4135 369 4195 in
390 4133 480 4194 bono
493 4133 584 4194 vitae
597 4139 632 4193 et
645 4130 723 4193 inde
737 4132 769 4192 in
783 4131 870 4193 veris
883 4129 963 4192 fuit:
988 4130 1080 4211 quod
1093 4129 1235 4194 ecclesia

118 4247 207 4291 nunc
231 4229 357 4309 absque
381 4228 479 4289 bonis
502 4236 537 4289 et
561 4225 648 4287 veris
672 4225 726 4297 sit,
751 4222 960 4304 significatur
983 4243 1044 4305 per
1066 4225 1159 4307 quod
1181 4223 1236 4287 illa

120 4329 236 4384 “nunc
261 4322 417 4403 plantata
434 4322 477 4383 sit
497 4321 529 4381 in
554 4320 702 4391 deserte,
723 4319 756 4379 in
776 4327 865 4379 terra
882 4318 1053 4380 ariditatis
1072 4328 1109 4381 et
1128 4319 1200 4381 sitis
1212 4315 1235 4395 ;”

33 4418 37 4426 “
121 4424 239 4480 “terra
263 4416 454 4480 ariditatis”
478 4425 531 4479 est
555 4414 699 4478 ecclesia
723 4413 778 4475 ubi
802 4431 869 4474 non
893 4412 1031 4488 bonum,
1057 4423 1094 4477 et
1121 4420 1235 4478 “terra
