2684 4988
108 463 173 547 996
418 474 670 526 nrocauuesrs
693 474 920 524 uxamensi.

109 645 200 707 bono
219 652 308 717 sunt,
324 652 359 706 et
378 639 548 706 abstracte
567 662 647 705 vera
665 615 792 723 abique
811 643 914 713 bono,
935 661 1020 723 quae
1038 640 1067 703 in
1083 661 1113 703 se
1125 637 1179 702 falsa
1216 632 1218 643 '

48 753 54 764 ’
109 744 190 797 sunt
212 749 249 808 (ur
263 750 441 807 supradictum
455 754 522 808 orm
548 743 584 795 et
606 753 668 814 per
691 732 925 795 “obfirmatos
947 731 1073 795 corde”
1091 726 1181 812 signif

108 835 229 888 cantur
247 825 293 887 illi
312 827 367 906 qui
391 844 458 887 non
478 824 664 886 admittunt
688 825 826 897 bonum,
848 824 990 905 proinde
1009 824 1062 905 qui
1082 824 1110 885 in
1123 819 1184 884 malo

108 929 198 991 sunt,
212 938 289 980 nam
303 918 427 979 malum
441 919 545 980 intrat
558 917 613 978 ubi
626 917 751 979 bonum
765 937 832 979 non
847 928 961 997 potest
976 938 983 993 ;
1006 915 1185 979 “cor'’etiam

108 1013 141 1072 in
169 1009 285 1073 Verbo
313 1008 481 1092 significat
507 1010 633 1072 bonum
660 1010 795 1084 amoris,
819 1029 858 1072 ac
884 1017 972 1072 “cor
995 1002 1187 1072 obfirmatum*

109 1102 275 1185 significat
295 1103 402 1166 simile
421 1102 512 1184 quod
532 1108 618 1165 “cor
641 1102 842 1184 lapideum,”
861 1122 984 1182 nempe
1004 1103 1057 1164 ubi
1078 1121 1134 1165 non
1148 1096 1187 1162 ad·

109 1198 255 1259 mittitur
277 1197 402 1258 bonum
422 1197 565 1272 amoris;
588 1205 625 1258 at
645 1201 731 1259 “cor
750 1195 935 1259 carneum”
954 1196 1010 1257 ubi
1031 1194 1188 1258 admittitur.

109 1288 213 1370 Apud
231 1288 384 1361 Esaiam,

161 1421 291 1483 “Lingua
302 1436 395 1470 eorum
408 1431 435 1471 et
447 1436 530 1484 opera
541 1436 634 1470 eorum
647 1430 742 1470 contra
752 1420 894 1486 Jehovam,
905 1422 940 1470 ad
953 1421 1126 1471 rebellandum
1134 1416 1190 1468 orat

238 1488 345 1616 floriac.
360 1487 465 1549 Ipsius:
490 1486 642 1536 obfirmatio
659 1487 799 1536 facierum.
810 1487 969 1549 ,respondet
986 1499 1078 1536 contra
1092 1500 1131 1536 eor
1136 1483 1189 1544 ”rit

254 1548 344 1615 ⁸1⁹)-

109 1686 169 1748 per
182 1666 382 1747 “linguam’'
395 1677 429 1729 et
447 1686 505 1747 per
519 1671 651 1747 “opera
666 1665 811 1739 eorum,”
823 1686 909 1747 quae
922 1677 1042 1728 contra
1053 1665 1190 1746 Jehoram

109 1758 317 1842 significatur
336 1761 501 1840 cogitatio
523 1771 558 1822 et
578 1756 731 1836 affectio;
755 1779 814 1841 per
834 1759 1014 1840 “linguam
1022 1759 1037 1782 ”
1055 1756 1190 1840 cogitatio,

110 1855 187 1936 quia
210 1854 324 1934 lingua
347 1854 514 1935 eloquitur
537 1853 627 1935 quod
652 1853 754 1915 homo
776 1854 919 1933 cogitat,
939 1862 976 1916 et
999 1873 1058 1933 per
1075 1844 1191 1932 “opera'

111 1943 254 2021 affectio,
278 1948 355 2028 quia
382 1946 484 2009 homo
510 1945 590 2009 facit
617 1946 708 2029 quod
735 1956 787 2009 est
815 1943 1002 2008 affectionis
1027 1945 1109 2027 ejus:
1133 1943 1190 2005 hart

112 2045 259 2103 “contra
277 2040 440 2120 Jehovam
465 2049 554 2112 sunt,
575 2047 610 2101 et
634 2039 802 2102 rebellant
821 2040 928 2101 oculis
946 2040 1072 2119 gloriae
1091 2030 1191 2117 Ipsius:

111 2134 247 2214 quando
263 2144 383 2196 contra
403 2133 561 2194 Divinum
582 2132 713 2195 Bonum
732 2143 768 2195 et
787 2144 907 2195 contra
927 2132 1083 2194 Divinum
1099 2129 1190 2192 Verum

111 2238 209 2303 sunt;
234 2247 293 2307 per
313 2225 527 2306 “Jehovam”
546 2227 636 2289 enim
659 2227 693 2288 in
712 2224 830 2288 Verbo
848 2226 1048 2306 intelligitur
1066 2223 1191 2287 Dominus

110 2320 222 2401 quoad
241 2319 396 2381 Divinum
416 2319 546 2382 Bonum
565 2320 752 2399 procedens
768 2340 811 2381 ex
830 2319 954 2380 Divino
967 2319 1091 2382 Amore
1106 2315 1191 2397 Ipsius

113 2425 147 2476 et
161 2433 221 2495 per
232 2413 402 2493 “gloriam
417 2413 525 2493 Ipsius
534 2411 760 2493 ”intelligitur
773 2412 931 2475 Divinum
945 2412 1090 2486 Verum»,
1106 2416 1191 2472 contra

111 2506 175 2570 hoc
195 2527 268 2568 esse
288 2505 494 2588 significatur
515 2525 574 2586 per
594 2506 785 2568 “rebellare
804 2506 910 2568 oculis
933 2506 1060 2586 gloriae
1082 2495 1190 2584 Ipsius?

113 2598 331 2663 “obfirmatio
347 2599 534 2672 facierum,’'
547 2620 632 2681 quae
646 2600 829 2680 respondet
844 2610 963 2662 contra
979 2620 1047 2671 eos,
1060 2593 1190 2678 significat

111 2695 321 2756 renuentiam
338 2713 376 2755 ac
395 2712 462 2755 non
478 2692 718 2756 admissionem
736 2693 847 2754 Divini
865 2691 945 2755 Veri
963 2701 997 2755 et
1014 2692 1117 2754 Divini
1130 2683 1188 2749 Boni

111 2789 144 2849 in
172 2788 401 2868 cogitationes
424 2797 458 2848 et
481 2784 687 2860 affectiones,
711 2808 796 2868 quae
819 2797 897 2848 sunt
923 2787 1079 2848 interiora
1097 2795 1189 2845 eorum·

112 2881 216 2961 Apud
235 2879 447 2954 Ezechielem,

163 3015 257 3064 “Ecce
269 3015 329 3062 dedi
345 3015 426 3062 facies
438 3023 497 3062 tuas
509 3014 664 3063 obfirmatas
677 3024 770 3063 contra
781 3013 863 3062 facies
875 3027 977 3072 eorum,
990 3022 1017 3062 et
1029 3012 1131 3061 frontem
1140 3015 1190 3056 tw

242 3080 409 3128 obfirmatam
422 3091 516 3128 contra
528 3080 644 3128 frontem
658 3095 750 3128 eorum
759 3079 773 3098 '¹
785 3080 832 3141 (iii.
844 3081 884 3139 cll:

111 3195 194 3259 haec
216 3195 259 3258 ad
284 3196 487 3275 Prophetam
506 3192 597 3257 dicta
616 3204 706 3268 sunt,
728 3214 903 3275 perquem
923 3192 1120 3274 significatur
1133 3185 1189 3249 doc·

112 3292 200 3353 trina
216 3290 284 3351 veri
304 3302 337 3351 et
359 3291 436 3351 boni
456 3308 610 3369 pugnans
627 3300 745 3351 contra
763 3288 847 3351 falsa
866 3299 900 3350 et
920 3287 1027 3364 mala;
1051 3301 1137 3367 quare
1151 3292 1189 3358 ptr

113 3385 241 3446 ‘facies
254 3382 449 3445 obfirmatas
462 3393 582 3444 contra
596 3381 697 3444 facies
710 3380 864 3443 illorum”
877 3379 1081 3461 significatur
1091 3368 1189 3455 rejeffl⁰

112 3477 269 3539 falsorum
288 3497 346 3556 per
358 3497 447 3546 vera,
462 3487 496 3536 et
514 3482 593 3554 per‘
599 3475 761 3537 ‘frontem
776 3472 989 3536 obfirmatam
1007 3483 1115 3535 contra
1127 3466 1188 3528 fron·

112 3581 182 3632 tem
202 3590 317 3632 eorum
327 3568 566 3649 ”significatur
580 3566 717 3649 rejectio
737 3568 814 3630 mali
834 3588 893 3648 per
911 3569 1055 3642 bonum;
1078 3547 1188 3625 “lacies'

114 3665 202 3726 enim
214 3663 405 3744 significant
416 3659 610 3724 affectiones
622 3664 691 3724 veri
701 3673 735 3724 et
746 3658 941 3723 affectiones
951 3661 1034 3733 falsi,
1045 3665 1094 3722 et‘
1097 3641 1188 3718 ‘frons

112 3756 279 3838 significat
293 3755 505 3819 affectionem
523 3758 602 3818 boni
620 3767 655 3818 et
671 3753 881 3818 affectionem
896 3755 994 3816 mali:
1019 3735 1188 3816 affectioni

112 3862 146 3913 et
171 3852 249 3913 boni
273 3850 468 3912 obfirmatur
487 3861 521 3912 et
541 3850 689 3911 durescit
708 3849 921 3910 extrinsecus
940 3869 984 3910 ex
1004 3848 1076 3909 zelo
1091 3833 1188 3936 quand?

115 3946 144 4006 ei
169 3963 282 4024 pugna
301 3954 353 4005 est
375 3955 494 4006 contra
517 3943 636 4005 falsum
655 3953 690 4004 et
711 3941 846 4013 malum,
866 3941 989 4022 alioqui
1014 3961 1078 4002 non
1094 3925 1187 4015 repellit
1215 3948 1218 4023 j

112 4037 191 4113 illa;
224 4057 289 4099 non
318 4047 432 4100 autem
463 4037 683 4098 intrinsecus:
715 4036 792 4098 inde
819 4045 977 4096 constare
1007 4041 1112 4114 potest
1132 4037 1186 4128 <1⁰⁰¹
1214 4036 1218 4109 ,“

114 4133 217 4193 modo
237 4130 293 4192 illa
312 4132 415 4192 verba
438 4130 661 4210 intelligenda
680 4137 767 4191 sunt
813 4127 982 4209 Quoniam
1003 4148 1060 4208 per
1078 4103 1186 4185 “faciet
1215 4134 1218 4185 ἒ

112 4225 344 4306 significantur
367 4226 526 4287 interiora
550 4225 703 4297 hominis,
724 4243 782 4284 seu
800 4243 885 4303 quae
910 4233 988 4283 sunt
1013 4201 1218 4309 cogitati0ss¹⁵
1214 4210 1218 4263 ἶ

111 4331 146 4382 et
166 4316 395 4381 affectionis
367 4340 446 4398 ejus,
465 4317 541 4379 inde
558 4319 660 4379 etiarn
680 4319 712 4378 in
732 4316 846 4396 lingua
867 4315 1049 4378 Hebraea
1053 4305 1218 4376 ‘interit1⁵

111 4413 210 4476 simili
230 4432 314 4475 voce
333 4413 569 4474 denominatur
588 4431 653 4493 qua
673 4409 829 4473 “facies)
