2684 4988
326 526 418 582 crte.
435 529 613 592 v1·.,vuns.
630 517 738 579 8.-u.
756 514 881 598 388[a].
1097 512 1168 595 ⁸⁶7

108 712 210 766 rentur
232 702 291 765 illa
315 712 353 765 et
379 702 628 783 expendantur,
651 710 686 764 et
709 699 878 762 videbitur
899 700 943 763 ab
966 697 1107 780 illisqui
1134 699 1168 760 in

108 818 157 880 rua
171 799 331 861 interiore
347 798 561 877 cogitatione
577 805 654 857 sunt
670 794 760 876 quod
777 812 990 876 nequaquam
1007 791 1168 855 naturalis

107 913 161 967 res,
180 893 318 955 esuritio
338 901 375 954 et
396 891 468 952 sitis
487 890 592 971 possit
612 887 766 969 intelligi,
786 888 845 950 sed
865 886 1054 969 spiritualis.

112 998 203 1080 387.
230 998 291 1059 'ft
302 997 334 1058 in
348 993 623 1075 marta.''-Quod
639 993 809 1075 significet
826 995 905 1056 inde
913 991 1168 1056 exstinctionem

107 1111 139 1151 ae
158 1090 361 1171 spiritualia,
384 1097 520 1152 constat
544 1108 588 1150 ex
612 1084 858 1167 significatione
883 1083 1058 1157 “mortis’'
1076 1083 1168 1165 quod

113 1181 293 1245 exstinclio
303 1183 397 1244 vitae
409 1179 594 1262 spiritualis
604 1179 875 1258 (dequampra.n.78,
887 1177 957 1251 186)
970 1197 976 1238 :
994 1177 1084 1258 quod
1101 1175 1166 1239 hoc

107 1272 326 1336 r“mortem”
349 1272 403 1335 hic
426 1270 643 1353 significetur,
668 1281 804 1334 constat
827 1290 873 1332 ex
896 1271 980 1332 serie
1003 1288 1110 1331 rerum
1134 1269 1168 1330 in

106 1388 151 1429 tsu
171 1371 325 1443 interno;
349 1368 582 1429 diciturenim
606 1366 697 1447 quod
721 1365 831 1426 “data
858 1364 922 1426 illis
945 1365 988 1426 sit
1016 1373 1168 1445 potestas

106 1460 269 1524 :erficiendi
286 1461 412 1542 gladio,
426 1461 514 1523 same
528 1471 563 1523 et
577 1458 716 1533 morte,''
728 1470 763 1521 et
780 1479 839 1540 per
852 1458 1028 1539 “gladium
1038 1456 1052 1481 '’
1065 1459 1167 1538 signi-

106 1564 168 1618 atur
192 1554 313 1618 salsum
342 1556 519 1624 destruens
547 1573 673 1627 verum,
699 1574 757 1634 per
782 1551 958 1615 “samem”
981 1552 1168 1632 deprivatio

106 1651 282 1729 gnitionum
302 1650 371 1711 veri
395 1660 430 1711 et
454 1649 542 1721 boni,
563 1649 641 1710 inde
665 1668 724 1730 per
744 1654 916 1710 “mortem
928 1647 943 1670 ”
961 1645 1169 1727 significatur

109 1741 233 1807 stinciio
251 1746 342 1806 vitae
361 1743 560 1824 spiritualis:
585 1763 661 1805 nam
682 1742 736 1805 ubi
758 1742 877 1803 salsum
899 1751 1030 1822 regnat,
1050 1760 1088 1803 ac
1114 1741 1168 1803 ubl

109 1837 162 1900 llae
176 1840 392 1919 cognitiones
408 1838 476 1899 veri
495 1849 530 1899 et
549 1838 627 1899 boni
646 1847 735 1910 sunt,
753 1837 796 1899 ibi
817 1853 882 1898 non
903 1845 954 1898 est
972 1835 1082 1916 aliqua
1099 1836 1169 1898 vita

105 1933 239 2001 iritualis,
264 1933 348 1994 haec
373 1933 462 1994 enim
485 1944 700 2012 comparatur
725 1952 783 2012 per
806 1933 1018 2012 cognitiones
1042 1932 1109 1993 veri
1133 1935 1168 1994 'et

105 2028 134 2087 »ni
150 2026 337 2109 applicatas
357 2027 469 2088 usibus
488 2027 595 2087 vitae:
620 2025 723 2088 homo
742 2026 830 2087 enim
852 2027 998 2087 nascitur
1017 2026 1048 2087 in
1068 2033 1168 2088 omne

105 2120 175 2182 alum
199 2131 233 2183 et
257 2121 337 2182 inde
361 2119 491 2192 falsum,
511 2140 612 2201 quare
630 2121 733 2182 etiam
758 2120 904 2182 nascitur
928 2121 959 2181 in
985 2120 1168 2200 plenariam

104 2218 276 2278 rorantiam
307 2216 456 2276 omnium
488 2216 720 2295 cognitionum
750 2214 989 2296 spiritualium;
1021 2224 1056 2276 ut
1087 2220 1169 2296 ergo

104 2309 235 2372 ducatur
250 2331 271 2371 a
288 2308 386 2370 malis
402 2319 436 2371 et
453 2310 530 2371 inde
546 2308 637 2371 salsis
653 2310 684 2370 in
703 2329 788 2389 quae
805 2309 963 2380 nascitdr,
977 2316 1013 2370 et'
1028 2309 1169 2371 ducatur

111 2405 202 2466 vitam
219 2404 304 2466 caeli
324 2424 363 2465 ac
384 2401 542 2475 salvetur,
561 2420 734 2465 necessum
752 2413 804 2465 est
824 2412 860 2464 ut
876 2403 983 2465 discat
1001 2403 1168 2483 cognitio<

104 2501 198 2561 sveri
221 2510 257 2561 et
283 2499 374 2568 boni,
396 2517 453 2578 per
471 2518 553 2579 quas
576 2497 819 2570 introducatur,
840 2508 873 2559 et
897 2495 956 2560 fiat
980 2496 1168 2578 spiritualis.

104 2591 187 2654 thac
203 2595 290 2655 serie
309 2611 418 2653 rerum
435 2593 465 2652 in
487 2611 586 2653 sensu
602 2593 735 2652 interno
754 2602 848 2672 patet
865 2593 954 2674 quod
975 2613 1033 2673 per
1050 2598 1168 2655 “mot-

104 2684 145 2745 tn”
155 2687 206 2748 hic
220 2684 432 2766 significetur
443 2682 626 2746 exstinctio
639 2687 729 2747 vitae
741 2687 939 2768 spiritualis:
961 2687 1023 2749 hoc
1038 2696 1169 2770 quoque

103 2778 255 2857 gnificatur
275 2800 335 2861 per
355 2792 499 2842 mortem
518 2779 735 2860 spiritualem.

117 2885 272 2968 388[a].
298 2886 358 2946 “fr
367 2906 387 2946 a
399 2886 475 2948 roris
487 2885 769 2966 terrua''—Quod
782 2885 951 2967 significet
965 2887 1055 2949 mala
1067 2887 1167 2959 vitat,

103 2996 137 3037 ue
154 2989 231 3040 sunt
252 2977 451 3058 cupiditates
473 2987 505 3040 et
526 2978 602 3040 iada
615 2977 792 3057 falsitates
815 2978 974 3040 oriundae
995 2979 1037 3040 ab
1060 3000 1171 3041 amare

103 3069 158 3134 iet
178 3072 302 3140 mundi,
324 3091 407 3152 qrrae
427 3081 564 3134 vastant
585 3072 695 3133 amnia
716 3071 865 3135 ecclesiae
886 3074 980 3153 apud
998 3072 1168 3142 lraarinim,

102 3176 187 3227 nstat
209 3187 253 3228 ex
279 3164 527 3246 significatione
547 3165 747 3238 ‘'serarum”
766 3167 856 3247 quod
878 3169 945 3230 sint
968 3168 1171 3248 cupiditates

117 3257 275 3321 falsitates
295 3260 456 3321 oriundae
475 3280 519 3321 ex
539 3280 653 3321 amore
672 3261 720 3321 sui
744 3272 779 3322 et
803 3262 937 3337 mundi;
961 3274 995 3323 et
1015 3263 1091 3342 quia
1115 3260 1172 3323 illa

103 3362 134 3414 nt
157 3354 228 3434 ipsa
253 3352 343 3415 mala
368 3355 469 3427 vitae,
495 3374 572 3416 nam
602 3355 690 3417 mala
714 3355 784 3417 vita
812 3365 864 3417 est
889 3355 1109 3437 cupiditatum
1136 3364 1170 3420 et

102 3442 237 3508 lsitatum
257 3449 339 3519 vita,
360 3447 436 3508 ideo
460 3468 518 3528 per
537 3448 651 3510 “ieras
671 3460 781 3511 terrae
790 3447 805 3472 ”
823 3450 875 3511 hic
900 3449 955 3511 illa
975 3449 1170 3530 intelligun-

102 3560 133 3614 r;
159 3542 246 3622 quod
273 3541 417 3604 “serae''
443 3541 633 3622 significent
662 3544 752 3611 talia,
776 3544 942 3606 videbitur
969 3547 1001 3606 in
1029 3564 1170 3626 sequen-

101 3628 166 3692 tus:
188 3642 222 3694 et
245 3652 290 3694 ex
315 3631 566 3713 significatione
591 3633 762 3706 “terrae‚”
780 3634 871 3716 quod
894 3635 937 3696 sit
960 3635 1109 3697 ecclesia
1131 3645 1173 3708 (de

101 3738 287 3801 amezo
302 3737 395 3801 304):
420 3732 455 3784 et
477 3723 555 3803 quia
578 3741 637 3804 per
662 3722 801 3785 “seras''
823 3722 1058 3804 significantur
1081 3723 1171 3787 mala

101 3820 158 3882 tae.
183 3824 216 3877 et
244 3815 328 3877 haec
357 3824 494 3877 vastant
521 3813 697 3877 ecclesiam
726 3815 813 3896 apud
843 3816 1024 3887 hominem,
1050 3826 1084 3878 et
1114 3837 1173 3898 per

101 3908 230 3970 terram’
243 3909 399 3980 ecclesia,
411 3909 487 3971 ideo
500 3929 558 3990 per
572 3917 590 3940 ‘⁴
600 3908 686 3972 ieras
699 3909 830 3972 terrae”
841 3909 1071 3989 significantur
1085 3910 1173 3973 mala

101 3997 150 4063 itae
166 4022 248 4084 quae
267 4013 406 4065 vastant
426 4002 601 4065 ecclesiam
622 4005 709 4085 apud
730 4005 911 4066 hominem.
958 4004 1088 4066 Dicitur
1106 4003 1172 4067 Ec·

100 4089 158 4156 lsia
168 4098 258 4176 apud
266 4098 440 4169 lrarru'nem,
454 4099 610 4178 quoniam
623 4100 765 4162 ecclesia
778 4109 830 4161 est
843 4099 876 4160 in
890 4098 1025 4160 homine
1038 4120 1045 4174 ;
1062 4100 1172 4162 eccle·

100 4183 215 4252 henim
238 4202 289 4254 est
314 4191 460 4254 ccclesia
483 4212 526 4254 ex
551 4192 715 4255 charitate
739 4204 773 4255 et
797 4191 873 4267 fide,
894 4204 928 4255 et
952 4193 1015 4254 hae
1039 4204 1116 4255 sunt
1140 4196 1172 4255 in

100 4283 204 4355 unire,
231 4298 264 4348 et
291 4287 318 4347 si
348 4304 416 4347 non
445 4286 487 4347 ibi
511 4297 599 4359 sunt,
624 4307 690 4349 non
715 4298 766 4349 est
791 4287 934 4349 ecclesia
957 4288 1044 4368 apud
1070 4287 1173 4350 illum.

100 4364 214 4440 Creditur
227 4380 316 4462 quod
334 4379 478 4441 ecclesia
496 4382 539 4443 sit
560 4381 613 4442 ubi
634 4380 795 4454 Verbum,
813 4392 848 4444 et
868 4382 922 4443 ubi
941 4381 1104 4443 Dominus
1121 4392 1173 4444 est

100 4476 176 4544 utus,
194 4475 251 4536 sed
278 4493 387 4555 usque
411 4473 551 4538 ecclesia
575 4494 642 4538 non
666 4485 719 4539 est
747 4476 809 4538 nisi
833 4475 962 4538 exiliis
989 4477 1043 4557 qui
1071 4476 1173 4537 corde
