2716 4986
122 494 132 542 r
140 481 200 559 318
426 487 675 541 xrocxavnsrs
698 485 923 537 exsucata.

118 663 182 724 ties
209 660 278 723 tale
306 667 627 741 repraesentaretur,
652 666 689 720 ut
718 665 877 719 constare
904 665 1025 738 potest
1050 675 1095 717 ex
1123 654 1174 717 his
1199 655 1226 717 in

118 753 235 818 Verbo
248 775 300 816 :-

198 885 251 935 uod
264 887 333 935 irent
346 886 397 934 iter
409 886 488 934 trium
502 885 614 942 dierum,
624 893 650 932 et
662 881 844 933 sacrificarent
855 882 948 945 (Exod.
961 883 999 932 iii.
1014 883 1043 931 18
1054 897 1060 938 ς
1079 897 1137 944 cap.
1149 897 1173 931 v.
1184 881 1220 943 3);

198 952 251 1000 uod
264 966 357 999 mense
370 951 448 999 tertio
463 959 525 1012 post
538 951 640 998 exitum
655 962 688 997 ex
701 949 827 1011 Aegypto
839 949 963 997 venerint
977 948 1013 996 ad
1026 958 1149 996 montem
1162 947 1228 995 Sinai

258 1017 341 1064 Exod.
353 1017 406 1064 xix.
421 1028 431 1063 1
455 1031 460 1070 ;

172 1017 422 1145 Quod(mandatum
435 1017 466 1128 itt
484 1080 569 1142 parati
584 1088 674 1128 essent
691 1078 725 1126 ad
743 1079 814 1127 diem
829 1079 945 1133 tertium.
962 1078 1026 1155 quia
1039 1078 1084 1127 die
1100 1078 1178 1126 tertio
1190 1077 1230 1125 de·

248 1147 387 1194 scenderet
400 1145 520 1208 Jehovah
532 1157 613 1206 super
626 1143 748 1192 Montem
762 1143 836 1192 Sinai
849 1142 940 1205 (ΕΜ.
952 1158 1006 1192 xix.
1022 1156 1060 1199 11,
1075 1156 1113 1202 15,
1128 1145 1165 1198 ro,
1180 1143 1231 1199 til:

173 1211 251 1274 Quod
265 1210 351 1259 tribus
364 1211 459 1259 diebus
473 1208 561 1257 laetae
574 1210 630 1257 sint
644 1210 771 1258 tenebrae
786 1208 814 1257 in
828 1217 901 1258 terra
914 1208 1033 1271 Aegypti
1047 1209 1144 1268 (ΕΜ.
1159 1222 1183 1256 x.
1194 1219 1229 1264 aa,

251 1280 307 1335 23);

173 1340 252 1403 Quod
267 1341 351 1388 tribus
369 1340 448 1387 annis
466 1349 556 1387 essent
574 1336 676 1387 lrudlus
694 1339 799 1387 arboris
816 1337 953 1400 plantatae
972 1337 1000 1386 in
1019 1347 1093 1386 terra
1108 1337 1231 1386 Canaane

250 1405 410 1466 praeputiati
424 1405 514 1463 (Levit.
528 1404 580 1453 xix.
594 1406 701 1464 23-25);

173 1470 251 1533 Quod
264 1485 296 1518 ex
311 1485 391 1517 carne
404 1469 525 1517 sacrificii
542 1470 608 1517 nihil
620 1469 814 1532 relinqueretur
825 1470 858 1516 ad
873 1469 943 1516 diem
960 1469 1069 1515 tertium
1083 1469 1176 1528 (Levit.
1189 1468 1230 1515 vii.

252 1536 345 1589 ils-18:
364 1549 421 1595 nup.
433 1535 487 1583 xix.
500 1535 524 1591 6,
538 1540 577 1595 7);

174 1600 252 1662 Quod
265 1615 346 1660 super
358 1600 525 1648 immundum
538 1609 709 1662 spargeretur
721 1612 791 1662 aqua
803 1598 983 1662 separationis
995 1598 1040 1646 die
1055 1599 1137 1647 tertio
1151 1608 1178 1646 et
1191 1598 1232 1646 die

249 1665 365 1725 septimo
378 1665 472 1722 (Num.
485 1665 538 1712 xix.
553 1677 579 1712 11
594 1665 628 1712 ad
643 1664 750 1722 noemi:

174 1730 252 1792 Quod
271 1730 315 1791 qui
334 1728 479 1789 tetigerunt
496 1730 624 1787 occisum,
641 1730 836 1777 mundarentur
852 1729 896 1777 die
913 1729 994 1777 tertio
1011 1739 1039 1778 et
1056 1728 1101 1776 die
1120 1729 1233 1790 septimo

249 1795 343 1853 (Num.
355 1795 425 1842 xxxi.
440 1799 543 1856 19-25);

174 1860 252 1923 Quod
264 1859 349 1922 josua
360 1860 527 1909 mandaverit
540 1859 648 1922 populo.
663 1868 691 1908 ut
706 1859 777 1908 lutra
791 1868 846 1908 tres
859 1858 917 1908 dies
928 1858 1075 1907 transirent
1088 1858 1233 1922 jordanem

274 1941 308 1973 os.
321 1925 338 1974 i.
353 1938 397 1980 11:
416 1939 447 1973 ca
468 1925 522 1974 ‚iii
536 1932 576 1984 a);

174 1925 386 2054 QuodJJehovah
398 1999 439 2037 ter
448 1940 584 2038 locaverit
594 1989 756 2047 Samuelem,
768 1999 794 2038 et
807 1999 847 2038 ter
858 1988 965 2038 Samuel
977 1989 1125 2037 cucurrerit
1137 1989 1171 2036 ad
1183 1987 1231 2043 Eli.

250 2064 277 2102 et
287 2056 358 2178 qtzod
371 2056 450 2104 tertia
461 2056 520 2103 vice
533 2055 694 2104 intellexerit
708 2054 748 2103 Eli
761 2053 832 2118 quod
841 2053 963 2118 Jelrovab
973 2055 1113 2102 vocaverit
1125 2054 1233 2102 Samue-

250 2120 302 2168 lem
327 2133 337 2168 1
355 2121 423 2168 Sam.
436 2121 472 2169 iii.
488 2121 558 2178 1-8);

174 2185 254 2249 Quod
265 2184 401 2248 Jonatltan
414 2185 514 2233 dlceret
526 2186 559 2233 ad
574 2184 703 2233 Davidem
735 2185 788 2232 uod
801 2183 947 2233 occultaret
961 2198 991 2232 se
1006 2183 1033 2231 in
1048 2198 1117 2243 agro
1129 2184 1163 2231 ad
1176 2198 1233 2231 ves-

250 2264 341 2310 peram
354 2251 475 2299 tertiam:
495 2260 521 2299 et
533 2250 604 2312 quod
616 2199 857 2313 posteajonatban
869 2250 902 2297 ad
916 2249 986 2297 latus
998 2248 1095 2309 lapidis
1104 2249 1234 2310 jaculare-

251 2324 293 2363 tur
308 2326 361 2362 tres
376 2315 503 2376 sagittas;
524 2325 550 2363 et
565 2316 636 2377 quod
652 2325 713 2377 post
728 2314 791 2363 illud
809 2314 895 2362 David
909 2329 938 2364 se
953 2314 1135 2362 incurvaverit
1149 2314 1233 2363 tribus

250 2380 354 2428 vicibus
365 2380 400 2428 ad
412 2391 510 2428 terram
523 2394 614 2428 coram
623 2378 777 2443 Jonathane
786 2379 808 2441 (1
821 2379 889 2428 Sam.
900 2393 943 2428 xx.
955 2389 977 2438 ς,
990 2390 1028 2435 12,
1041 2391 1078 2440 19,
1090 2390 1131 2435 20,
1142 2389 1181 2439 35,
1193 2379 1231 2438 36,

249 2448 308 2504 41l:

174 2510 252 2573 Quod
266 2510 316 2558 tria
328 2510 467 2570 proposita
479 2510 533 2558 sint
548 2509 654 2566 Davidi‚
666 2518 695 2557 ut
707 2525 740 2557 ex
752 2509 805 2557 illis
818 2523 900 2558 unum
913 2508 1033 2570 eligeret,
1045 2519 1072 2556 ur
1086 2509 1158 2571 quod
1171 2523 1233 2557 ven-

250 2585 309 2622 tura
323 2574 407 2622 lames
422 2584 525 2636 septem
541 2576 628 2629 annis,
646 2574 687 2622 vel
702 2574 772 2636 quod
791 2573 923 2634 fugiturus
941 2588 990 2635 pro
1008 2573 1134 2621 hostibus
1149 2574 1232 2622 tribus

250 2640 396 2694 mensibus,
413 2640 455 2687 vel
472 2640 544 2702 quod
562 2640 651 2687 lutura
669 2640 751 2701 pestis
770 2639 796 2687 in
815 2639 990 2687 terratribus
1007 2638 1104 2686 diebus
1122 2638 1148 2699 (2
1162 2639 1230 2687 Sam.

249 2705 320 2751 xxiv.
335 2707 437 2763 11-13);

202 2770 255 2816 uod
268 2769 339 2816 Elias
350 2783 378 2816 se
389 2783 496 2817 mensus
507 2784 587 2830 super
598 2769 678 2817 tilium
690 2770 786 2818 viduae
796 2769 880 2817 tribus
890 2769 992 2816 vicibus
1001 2768 1024 2829 (1
1034 2769 1095 2830 Reg.
1106 2769 1171 2816 xvii.
1183 2769 1232 2826 all:

199 2834 250 2881 uod
263 2833 439 2881 Eliasdixerit
449 2843 477 2881 ut
488 2832 632 2882 funderent
643 2848 738 2896 aquam
748 2848 827 2895 super
836 2834 1023 2882 holocaustum
1033 2843 1060 2880 et
1069 2848 1151 2894 super
1160 2834 1233 2894 ligna

250 2900 335 2947 tribus
348 2899 458 2956 vicibus,
472 2908 499 2947 et
512 2900 595 2947 tribus
609 2900 711 2947 vicibus
724 2900 849 2948 fuderunt
861 2899 884 2959 (1
897 2900 959 2961 Reg.
970 2899 1043 2947 xviii.
1057 2898 1113 2958 34);

176 2964 253 3026 Quod
267 2963 350 3027 Jonas
362 2963 441 3011 luerit
456 2964 483 3011 in
499 2973 592 3013 ventre
608 2965 657 3012 ceti
673 2965 758 3012 tribus
772 2964 865 3013 diebus
880 2974 906 3012 et
920 2965 1004 3012 tribus
1017 2961 1142 3011 nodlibus
1155 2962 1230 3027 (Jon.

251 3029 276 3077 n.
292 3041 302 3075 1
318 3026 363 3091 [B.
377 3031 410 3076 A.
423 3028 439 3076 i.
455 3025 513 3091 17]:
532 3030 629 3078 Matri.
641 3029 686 3077 xii.
699 3025 781 3088 ¹¹¹40):

175 3094 255 3157 Quod
270 3093 366 3142 Daniel
379 3094 474 3154 lugens
487 3094 566 3142 luerit
578 3095 663 3142 tribus
676 3095 834 3155 septimanis
846 3094 928 3149 (Dan.
940 3108 964 3142 x.
978 3093 1051 3152 2-4);

190 3161 252 3206 luod
266 3174 353 3206 annus
366 3160 458 3207 tertius
471 3170 541 3207 esset
554 3175 642 3207 annus
655 3160 818 3207 decimarum
831 3159 933 3219 (Deutr.
945 3159 1016 3207 xxvi.
1034 3159 1089 3220 12):

174 3158 252 3287 {uod
270 3223 403 3271 Dominus
420 3225 524 3271 locutus
539 3225 570 3272 de
585 3224 694 3272 homine
709 3224 753 3286 qni
769 3223 900 3285 plantavit
915 3223 1030 3279 vineam,
1045 3224 1116 3285 quod
1132 3224 1234 3273 miserit

248 3290 333 3337 tribus
344 3290 446 3337 vicibus
459 3304 560 3345 servos.
572 3299 599 3337 et
611 3297 705 3351 postea
719 3287 814 3337 Filium
827 3289 921 3349 (Mare.
933 3289 978 3337 xii.
992 3301 1015 3346 2,
1026 3290 1093 3349 4-6;
1111 3289 1176 3339 Luc.
1188 3305 1231 3337 xx.

253 3367 289 3409 12,
305 3356 359 3412 13);

174 3420 251 3482 Quod
268 3419 400 3466 Dominus
418 3419 514 3466 dixerit
532 3418 565 3466 ad
582 3419 698 3475 Petrum,
715 3418 785 3481 quod
805 3428 948 3481 antequam
963 3418 1050 3479 gallus
1069 3419 1111 3467 bis
1126 3430 1234 3468 caneret

251 3494 291 3531 ter
305 3486 486 3543 abnegaturus
503 3483 593 3545 lpsum
608 3485 716 3543 (Matri.
731 3485 801 3532 xxvi.
817 3496 856 3544 34,
871 3486 904 3546 69
915 3485 948 3532 ad
961 3484 1018 3541 lin.;
1036 3484 1100 3533 Luc.
1115 3485 1180 3533 xxii.
1192 3497 1232 3544 34,

254 3551 328 3608 57-61
343 3563 347 3602 ;
391 3549 430 3597 ol.
442 3549 497 3597 xiii.
510 3551 567 3608 38);

177 3615 255 3677 Quod
271 3551 403 3661 DominZs
416 3624 456 3661 ter
467 3614 563 3662 dixerit
579 3614 666 3670 Petro,
679 3613 801 3662 Amasne
815 3613 877 3663 Me?
894 3623 921 3662 et
935 3616 951 3636 ¹¹
962 3613 1045 3662 Pasce
1056 3629 1144 3674 agnos
1158 3629 1234 3663 meos

250 3689 278 3782 Ielt
287 3694 351 3726 oves
359 3693 433 3803 {neas
442 3678 465 3737 ;”
480 3688 505 3727 et
513 3681 584 3740 quod
597 3680 676 3728 tertia
684 3680 742 3728 vice
756 3679 851 3728 Petrus
861 3679 1033 3729 contristatus
1042 3679 1077 3727 sit
1089 3680 1166 3743 (Jol.
1178 3681 1232 3727 xxi.

258 3746 267 3773 ’
280 3757 357 3802 15-17
379 3758 384 3797 ;

175 3810 253 3873 Quod
274 3809 407 3857 Dominus
422 3809 519 3858 dixerit
538 3810 608 3871 quod
626 3813 764 3870 “regnum
779 3810 914 3858 caelorum
932 3809 1020 3857 simile
1038 3810 1073 3857 sit
1088 3809 1232 3865 fermento,

250 3875 320 3936 quod
336 3874 469 3935 accipiens
485 3875 579 3921 mulier
593 3874 764 3922 abscondidit
779 3874 806 3922 in
825 3875 891 3922 satis
906 3875 999 3931 tribus,
1016 3874 1103 3922 donec
1118 3874 1235 3924 lermen·

249 3950 349 3988 taretur
361 3950 449 3988 totum
460 3939 472 3955 '¹
486 3940 594 3993 (Matri.
606 3940 661 3988 xiii.
674 3952 720 3998 33:
738 3940 801 3988 Luc.
814 3940 869 3988 xiii.
882 3944 938 3998 all:

175 4005 253 4068 Quod
270 4005 402 4052 Dominus
413 4005 517 4060 dixerit,
532 4008 548 4025 '⁸
558 4005 718 4053 Sanationes
729 4004 836 4065 perficio
848 4006 928 4053 hodie
940 4013 967 4053 et
978 4019 1046 4062 cras,
1057 4015 1085 4054 et
1097 4006 1179 4053 tertio
1191 4006 1234 4054 die

252 4067 471 4116 l⁸lconsummor”
483 4070 556 4128 (Luc.
570 4070 624 4117 xiii.
640 4082 678 4128 32,
691 4070 747 4128 33l2

175 4136 254 4199 Quod
269 4135 401 4182 Dominus
414 4135 509 4182 dixerit
522 4135 592 4195 quod
603 4136 652 4182 erit
665 4135 692 4182 in
705 4135 787 4182 corde
800 4144 887 4183 terrae
899 4135 984 4183 tribus
998 4135 1094 4183 diebus
1106 4145 1135 4184 et
1147 4136 1233 4185 tribus

251 4198 375 4247 noctibus
388 4199 494 4257 (lineri.
508 4200 552 4246 xii.
565 4206 622 4257 4ο);

175 4267 252 4329 Quod
271 4265 365 4312 dixerit
384 4265 453 4326 quod
471 4264 550 4312 tertio
569 4264 612 4311 die
630 4274 780 4325 resurgeret
793 4265 900 4322 (illarii.
914 4265 967 4313 xvi.
978 4277 1024 4320 21:
1043 4279 1102 4327 cap.
1114 4267 1179 4315 xvii.
1193 4278 1231 4321 22,

251 4343 296 4387 23:
314 4344 370 4389 cap.
383 4345 425 4376 xx.
441 4330 477 4383 18,
493 4341 536 4388 to:
558 4329 619 4376 Luc.
631 4330 703 4378 xviii.
718 4327 769 4392 32[,
783 4327 841 4392 33];
860 4345 917 4391 cap.
930 4331 1003 4378 xxiv.
1015 4331 1074 4388 46);

175 4397 253 4459 Quod
265 4396 360 4442 dixerit
376 4395 446 4456 quod
459 4394 619 4442 dissolveret
632 4394 774 4455 Templum
792 4395 851 4450 Dei.
864 4406 891 4444 et
906 4411 954 4457 per
967 4406 1023 4444 tres
1036 4396 1097 4444 dies
1111 4396 1234 4445 aedifica-

251 4472 290 4508 ret
302 4461 408 4520 (illumi.
419 4459 489 4506 xxvi.
500 4456 555 4506 [⁴¹01
568 4474 573 4514 ;
592 4473 649 4520 cap.
661 4460 742 4508 xxvii.
753 4472 800 4517 40:
822 4461 884 4524 Joh.
899 4461 925 4509 ii.
941 4474 978 4523 19,
990 4465 1047 4522 20);
