2684 4988
108 473 172 542 922
418 472 669 525 APOCALYPSIS
691 473 918 526 Exulem.

104 645 196 730 ,cipia
214 664 313 726 super
329 644 448 726 quibus
465 643 649 707 fundantur
664 643 810 727 reliqua:
835 645 960 709 dicitur
977 650 1078 708 “cum
1092 621 1184 727 populo

108 758 180 813 suo,
197 757 274 801 cum
292 737 446 811 lsraele,”
462 739 539 820 quia
558 758 617 820 per
635 738 825 820 “populum
834 739 849 763 ”
864 739 1097 821 intelliguntur
1109 739 1184 821 quiin

108 833 196 896 veris
215 842 249 896 et
269 834 323 915 qui
348 834 380 894 in
403 832 495 896 salsis
515 843 604 905 sunt,
625 843 660 896 et
685 853 743 914 per
763 832 977 896 “lsraelem''
998 834 1052 915 qui
1073 833 1187 896 inbonis

108 933 144 988 et
163 927 271 1007 quiin
291 926 398 988 malis.
444 925 548 1008 Apud
567 926 760 1001 Jeremtom,

160 1069 178 1091 ‘⁴
186 1066 256 1123 Ecce
266 1067 324 1130 Ego
337 1078 432 1118 contra
444 1078 479 1127 te,
491 1083 571 1118 mons
581 1069 718 1131 perdens..
729 1107 750 1119 ..
761 1070 890 1132 perdens
901 1071 1056 1119 nniversam
1065 1079 1161 1128 temnu
1172 1076 1191 1119 α

239 1134 383 1183 extendam
396 1148 506 1182 manum
520 1145 615 1183 contra
628 1145 663 1192 te,
677 1143 704 1182 et
717 1135 859 1184 devolvam
878 1144 905 1184 te
922 1136 955 1184 de
972 1136 1064 1198 petris,
1076 1145 1100 1186 et
1114 1135 1162 1183 den
1172 1143 1192 1183 ιε

240 1199 267 1247 in
280 1207 401 1248 montem
414 1199 612 1249 combustionis
620 1199 635 1218 ”
646 1199 685 1261 (li.
697 1203 753 1261 25):

108 1329 192 1394 haec
212 1330 255 1392 de
275 1330 401 1393 Babele
421 1328 512 1394 dista
531 1341 621 1402 sunt.
642 1352 702 1412 per
721 1351 822 1414 quam
841 1331 1080 1413 intelliguntur
1095 1331 1136 1395 illi
1153 1328 1192 1415 (ρ’

108 1426 142 1489 in
161 1423 252 1499 falsis
272 1423 405 1496 maliet
425 1425 458 1486 in
483 1424 580 1486 malis
600 1424 675 1487 salsi
693 1446 738 1495 ex
761 1445 876 1494 amore
896 1427 946 1487 sui
970 1436 1060 1498 sunt,
1077 1426 1192 1493 abutnn»

108 1529 164 1583 tur
186 1520 276 1581 enim
300 1515 426 1581 sanstis
450 1519 615 1582 ecclesiae
639 1539 701 1600 pro
723 1520 842 1581 mediis
865 1521 1071 1601 imperandi:
1096 1541 1134 1583 ex
1151 1518 1194 1583 illo

108 1632 224 1677 amore
239 1622 273 1675 et
294 1613 372 1676 inde
388 1611 481 1675 salsis
499 1623 534 1675 et
555 1604 652 1677 malis
669 1623 721 1677 est
741 1613 831 1695 quod
851 1614 985 1676 dicatur
1003 1622 1123 1677 “mons
1138 1632 1192 1696 per·

108 1706 204 1794 dens?
229 1707 375 1787 perdens
402 1707 593 1770 universam
623 1698 786 1782 terram‘;''
816 1705 958 1771 “terra''
982 1718 1034 1770 est
1062 1707 1190 1775 ecclesia:

109 1801 265 1871 interitus
281 1810 315 1862 et
332 1800 509 1864 damnatio
524 1820 640 1862 eorum
657 1821 716 1882 per
731 1799 815 1863 salsa
832 1801 922 1871 mali,
940 1801 1139 1883 significatur
1151 1819 1191 1883 per

111 1893 322 1969 “devolvam
350 1904 385 1955 te
412 1894 454 1956 de
480 1895 587 1977 petris
599 1894 625 1970 ;”
651 1901 799 1976 “petrae
812 1893 828 1916 ”
850 1904 929 1956 sunt
954 1896 1009 1957 ubi
1034 1917 1108 1957 vera
1127 1893 1189 1963 fidei,

111 1986 273 2061 hic.ialsa
296 1987 394 2049 mali:
426 2008 465 2050 ac
488 1989 647 2050 interitus
669 2000 704 2050 et
728 1989 906 2050 damnatio
920 2002 1037 2050 eorum
1060 2010 1113 2070 per
1128 1985 1190 2049 mala

109 2079 184 2159 salsi
208 2080 417 2163 significatur
440 2102 499 2165 per
520 2082 625 2144 “dem
650 2092 684 2144 te
708 2083 741 2143 in
764 2091 918 2144 montem
942 2077 1190 2155 combustionis;'·'

111 2167 334 2240 “combustio
342 2175 356 2198 ”
372 2177 495 2238 dicitur
511 2176 553 2238 de
571 2195 687 2238 amore
706 2176 766 2248 sui,
784 2176 860 2263 quia
878 2183 898 2206 ‘⁴
912 2177 1000 2257 ignis
1010 2177 1025 2199 ”
1043 2177 1127 2243 illum
1143 2175 1189 2255 sig·

110 2266 226 2329 nificat
242 2283 361 2340 (vidntur
374 2283 398 2327 in
412 2297 484 2341 opere
497 2285 534 2328 De
546 2284 754 2342 Caeloetlnsmo,
766 2296 789 2328 n.
800 2284 927 2340 566-573).
973 2267 1030 2329 Ex
1046 2267 1095 2330 his
1111 2262 1188 2328 maill-

108 2357 195 2421 seste
208 2369 305 2440 patet
318 2360 408 2440 quod
422 2380 481 2440 per
495 2358 681 2421 “montes''
695 2357 927 2438 significentur
940 2360 1031 2421 mala
1043 2352 1188 2422 amorissn‘

110 2462 145 2514 et
169 2453 294 2524 mundi,
320 2472 398 2514 nam
428 2452 533 2514 Babel
561 2464 702 2515 vocatur
726 2460 857 2513 “mons
884 2453 1056 2534 perdens”
1078 2463 1107 2516 et
1127 2445 1188 2532 quod

111 2545 278 2614 “dabitur
296 2547 329 2608 in
350 2556 502 2608 montem
523 2545 798 2609 combustionis.''
842 2545 947 2628 Apud
967 2547 1108 2620 Nahum,

163 2686 179 2708 ⁰¹
187 2688 297 2739 Montes
309 2690 521 2738 contremiscunt
533 2705 624 2738 coram
639 2689 711 2752 Ipso,
725 2699 751 2738 et
763 2690 848 2740 colles
859 2689 1010 2752 liquefiunt,
1024 2700 1051 2739 et
1062 2685 1189 2758 combnntfit

240 2765 386 2880 ιτὲτιιξηῑὲττςτι
395 2770 489 2880 {osam
502 2755 566 2818 ipso
576 2770 594 2813 ;.
605 2793 610 2804 .
621 2793 627 2804 .
637 2769 740 2805 ‚coram
752 2755 939 2818 increpatione
954 2755 1043 2818 Ipsius
1055 2756 1110 2818 quis
1119 2761 1188 2801 conss

343 2858 349 2869 .
379 2859 385 2878 ‚
421 2859 425 2869 .

110 2951 190 3032 quid
208 2949 293 3012 haec
313 2951 346 3010 in
365 2951 451 3011 serie
470 2948 677 3029 significant,
693 2949 851 3010 videatur
866 2969 968 3030 supra
987 2937 1188 3028 (n.4oo[i])‚ubi

109 3042 243 3124 singula
266 3042 440 3124 explicata
467 3052 566 3117 sunt;
598 3052 633 3102 et
661 3041 751 3122 quod
777 3047 943 3104 “montes
966 3052 1001 3104 et
1029 3035 1144 3105 colies''
1160 3029 1189 3094 ibi

109 3140 177 3215 sint
198 3138 288 3203 mala
307 3137 430 3198 amoris
450 3137 499 3197 sui
519 3145 553 3197 et
574 3135 700 3202 mundi.

171 3228 240 3314 [ln]
274 3228 378 3310 Apud
399 3227 587 3301 ¹¹¹Micltam‚

161 3359 306 3426 “Jehovnh
320 3360 415 3408 exiens
427 3374 441 3407 e
459 3358 520 3406 ioco
532 3373 592 3416 suo,
606 3357 746 3407 descendit
763 3366 791 3406 et
808 3357 894 3406 calcat
912 3371 995 3418 super
1007 3357 1108 3406 excelsa
1117 3353 1191 3402 iunii

240 3426 311 3473 unde
329 3421 464 3487 liqueiaoii
483 3433 546 3471 sunt
564 3433 672 3471 montes
690 3424 741 3471 sub
766 3422 839 3484 Ipso,
859 3432 885 3471 et
904 3423 990 3470 valles
1008 3423 1128 3475 discissae
1141 3416 1189 3464 suffit

239 3491 308 3539 sicut
326 3504 387 3538 cera
404 3504 495 3536 coram
514 3489 586 3549 igne,
600 3488 669 3536 sicut
687 3502 773 3550 aquae
785 3487 888 3536 effusae
906 3487 934 3534 in
952 3488 1098 3540 descensu:
1113 3482 1191 3546 ΝΟΜ

240 3553 588 3681 ριτίἒςρῧτίἑρὲῗηεεμωρί
601 3568 682 3605 omne
694 3553 755 3611 hoc,
766 3562 793 3602 et
805 3563 916 3622 propter
927 3563 1041 3615 peccata
1053 3553 1138 3601 donus
1146 3543 1192 3592 1⁸1²*

110 3754 194 3816 haec
211 3774 345 3834 quoque
365 3750 455 3815 dista
474 3762 552 3814 sunt
577 3752 619 3813 de
639 3750 761 3813 ultimo
776 3750 912 3830 judicio,
932 3759 967 3812 et
992 3749 1036 3812 de
1059 3748 1117 3811 illis
1136 3749 1192 3837 tun}

110 3849 165 3929 qui
192 3868 291 3928 super
319 3847 492 3909 montibus
519 3857 553 3908 et
578 3845 722 3907 collibus
753 3845 903 3907 focerunt
932 3845 994 3906 sibi
1019 3824 1193 3906 instarcaeh

110 3957 152 4013 (de
168 3956 256 4012 quibus
272 3967 351 4011 supra,
368 3955 527 4013 aliquoties);
560 3936 716 3998 ultimum
742 3935 905 4016 judicium
934 3935 1132 4016 intelligitur
1153 3933 1193 4005 Pes

112 4031 296 4112 “Jehovah
324 4031 443 4092 exiens
469 4050 487 4091 e
519 4028 595 4091 loco
621 4049 693 4101 suo,
721 4027 897 4090 descendit
924 4036 959 4089 et
988 4027 1098 4090 calcat
1123 4025 1194 4097 supet

110 4124 249 4188 excelsa
278 4134 388 4186 terrae
401 4123 426 4199 ;”
452 4130 580 4204 “super
607 4121 745 4185 excelsa
773 4121 905 4184 terrae”
933 4120 1100 4202 significat
1123 4119 1195 4210 supff

109 4219 186 4281 illos
216 4219 271 4298 qui
302 4219 335 4279 in
365 4217 455 4290 altis,
488 4237 610 4298 nempe
639 4237 738 4297 super
767 4236 852 4297 quos
877 4214 1061 4294 judicium
1088 4227 1153 4276 nam
1171 4212 1194 4258 ¹⁰

109 4313 237 4376 mundo
256 4311 420 4394 spirituali
440 4333 546 4392 aeque
565 4320 644 4373 sunt
665 4320 785 4383 terrae,
806 4321 953 4383 montes,
974 4309 1081 4371 colles
1098 4317 1129 4369 et
1144 4289 1195 4360 iil·

110 4407 160 4471 len
188 4408 275 4478 sicut
303 4407 336 4468 in
364 4405 490 4467 mundo
519 4405 684 4468 naturali:
717 4405 874 4466 interitus
900 4423 1018 4465 eorum
1047 4403 1099 4486 qni
1123 4399 1198 4473 sup&
