2684 4988
119 487 200 551 1140
427 480 678 531 APOCALYPSIS
701 480 930 532 EXPLICATA.

114 653 170 735 qui
187 662 266 714 sunt
283 651 338 733 qui
357 671 394 714 se
410 649 696 713 confirmaverunt
715 650 748 712 in
765 651 892 714 talibus
909 672 998 734 quae
1015 652 1225 716 iuventamn

114 747 206 810 ribus
229 747 297 808 suis
320 765 365 807 ex
390 765 492 807 sensu
515 744 652 808 litterae
672 743 798 808 Verbi:
823 766 884 828 per
905 747 1078 809 “domum
1099 747 1223 828 jacobi’

115 851 150 904 et
174 861 234 923 per
259 840 428 901 “domurn
450 836 614 920 Josephi''
638 839 879 920 intelliguntur
897 843 954 922 qui
979 843 1011 903 in
1036 843 1126 905 bono
1146 843 1216 905 vitae

116 935 302 999 secundum
322 954 403 997 vera
425 931 600 997 doctrinae
624 944 724 1012 sunt;
748 955 808 1016 per
828 936 1000 998 “domurn
1018 936 1156 1017 Jacobi”
1172 938 1212 1018 qui

114 1031 147 1092 in
171 1029 263 1091 bono
282 1029 384 1102 vitae,
405 1039 440 1091 et
464 1049 524 1110 per
544 1029 713 1092 “domum
731 1029 898 1111 Josephi''
914 1032 970 1112 qui
994 1033 1028 1093 in
1051 1033 1132 1094 veris
1147 1032 1205 1094 doc·

115 1124 225 1187 trinae
238 1143 244 1185 :
266 1143 325 1204 per
337 1127 520 1186 “montem
534 1123 673 1186 Zionis”
685 1124 740 1186 ubi
751 1124 814 1187 erit
826 1126 989 1206 “ereptio
999 1135 1033 1188 et
1044 1123 1204 1197 sanctitas?

115 1216 325 1298 significatur
351 1236 447 1279 amor
474 1218 507 1279 in
536 1216 732 1293 Dominum,
755 1237 775 1280 a
802 1239 871 1300 quo
894 1218 1043 1282 salvatio
1065 1230 1098 1283 et
1119 1239 1199 1300 aquo

116 1311 276 1375 Divinum
296 1311 446 1374 Verum:
470 1313 562 1393 quod
584 1312 734 1375 “domus
751 1313 870 1394 Jacobi
894 1313 994 1376 heres
1017 1316 1079 1377 crit
1101 1314 1198 1376 heredi·

117 1416 228 1469 tatum
245 1407 366 1468 domus
382 1415 417 1468 et
432 1407 558 1470 montis
571 1406 706 1479 Esavi,”
718 1418 754 1470 et
769 1408 860 1489 quod
873 1408 1025 1471 “domus
1040 1409 1144 1489 jacobi
1155 1408 1197 1470 erit

116 1500 163 1563 illi
187 1501 285 1582 ignis,
306 1510 341 1563 et
365 1500 486 1563 domus
503 1501 644 1582 Josephi
667 1501 832 1574 flamma,'’
851 1501 1023 1584 significat
1046 1503 1127 1586 quod
1146 1503 1197 1564 loco

115 1593 249 1657 illorum
272 1596 327 1676 qui
351 1615 411 1676 per
431 1600 450 1626 ‘⁴
463 1595 637 1658 Esavum”
656 1595 895 1677 intelliguntur
914 1599 1099 1673 successuri
1118 1595 1197 1680 quiin

83 1732 87 1743 .
114 1688 206 1751 bono
225 1690 315 1751 vitae
335 1689 522 1753 secundum
537 1710 617 1753 vera
636 1688 810 1754 doctrinae
826 1702 907 1755 sunt
923 1713 931 1769 ;
956 1712 1035 1755 nam
1054 1695 1087 1755 in
1104 1690 1196 1755 mundo

113 1783 278 1864 spirituali
297 1782 335 1846 fit
355 1785 414 1855 ita,
433 1784 524 1866 quod
543 1786 600 1867 qui
619 1786 652 1848 in
671 1784 760 1848 fastu
779 1807 824 1848 ex
848 1789 984 1868 propria
1004 1785 1195 1868 intelligentia

115 1877 260 1952 suerunt,
285 1889 320 1942 et
347 1899 384 1941 se
408 1878 693 1943 confirmaverunt
719 1900 764 1942 ex
788 1879 906 1944 Verbo
933 1884 967 1944 in
999 1883 1197 1963 talibusque

116 1971 231 2035 favent
251 1973 421 2035 amoribus
438 1974 488 2036 sui
506 1984 541 2036 et
559 1974 686 2048 mundi,
703 1986 872 2056 occupent
890 1973 1020 2039 tractus
1036 1989 1071 2039 et
1087 1984 1197 2044 montes,

114 2075 149 2129 et
169 2067 232 2129 sibi
250 2066 376 2130 iaciunt
397 2068 441 2130 ibi
460 2069 568 2130 instar
586 2068 683 2142 caeli,
706 2069 886 2132 credentes
906 2071 999 2151 quod
1018 2071 1138 2134 caelum
1152 2067 1197 2131 illis

115 2161 159 2223 sit
178 2181 258 2242 prae
277 2161 372 2239 aliis;
396 2162 456 2224 sed
476 2159 602 2225 exacto
621 2171 776 2244 ternpore
799 2163 979 2244 ejiciuntur
999 2164 1081 2229 locis
1098 2166 1161 2237 suis,
1173 2169 1197 2223 et

115 2255 160 2318 ibi
179 2256 366 2319 succedunt
387 2258 443 2337 qui
466 2257 499 2318 in
523 2256 614 2318 bono
633 2258 724 2319 vitae
747 2258 935 2321 secundum
958 2281 1039 2323 vera
1062 2256 1197 2323 doctrinae

114 2367 159 2409 ex
176 2347 328 2410 Domino
340 2357 420 2410 sunt
438 2365 479 2422 (de
488 2377 538 2422 qua
546 2377 571 2409 re
581 2365 691 2410 videatur
700 2366 844 2423 opusculum
854 2367 892 2412 De
903 2368 994 2413 {litim
1002 2368 1125 2429 Judr'cr'o);
1142 2348 1197 2413 inde

113 2449 271 2503 constare
289 2450 406 2521 potest
423 2441 502 2522 quid
520 2442 553 2503 in
569 2461 671 2504 sensu
687 2442 821 2505 interno
838 2442 1051 2524 significatur
1068 2465 1121 2526 per
1132 2437 1195 2524 quod

115 2540 133 2566 “
143 2536 263 2598 domus
272 2535 389 2616 Jacobi
403 2537 465 2598 erit
481 2536 578 2598 heres
591 2535 823 2600 hereditatum
836 2539 985 2611 eorum,’'
994 2550 1028 2603 et
1040 2540 1121 2623 quod
1132 2535 1196 2598 “erit

112 2630 211 2710 ignis,
243 2631 363 2692 domus
390 2629 529 2712 Josephi
559 2630 706 2705 flamma,
735 2641 770 2694 et
798 2632 920 2694 domus
948 2633 1052 2696 Esavi
1078 2624 1196 2714 stipula.’'

112 2725 216 2806 Apud
235 2725 408 2799 Amorum,

163 2873 238 2938 “Qui
253 2873 427 2922 modulantur
438 2888 519 2936 super
531 2874 630 2931 nablio,
640 2874 709 2923 sicut
722 2873 810 2923 David
823 2876 982 2938 excogitant
991 2878 1042 2926 sibi
1055 2878 1195 2927 instrumenta

241 2949 345 2996 cantus,
358 2940 401 3002 qui
415 2940 509 2988 bibunt
522 2955 554 2987 ex
567 2941 676 3003 scyphis
689 2941 753 2998 vini,
765 2951 791 2989 et
803 2941 929 3003 primitiis
942 2943 1064 2992 oleorum
1076 2958 1103 2992 se
1112 2943 1193 3002 unul

242 3006 290 3054 sed
303 3020 383 3067 super
395 3003 582 3054 contractione
593 3004 705 3069 Josephi
719 3020 773 3054 non
786 3007 939 3056 afficiuntur
951 3009 1046 3057 dolore
1055 3008 1069 3026 ’‘
1080 3008 1119 3068 (vi.
1129 3017 1147 3065 5,
1155 3001 1182 3062 il:

110 3162 223 3244 agitur
235 3162 278 3223 ibi
294 3162 335 3224 de
353 3161 418 3223 illis
434 3162 489 3243 qui
503 3158 698 3224 affectiones
712 3162 819 3224 bonas
835 3164 868 3225 in
885 3167 1041 3227 externis
1057 3161 1190 3227 simulant.

110 3265 209 3318 etex
230 3255 348 3317 Verbo
372 3256 466 3337 plura
486 3256 660 3318 adducunt
685 3256 728 3317 ad
752 3255 1036 3332 confirmandum,
1056 3266 1190 3321 ettamen

109 3352 249 3413 interius
270 3350 349 3412 mali
369 3362 469 3425 sunt;
498 3350 656 3413 simulare
680 3353 886 3422 inexternis
908 3351 1101 3416 affectiones
1115 3352 1189 3413 bonas

109 3444 317 3527 significatur
345 3467 404 3527 per
434 3446 628 3508 “modulari
657 3467 756 3527 super
784 3445 910 3521 nabli0,
940 3451 1128 3530 excogitare
1148 3436 1189 3503 sibi

109 3541 336 3604 instrumenta
356 3552 488 3614 cantus,
509 3561 547 3604 ac
573 3543 727 3623 primitiis
751 3541 903 3604 oleorum
923 3564 960 3606 se
981 3564 1103 3626 ungere
1112 3539 1133 3618 ;”
1148 3532 1188 3598 ad·

109 3634 232 3697 ducere
252 3635 347 3716 plura
367 3657 411 3698 ex
432 3635 548 3699 Verbo
568 3645 603 3698 ut
624 3647 823 3718 appareant,
841 3637 1053 3718 significatur
1070 3655 1120 3720 per
1135 3627 1187 3690 “bl-

109 3730 188 3792 bere
212 3751 256 3792 ex
281 3730 419 3812 scyphis
443 3730 550 3806 vini;'’
580 3731 670 3812 quod
694 3731 777 3794 nihil
801 3742 920 3794 curent
944 3753 1026 3795 vera
1057 3726 1188 3794 doetrinae

109 3824 285 3899 ecclesiae,
306 3828 332 3888 si
356 3824 410 3887 vel
435 3825 579 3888 ecclesia
602 3847 661 3907 per
680 3825 763 3888 salsa
787 3828 923 3908 periret,
944 3826 1137 3908 significatur
1149 3829 1188 3898 per

110 3924 238 4001 “super
262 3917 491 3983 confractione
513 3919 652 4002 Josephi
677 3940 745 3982 non
768 3919 960 3984 afficiuntur
984 3920 1097 3985 dolore
1106 3914 1127 3996 ;'’
1148 3923 1188 3992 Pel

110 4012 324 4095 “Josephum
335 4013 349 4037 ”
366 4012 570 4094 intelligitur
586 4014 731 4078 ecclesia
750 4015 943 4096 spiritualis,
962 4037 1048 4098 quae
1066 4023 1112 4078 est
1126 3994 1186 4087 apud

108 4106 185 4170 illos
204 4109 259 4190 qui
279 4109 312 4170 in
331 4110 419 4171 veris
438 4106 613 4172 doctrinae
632 4120 722 4173 sunt.
768 4108 872 4191 Apud
890 4109 1066 4186 Davidem,

159 4255 282 4307 “Pastor
296 4257 413 4317 Israelis,
426 4260 537 4310 adverte
549 4274 652 4317 aurem,
663 4259 765 4309 ducens
777 4259 847 4308 sicut
858 4272 969 4320 gregem
981 4257 1131 4323 Josephuml
1143 4236 1188 4297 lul

237 4325 306 4372 dens
319 4325 451 4384 cherubis,
460 4326 577 4388 effulge;
595 4339 686 4374 coram
699 4325 835 4387 Ephraim,
846 4323 991 4386 Beniamin
1003 4334 1030 4374 et
1044 4322 1149 4372 nentur
1157 4316 1187 4357 ⁸¹·

238 4390 292 4438 cita
304 4394 452 4452 potentiam
461 4401 545 4451 tuam,
555 4406 586 4441 ac
596 4392 634 4441 ito
645 4391 672 4440 in
682 4392 796 4441 salutent
807 4389 886 4439 nobis
893 4389 908 4409 '⁹
918 4389 975 4451 (1³³.
985 4391 1056 4440 lxxx.
1068 4398 1109 4448 m
1119 4379 1153 4449 [B.
1161 4369 1185 4422 A·

240 4468 262 4514 1,
275 4452 328 4520 2]):
