2684 4988
111 669 211 711 omne
234 649 385 729 regimen
405 650 572 714 Domino.
602 657 687 732 per⁴
692 657 799 715 ‘mare
818 652 903 715 vidit
925 662 961 716 et
985 653 1108 735 sugit]
1110 675 1139 716 or
1139 652 1183 716 n

110 744 235 806 avertit
258 765 293 805 se
318 744 521 815 retrorsum’
523 744 755 825 'significatur
776 747 866 827 quod
889 747 1046 810 discussis
1067 748 1183 811 maliset

109 837 201 899 falsis
220 858 305 919 quae
324 837 357 898 in
377 838 520 901 naturali
539 839 686 912 homine,
703 842 926 904 successerint
942 862 1022 904 vera
1039 839 1185 904 scientifica

110 467 173 546 908
420 479 670 531 APOCALYPSIS
692 480 916 532 EXPLICATA.
1217 36 1236 657 1

1143 664 1236 951 l

110 943 145 994 et
158 933 372 1013 cognitiones
385 935 452 995 veri
465 945 500 996 et
513 934 646 1010 boni3‘
650 940 801 997 ⁴montes
813 935 981 998 saltarunt
994 938 1077 999 sicut
1087 937 1184 1009 arietes

110 1026 217 1089 colles
240 1028 326 1090 sicut
353 1025 409 1089 filii
436 1029 560 1108 gregis,
564 1026 769 1109 ”significat
796 1031 886 1111 quod
913 1031 1038 1094 bonum
1064 1030 1184 1104 caeleste,

110 1123 200 1205 quod
213 1133 265 1185 est
281 1122 406 1184 bonum
419 1124 553 1195 amoris,
567 1142 605 1185 ac
618 1125 744 1185 bonum
757 1124 929 1205 spirituale
942 1126 1031 1207 quod
1043 1137 1092 1188 est
1102 1141 1184 1188 verunt
1218 1166 1236 1215 'u

109 1239 154 1282 ex
178 1218 237 1280 illo
256 1218 356 1291 bono,
376 1237 420 1278 ex
439 1218 564 1297 gaudio
582 1217 706 1280 iaciant
729 1218 818 1281 bona
840 1239 899 1281 seu
922 1220 1027 1283 edant
1050 1217 1185 1294 effectum
1218 1222 1236 1279 l

112 1319 276 1374 “montes
287 1311 302 1334 ”
320 1308 511 1391 significant
533 1312 658 1373 bonum
678 1313 810 1385 amoris,
832 1312 989 1376 ⁴‘colles”
1009 1315 1091 1377 bona
1107 1312 1185 1376 chari·
1221 1264 1236 1407 l

110 1407 203 1478 tatis,
216 1424 301 1486 quae
314 1405 347 1466 in
361 1425 420 1466 sua
432 1406 580 1467 essentia
592 1414 670 1467 sunt
684 1426 762 1468 vera
774 1426 817 1469 ex
833 1406 892 1469 illo
904 1408 996 1470 bono
1010 1429 1017 1482 ;
1042 1403 1185 1478 “saltare’'
1232 1412 1236 1485 ξ

110 1499 241 1581 quiade
254 1498 329 1570 illis,
343 1497 509 1579 significat
523 1519 567 1560 ex
582 1499 707 1579 gaudio
720 1499 827 1563 lacere
841 1501 930 1562 bona
944 1523 951 1576 ;
975 1501 1092 1563 dicitur
1103 1501 1185 1562 “sicut
1232 1552 1236 1585 4

110 1595 233 1656 arietes
249 1602 285 1654 et
305 1594 389 1654 sicut
407 1591 463 1654 lilii
482 1592 625 1672 gregis,”
640 1594 717 1673 quia
734 1594 884 1656 “arietes
893 1594 908 1617 ”
923 1595 1108 1675 significant
1124 1593 1185 1656 bont
1232 1674 1236 1683 Ι

110 1688 285 1750 charitatis
304 1697 338 1750 et
359 1686 442 1748 “filii
462 1687 576 1766 gregis
585 1685 599 1709 ”
617 1707 697 1748 vera
715 1687 812 1749 inde:
842 1689 1043 1751 instauratio
1060 1686 1184 1750 ecclesiae
1230 1724 1234 1729 -

110 1783 154 1844 ab
169 1781 244 1855 illis,
259 1802 317 1844 seu
333 1783 547 1861 regeneratio
563 1782 735 1843 hominum
752 1781 927 1856 ecclesiae,
943 1782 1135 1863 significatur
1146 1795 1185 1860 per

112 1883 131 1908 ‘⁴
141 1877 254 1939 coram
269 1876 344 1938 Deo
356 1876 500 1957 parturis
516 1886 617 1947 terra,
631 1895 745 1938 coram
758 1876 833 1939 Deo
844 1877 971 1956 Jacobi,
986 1879 1042 1958 qui
1057 1871 1184 1939 convertit
1233 1888 1236 1893 ·

110 1982 242 2053 petram
256 1971 288 2032 in
303 1981 461 2049 stagnum
475 1989 633 2050 aquarum
647 1980 682 2032 et
695 1970 822 2032 silicem
838 1972 870 2032 in
887 1971 1016 2035 sontem
1029 1985 1160 2052 aquarum
1167 1961 1185 2042 ;”
1234 2004 1236 2009 ·

112 2071 131 2096 ⁴⁴
141 2075 230 2127 terra
238 2065 252 2088 ''
266 2075 318 2127 est
332 2064 485 2136 ecclesia,
499 2075 534 2126 et
551 2063 608 2126 illa
621 2071 641 2095 ⁴⁴
651 2066 812 2145 parturire
823 2064 838 2087 ¹¹
851 2065 972 2128 dicitur
984 2085 1081 2147 quum
1092 2065 1184 2126 instar·

110 2171 202 2223 ratur
220 2180 278 2222 seu
301 2160 404 2221 homo
426 2158 589 2221 ecclesiae
608 2179 626 2220 e
646 2179 736 2221 novo
758 2169 958 2239 generatur;
989 2169 1119 2223 ⁴⁴coram
1136 2153 1184 2216 Du·

111 2256 202 2316 mino
210 2254 225 2277 ”
241 2265 275 2316 et
294 2261 312 2285 ⁴⁴
323 2272 435 2315 coram
455 2252 529 2314 Deo
539 2251 679 2333 Jacobi’'
691 2253 822 2326 dicitur,
835 2255 993 2335 quoniam
1010 2254 1064 2315 ubi
1077 2251 1185 2315 debono

110 2350 233 2411 amoris
259 2349 371 2428 agitur
398 2347 564 2409 Dominus
590 2347 622 2409 in
651 2346 768 2411 Verbo
794 2348 916 2410 dicitur
944 2342 1184 2417 “Dominus,''et

111 2462 185 2505 cum
202 2443 244 2505 de
260 2443 357 2504 bonis
373 2439 449 2504 ac'tu
467 2441 588 2502 ⁴⁴Deus
603 2441 719 2522 Jacobi
731 2440 758 2503 :”
780 2443 994 2522 regeneratio
1010 2462 1068 2523 per
1078 2458 1141 2502 vera
1151 2452 1181 2496 cx

110 2538 210 2609 bono,
228 2535 435 2617 significatur
451 2556 509 2617 per
527 2537 723 2599 “convertit
744 2547 873 2617 petram
894 2537 926 2597 in
944 2546 1097 2617 stagnum
1111 2548 1183 2612 aqua·

110 2653 181 2694 rum
190 2643 225 2694 et
236 2632 363 2694 silicem
374 2631 405 2692 in
418 2630 545 2693 sontem
557 2651 736 2711 aquarum,
729 2630 754 2664 ·'’
773 2650 832 2712 per
843 2637 862 2660 ‘⁴
872 2641 1033 2710 stagnum
1042 2616 1185 2744 aquarun'¹

110 2725 340 2807 significantur
352 2726 565 2805 cognitiones
578 2725 657 2795 veri,
671 2734 706 2786 et
719 2745 778 2805 per
791 2724 948 2787 ⁴⁴sontem
961 2743 1112 2806 aquarum
1118 2719 1183 2796 '’sig-

110 2819 263 2883 nificatur
283 2819 432 2881 Verbum
452 2840 496 2880 ex
520 2839 587 2900 quo
610 2818 698 2890 illae,
719 2829 754 2881 et
778 2838 836 2899 per
861 2819 1037 2900 ⁴⁴'petram
1040 2809 1184 2879 ’naturalis

110 2916 213 2977 homo
231 2914 342 2996 quoad
362 2934 476 2976 verum
500 2925 581 2975 ante
605 2913 889 2985 reformationem,
908 2924 944 2975 et
968 2934 1027 2994 per
1047 2898 1184 2974 “silicen”

110 3009 272 3072 naturalis
291 3010 393 3071 homo
412 3008 522 3089 quoad
546 3009 670 3070 bonum
690 3018 770 3069 ante
793 3007 1074 3071 reformationem
1112 2993 1183 3081 Apud

110 3096 265 3166 eundem,

161 3222 274 3271 “Vitem
286 3237 320 3270 ex
332 3222 458 3297 Aegypto
470 3220 600 3282 proficisci
613 3219 707 3274 iecisti.
722 3219 846 3281 expulisti
858 3230 963 3281 gentes,
975 3230 1003 3269 et
1015 3216 1137 3298 plantasti
1136 3220 1182 3260 affl
1228 3250 1236 3271 4

278 3288 391 3349 ..operti
404 3296 467 3334 sunt
482 3296 587 3333 montes
599 3287 694 3333 umbra
705 3284 773 3347 ejus.
787 3295 814 3334 et
828 3286 910 3334 ramis
922 3286 982 3347 ejus
996 3287 1064 3335 cedri
1080 3280 1131 3333 Dei'
1133 3274 1184 3336 ’(Ῑ)ς
1229 3282 1236 3371 l

239 3325 611 3415 lrlxxW911[BA810])
1227 3374 1236 3573 p

110 3503 168 3564 per
192 3483 325 3545 ⁴⁴vitem
353 3503 397 3543 ex
422 3479 609 3561 Aegypto”
633 3477 838 3559 significatur
864 3479 1010 3543 ecclesia
1035 3467 1185 3572 spiritualis,

109 3598 194 3658 quae
211 3578 326 3657 incipit
343 3575 431 3656 apud
450 3575 619 3637 hominem
639 3593 698 3654 per
714 3572 897 3636 scientifica
912 3585 948 3636 et
965 3561 1185 3654 cognitionesill

110 3671 253 3733 naturali
266 3671 444 3746 homine
449 3664 557 3731 ‘vitis’
559 3669 630 3731 est
643 3668 786 3731 ecclesia
799 3669 991 3749 spiritualis
1005 3678 1060 3731 et⁴
1064 3667 1186 3742 ⁴AegyP·

110 3764 653 3845 tus”estsc1ent1ficumquodrn
673 3763 814 3826 naturali
834 3764 988 3825 homine:
1014 3785 1071 3845 per
1085 3762 1236 3836 “'expt¹·
1231 3796 1236 3849 5

110 3859 177 3921 listi
197 3871 328 3939 gentes,
349 3871 383 3923 et
404 3860 565 3941 plantasti
588 3878 674 3931 eam,
677 3858 692 3882 ”
710 3857 917 3938 significatur
936 3859 1026 3940 quod
1046 3858 1188 3940 postquam
1232 3896 1236 3923 .

110 3954 199 4016 mala
212 3956 289 4016 inde
303 3977 332 4036 ε]
326 3953 410 4018 ecia
423 3966 500 4017 sunt
514 3954 677 4016 ecclesia'
669 3964 856 4015 instaurata
869 3955 934 4028 sit;
960 3962 1106 4035 “gentes
1112 3943 1188 4008 ”sunl

110 4049 209 4120 mala,
230 4056 292 4110 et‘
297 4049 468 4130 plantare
485 4048 612 4111 vitem
631 4059 683 4111 est
706 4049 891 4111 instaurare
914 4048 1008 4110 illam
1027 4042 1192 4110 ecclesiam

109 4165 168 4224 per
192 4147 329 4224 ⁴⁴operti
353 4156 431 4207 sunt
455 4155 589 4207 montes
612 4145 729 4206 umbra
751 4143 830 4224 ejus,
854 4154 889 4205 et
915 4145 1017 4206 ramis
1040 4142 1106 4223 ejus
1127 4120 1198 4200 cellsi

110 4237 203 4310 Dei,”
220 4238 427 4318 significatur
443 4241 531 4321 quod
551 4251 626 4302 tota
642 4261 686 4302 ex
704 4239 800 4301 bonis
819 4248 854 4301 et
872 4239 958 4300 veris
977 4233 1204 4319 spiritualibus,

111 4333 297 4394 ‘⁴”montes
316 4344 394 4396 sunt
418 4336 508 4397 bona
526 4335 721 4414 spiritualia
741 4340 804 4396 et⁴
809 4333 918 4394 ‘cedri
942 4333 1031 4395 Dei”
1049 4341 1123 4395 sunt
1138 4327 1215 4390 ver²

109 4427 301 4507 spiritualia.
348 4427 448 4509 Quod
467 4426 601 4492 eductio
617 4428 759 4491 liliorum
780 4426 914 4490 Israelis
933 4448 977 4490 ex
995 4428 1163 4510 Aegypto,
1176 4409 1225 4482 οἵ
