2684 4988
112 481 179 564 684
425 497 675 549 suocsnuesrs
698 496 922 548 exsucata

112 667 238 730 minem
256 675 291 730 et
308 666 386 729 inde
399 668 505 729 vitam
518 689 526 744 ;
550 677 585 731 et
598 668 755 750 quoniam
770 667 816 731 illi
833 669 895 731 sibi
908 667 1098 742 confidunt,
1112 678 1148 731 et
1166 688 1228 731 non

113 759 273 834 Domin0,
293 762 416 824 dicitur
436 761 544 825 “Non
567 762 750 844 respiciunt
773 763 815 824 ad
839 760 1001 825 Sandium
1026 762 1174 835 Israelis,
1198 772 1228 826 el

111 851 276 933 Jehovam
296 851 419 937 [¹¹¹non]
437 865 613 937 quaerunt.
659 855 715 918 Ex
732 856 784 918 his
800 876 887 918 nunc
901 856 1005 919 videri
1023 866 1140 938 potest
1154 856 1228 938 quid

112 946 322 1027 significatur
349 968 408 1031 per
436 955 583 1031 “equos
612 969 727 1012 currus
753 959 789 1013 et
816 950 989 1013 exercitus
1017 949 1228 1024 Pharaonis*

112 1040 202 1123 apud
220 1041 347 1117 Mosen,

163 1173 328 1225 “Gloriosus
346 1176 441 1225 reddar
453 1176 479 1225 in
495 1175 635 1225 Pharaone
652 1186 680 1226 et
697 1177 724 1225 in
738 1177 856 1226 exercitu
867 1176 927 1238 ejus
929 1213 999 1234 .....
1005 1186 1032 1225 et
1051 1177 1079 1224 in
1099 1177 1228 1239 equitibus

241 1239 309 1302 ejus.
339 1277 361 1290 ..
372 1240 434 1291 ..Et
447 1242 577 1304 persecuti
590 1251 653 1291 sunt
662 1240 789 1304 Aegyptii
798 1242 811 1260 ”
822 1242 891 1290 filios
902 1241 1019 1298 Israelis.
1035 1244 1051 1265 ¹¹
1060 1252 1088 1290 et
1101 1251 1228 1290 venerunt

242 1313 303 1367 post
321 1306 382 1354 illos
394 1306 454 1369 equi
469 1305 626 1363 Pharaonis.
640 1321 732 1356 currus
743 1307 811 1368 ejus.
826 1318 852 1356 et
869 1309 973 1370 equites
986 1307 1055 1367 ejus.
1071 1307 1098 1355 in
1114 1308 1227 1355 medium

242 1371 324 1419 maris
333 1386 351 1425 ς.
362 1408 368 1420 .
378 1408 384 1421 .
395 1382 433 1420 .et
442 1370 576 1434 Jehovah.
586 1408 592 1421 .
603 1409 608 1421 .
619 1373 745 1421 ‚removit
755 1383 840 1421 rotam
850 1387 975 1421 curruum
985 1373 1054 1433 ejus.
1064 1384 1095 1420 ut
1103 1373 1226 1420 ducerent

241 1449 301 1485 cum
309 1436 463 1485 difficultate
473 1450 491 1491 ;.
501 1473 507 1486 .
517 1473 523 1485 .
533 1447 572 1485 ,et
581 1451 640 1485 cum
651 1436 742 1486 Moses
750 1438 870 1485 extendit
877 1452 985 1485 manum
993 1452 1075 1498 super
1083 1452 1157 1485 mare
1160 1473 1225 1490 .....

241 1515 365 1577 reversae
377 1511 440 1550 sunt
451 1516 545 1585 aqum:
557 1511 584 1551 et
596 1512 759 1579 operuerunt
770 1517 863 1552 currus
875 1513 901 1551 et
914 1503 1016 1606 etpuites
1029 1517 1091 1551 cum
1104 1503 1228 1550 universo

241 1577 359 1614 exercitu
372 1566 520 1615 Pharaonis
555 1567 648 1629 (Exod.
658 1583 712 1616 xiv.
725 1579 763 1627 17,
775 1568 814 1624 18,
825 1580 864 1628 23.
876 1579 915 1627 25,
925 1564 991 1627 1¹27,
1003 1569 1061 1629 28);

111 1688 147 1742 et
165 1678 254 1760 apud
274 1679 430 1754 eundem,

163 1788 292 1838 “Cecinit
311 1788 403 1838 Moses
419 1799 447 1838 et
465 1789 510 1838 filii
535 1790 645 1840 Israelis
663 1791 796 1839 canticum
815 1791 865 1838 hoc
883 1789 1228 1853 Jehovae:....Cantando

242 1856 357 1902 cantabo
374 1853 502 1917 jehovae,
517 1856 580 1918 quia
597 1856 741 1904 exaltando
753 1855 882 1903 exaltavit
899 1856 942 1911 Se,
958 1869 1056 1918 equum
1070 1867 1097 1903 et
1115 1856 1228 1918 equitem

242 1918 300 1980 ejus
314 1919 426 1981 projecit
444 1920 470 1968 in
484 1934 580 1978 mare„
590 1957 597 1970 .
607 1957 613 1970 .
623 1930 662 1970 ,et
679 1934 771 1969 currus
783 1930 810 1969 et
827 1920 973 1968 exercitum
986 1919 1046 1982 ejus
1054 1919 1068 1938 ”
1081 1921 1177 1980 (ΕΜ.
1187 1934 1228 1969 xv.

244 1996 266 2042 1,
275 1997 300 2044 4,
312 1997 350 2046 19,
361 1986 417 2046 21):

111 2098 189 2181 quid
206 2119 266 2180 per
278 2103 410 2181 “equos
426 2110 462 2162 et
475 2120 589 2163 currus
602 2099 785 2162 Pharaonis
793 2099 808 2123 ’¹
819 2121 877 2161 seu
891 2099 1070 2182 “Aegypti
1080 2100 1095 2122 ”
1105 2097 1228 2180 signifi·

111 2202 217 2267 catur,
233 2214 332 2275 supra
345 2191 470 2256 diiium
487 2203 540 2256 est
553 2216 560 2270 ;
585 2214 645 2276 per
658 2193 900 2256 “exercitum”
912 2193 982 2274 ejus
998 2193 1228 2274 significantur

111 2288 225 2349 omnia
247 2287 331 2349 salsa
354 2288 386 2349 in
410 2307 536 2368 genere
560 2297 595 2350 et
618 2288 652 2350 in
671 2288 803 2369 specie;
828 2297 863 2350 et
887 2308 946 2369 per
966 2293 1088 2349 “mare
1097 2287 1112 2310 ”
1128 2288 1228 2367 signi·

110 2381 230 2445 ficatur
248 2382 425 2444 damnatio
447 2391 482 2443 et
507 2381 683 2455 infernum,
705 2382 760 2444 ubi
783 2401 901 2444 omnes
925 2390 1003 2443 sunt
1027 2383 1059 2442 in
1085 2383 1228 2463 proprio,

110 2476 187 2557 quia
214 2476 247 2537 in
271 2475 417 2538 naturali
445 2474 581 2538 homine
605 2484 765 2557 separato
787 2496 807 2538 a
830 2474 1004 2558 spirituali,
1029 2485 1064 2537 et
1093 2476 1172 2538 inde
1198 2477 1229 2537 in

110 2572 220 2632 omnis
237 2571 370 2650 generis
387 2569 484 2632 malis
501 2579 535 2632 et
552 2570 654 2633 salsis.
699 2568 815 2632 Simile
832 2589 891 2652 per
906 2576 1039 2651 “equos
1052 2568 1209 2652 Aegypti
1217 2567 1228 2594 ’¹

111 2663 320 2745 significatur
339 2665 372 2727 in
392 2664 454 2738 his,
475 2664 563 2746 apud
582 2663 709 2733 Mosen.

162 2798 214 2847 “Si
228 2794 363 2855 1⁸1dixeris,
382 2796 484 2845 Ponam
503 2811 584 2859 super
601 2811 645 2845 me
663 2811 777 2858 regem..
789 2797 960 2858 ...ponendo
976 2793 1089 2858 [⁴lpones
1107 2811 1189 2858 super
1205 2805 1228 2846 tt

240 2878 329 2924 regem
343 2877 421 2925 quem
432 2863 543 2924 elegerit
554 2861 676 2925 Jehovah
690 2862 763 2910 Deus
774 2872 846 2910 tuus.
856 2898 862 2910 .
872 2876 894 2918 .;
912 2862 993 2910 modo
1003 2877 1058 2909 non
1072 2862 1228 2924 multiplicet

240 2928 290 2976 sibi
298 2943 391 2990 equos,
401 2942 450 2975 nec
461 2928 568 2975 reducat
577 2928 706 2990 populum
717 2927 744 2975 in
754 2927 907 2989 Aegyptum
918 2938 946 2974 ut
957 2927 1114 2989 multiplicet
1122 2942 1208 2990 equos
1216 2925 1228 2946 '¹

240 2993 330 3054 (Dent.
340 2994 403 3042 xvii.
416 2993 520 3054 14-16):

109 3116 194 3180 haec
223 3114 313 3179 dicta
340 3126 419 3178 sunt
446 3116 489 3177 de
516 3135 607 3195 rege,
637 3116 713 3197 quia
743 3135 803 3197 per
829 3135 927 3196 reges
954 3125 1228 3198 repraesentatur

110 3211 276 3274 Dominus
307 3211 418 3293 quoad
450 3210 610 3271 Divinum
641 3209 779 3282 Verum,
810 3219 846 3272 et
876 3230 935 3291 per
967 3215 1096 3289 “reges
1107 3208 1122 3232 ’'
1153 3209 1228 3273 inde

109 3301 344 3384 significantur
362 3321 442 3363 vera
461 3322 506 3362 ex
526 3302 618 3362 bono
636 3320 655 3362 a
675 3299 826 3362 Domino
842 3317 961 3374 (videatur
971 3329 1050 3373 supra,
1062 3329 1085 3362 n.
1099 3317 1172 3378 31);
1195 3311 1228 3363 et

109 3396 186 3476 quia
204 3415 284 3457 vera
308 3415 352 3456 ex
376 3394 467 3456 bono
486 3393 637 3455 resident
660 3393 692 3454 in
717 3392 880 3473 spirituali
904 3392 1052 3465 homine,
1073 3402 1109 3454 ut
1130 3412 1228 3474 supra

108 3486 235 3551 didium
262 3498 327 3562 est,
352 3498 387 3550 et
412 3485 599 3550 scientifica
623 3507 708 3568 quae
731 3497 809 3550 sunt
836 3486 999 3549 naturalis
1027 3486 1174 3548 hominis
1201 3487 1228 3549 ei

108 3584 291 3645 inservient
309 3583 394 3644 sicut
409 3583 494 3644 servi
508 3602 569 3643 suo
582 3578 756 3652 ¹⁵¹d0mino‚
771 3581 848 3642 inde
862 3580 994 3653 dicitur,
1011 3581 1145 3642 “modo
1163 3599 1228 3642 non

108 3675 313 3764 multiplicet
332 3676 394 3739 sibi
413 3696 528 3758 equos,
549 3694 611 3737 nec
632 3674 772 3736 reducat
793 3674 954 3756 populum
973 3676 1006 3735 in
1026 3673 1228 3756 Aegyptum

108 3776 145 3833 tlt
173 3770 376 3852 multiplicet
405 3770 539 3852 equ0s‚'’
563 3790 622 3851 per
649 3789 735 3851 quae
763 3768 982 3848 significatur,
1010 3770 1113 3830 modo
1142 3789 1185 3831 ne
1212 3789 1229 3831 a

108 3865 273 3947 spirituali
297 3865 433 3927 homine
457 3863 515 3926 fiat
540 3863 715 3937 naturalis,
736 3873 771 3925 et
795 3873 904 3925 semet
928 3865 1037 3944 ipsum
1059 3864 1176 3937 ducat,
1196 3874 1228 3927 et

108 3979 169 4020 suo
192 3959 329 4040 proprio
352 3958 436 4021 fidat
455 3968 490 4021 et
515 3978 583 4021 non
607 3957 776 4034 Domin03
801 3958 848 4019 ita
868 3977 910 4019 ne
930 3978 1009 4019 vera
1029 3977 1114 4038 quae
1134 3959 1228 4040 spiri·

108 4053 210 4115 tualis
238 4053 384 4115 hominis
412 4054 561 4115 serviant
589 4052 745 4125 naturali,
770 4062 805 4115 et
834 4071 902 4114 non
930 4050 1116 4114 scientifica
1145 4072 1228 4135 quae

109 4147 271 4210 naturalis
283 4147 428 4209 hominis
439 4147 613 4229 spirituali,
625 4147 688 4208 hoc
700 4147 790 4208 enim
801 4147 987 4208 secundum
998 4145 1154 4209 ordinem
1165 4157 1228 4221 est.

107 4238 190 4302 illud
206 4250 322 4303 autern
339 4251 460 4304 contra
476 4242 639 4303 ordinem.
685 4239 813 4304 Similia
830 4261 889 4323 per
904 4246 1036 4324 “equos
1050 4240 1228 4325 Aegypti”

107 4334 342 4415 significantur
360 4335 439 4397 alibi
458 4335 491 4397 in
512 4334 629 4397 Verbo

283 4467 332 4529 (Ut
343 4470 438 4532 Jerem.
448 4469 512 4519 xlvi.
522 4482 546 4529 4.
557 4483 587 4532 9:
603 4469 695 4519 Erech.
705 4468 770 4520 xvii.
782 4481 811 4529 15
822 4484 828 4530 ;
847 4484 905 4532 cap.
915 4469 990 4519 xxiii.
1002 4467 1051 4531 πο).
