2684 4988
333 492 413 548 cnr.
426 490 489 559 tu,
506 432 908 564 vnis.‘1⁶.2-n.412[-e].'
1108 476 1173 560 9⁸7

104 659 156 747 fitur
172 689 225 751 per
249 667 396 731 “videre
417 665 583 748 Jehovam
606 665 689 729 sacie
712 665 755 728 ad
782 662 930 739 saciem,”
953 672 988 725 et
1011 681 1071 744 per
1095 661 1174 723 “vi-

104 762 307 843 beithovam
318 771 353 825 et
364 781 432 825 non
443 759 555 824 mori.”
579 758 680 841 Quod
691 758 763 841 ipsa
773 759 884 832 iacies,
893 756 1004 838 quoad
1013 755 1175 818 interiora

106 878 148 920 uae
166 868 240 920 sunt
260 857 376 919 Divini
395 852 533 918 Amoris
557 852 676 937 Ipsius,
697 872 766 917 non
785 854 859 915 visa
876 853 931 926 sit,
951 860 1047 932 patet
1066 851 1173 913 mani·

104 962 147 1014 :ste
159 972 200 1014 ex
218 973 271 1027 eo,
292 951 384 1033 quod
404 950 493 1013 Mosi
511 947 638 1013 dietum
658 950 701 1013 sit

118 1099 183 1164 Quod
191 1115 276 1150 nemo
289 1100 377 1163 possit
388 1099 479 1149 videre
491 1097 587 1149 faeiem
599 1098 719 1164 jehovae
730 1107 758 1146 et
769 1096 860 1146 viuere
878 1094 971 1158 (exod.
983 1093 1073 1144 xxxiii.
1086 1094 1143 1156 20);

104 1263 216 1330 :usque
239 1259 358 1312 tamen
382 1248 513 1322 dicitur,
533 1247 622 1330 quod
643 1246 819 1308 “viderint
838 1244 1002 1325 Jehovam
1025 1241 1108 1306 facie
1131 1242 1174 1304 ad

104 1343 173 1404 ‚ciem
188 1342 212 1419 ;”
235 1363 280 1405 ex
298 1362 365 1424 quo
382 1341 559 1404 manifeste
578 1350 674 1422 patet
691 1340 781 1422 quod
799 1338 941 1401 “videre
957 1338 1057 1400 iacies
1071 1336 1173 1418 Jeho-

104 1428 151 1511 ae,''
169 1438 201 1499 in
227 1437 312 1499 iocis
340 1456 440 1516 supra
469 1433 634 1510 addubiis,
662 1432 830 1516 significet
858 1434 972 1495 videre
1000 1431 1114 1513 Ipsum
1142 1433 1174 1494 in

104 1533 267 1593 tenoribus
295 1530 412 1604 Verbi,
443 1529 606 1592 ecclesiae
636 1540 670 1592 et
702 1528 823 1601 cultus,
855 1527 945 1609 quod
975 1536 1092 1590 tamen
1123 1536 1175 1592 est

104 1625 171 1687 idere
190 1625 303 1706 ipsum
324 1626 357 1687 in
376 1625 528 1687 externis
551 1626 595 1686 ab
613 1625 763 1687 internis.
809 1620 909 1703 Quod
933 1641 1019 1702 gens
1035 1619 1176 1700 Judaica

104 1720 155 1781 urit
169 1719 201 1780 in
217 1720 372 1781 externis
389 1718 504 1789 Verbi,
521 1716 686 1781 ecclesiae
702 1728 736 1779 et
753 1716 864 1780 cuitus
879 1716 1007 1798 absque
1022 1714 1174 1788 internis,

104 1808 210 1872 ideatur
227 1812 261 1872 in
280 1809 447 1871 Dolirina
462 1808 581 1871 Nouae
595 1807 850 1888 Hierosolymae
860 1823 894 1880 (n.
905 1825 963 1880 248:
981 1822 1040 1879 quid
1050 1829 1175 1866 externum

104 1916 152 1960 tque
163 1905 261 1956 interno,
277 1912 301 1949 et
318 1906 378 1961 quid
395 1912 520 1949 externum
534 1904 559 1949 in
573 1917 623 1961 quo
638 1905 766 1956 internum,
781 1917 804 1949 n.
821 1916 858 1963 47,
868 1902 921 1961 ibi).
965 1884 1067 1966 Quod
1089 1897 1175 1965 gens

104 1981 193 2044 udaica
216 1981 295 2044 talis
319 1980 427 2055 fuerit,
448 1981 550 2043 etiam
574 1989 867 2061 repraesentatum
891 1987 926 2041 et
950 1975 1175 2059 significatum

104 2082 121 2136 rt
135 2095 187 2157 per

117 2203 183 2270 Quod
191 2201 483 2258 obvelaverint'iaciem
494 2198 613 2265 Domini,
624 2206 760 2256 cuederr‘nt
770 2205 852 2265 iilam,
863 2214 890 2256 et
899 2206 1054 2270 exspuerint
1065 2205 1092 2255 in
1103 2205 1176 2254 iilam

185 2275 295 2336 (Mami.
308 2274 381 2323 xxvi.
393 2274 424 2334 67
435 2287 441 2333 ;
459 2274 545 2323 Mar'c.
558 2273 612 2322 xiv.
624 2273 672 2333 65;
690 2273 753 2322 Luc.
765 2273 829 2321 xxii.
842 2272 884 2333 64)
892 2286 899 2331 ;

104 2435 139 2481 un
158 2420 272 2482 omnia
294 2439 381 2501 quae
404 2419 438 2482 in
461 2417 578 2481 Verbo
601 2427 832 2480 memorantur
855 2417 897 2479 de
925 2415 1083 2479 Passione
1107 2409 1177 2478 Do·

105 2511 150 2587 ini,
168 2523 426 2594 repraesentant
445 2523 480 2575 et
496 2510 689 2593 significant
707 2529 831 2575 arcana
847 2510 932 2573 caeli
948 2521 983 2573 et
999 2509 1175 2583 ecclesiae,

104 2608 153 2669 :in
175 2609 288 2690 specie
312 2606 429 2690 quales
450 2607 569 2688 Judaei
592 2607 724 2670 fuerunt
747 2607 858 2688 quoad
882 2605 1044 2679 Verbum,
1069 2604 1177 2668 eccle-

104 2717 142 2761 im
158 2710 193 2762 et
212 2699 355 2762 cultum.
393 2714 479 2776 (Quod
490 2715 565 2768 itasit,
576 2715 686 2760 videatur
696 2727 776 2772 supra,
787 2727 810 2759 n.
822 2697 873 2776 64,
885 2699 934 2777 83,
951 2710 1067 2777 195[c].)

121 2802 181 2886 [a]
212 2803 271 2866 Ex
288 2803 356 2866 illis
373 2824 462 2885 quae
480 2802 647 2868 haetenus
666 2802 841 2886 explicata
857 2813 947 2878 sunt,
965 2803 1042 2864 sciri
1059 2811 1177 2883 potest

104 2896 137 2958 td
157 2896 327 2978 significat
346 2897 476 2961 “iacies
498 2895 672 2977 Jehovae''
690 2916 749 2957 seu
773 2895 920 2969 Domini,
942 2896 1030 2977 quod
1055 2915 1177 2976 nempe

104 2992 216 3055 {vinum
233 2992 399 3055 Amorem
412 3012 451 3054 ac
468 3012 569 3054 omne
583 2991 714 3053 Bonum
728 2992 759 3051 in
772 2990 867 3052 caelo
877 3000 912 3052 et
923 2989 1065 3052 ecclesia
1079 2988 1157 3051 inde
1170 3010 1177 3065 ;

104 3085 182 3149 :hoc
199 3088 302 3149 etiam
316 3087 391 3148 sciri
405 3095 520 3168 potest
532 3085 611 3167 quid
625 3083 833 3165 significatur
845 3105 904 3165 per
915 3084 1151 3146 “abscondere
1163 3083 1178 3108 ”

104 3185 154 3242 ι’·
165 3180 337 3244 occultare
360 3179 492 3256 facies,''
509 3181 565 3242 ubi
588 3180 631 3242 de
652 3179 806 3260 Jehovah
829 3198 888 3241 seu
908 3178 1066 3252 Domino,
1087 3178 1178 3260 quod

104 3275 308 3357 :relinquere
328 3275 501 3338 hominem
520 3275 553 3336 in
573 3294 634 3336 suo
654 3274 799 3355 proprio,
819 3284 854 3336 et
878 3273 955 3335 inde
974 3275 1007 3335 in
1027 3272 1123 3335 malis
1142 3284 1177 3337 et

104 3367 150 3431 isis
176 3390 263 3452 quae
291 3390 336 3432 ex
364 3369 499 3450 proprio
522 3366 593 3449 ejus
616 3369 826 3444 scaturiunt;
858 3387 936 3428 nam
960 3368 1062 3430 homo
1086 3369 1118 3429 in
1141 3388 1177 3431 se

104 3459 231 3528 etratus
255 3484 324 3527 non
343 3473 397 3526 est
421 3464 483 3526 nisi
505 3481 607 3544 quam
626 3461 752 3524 malum
769 3472 807 3524 et
831 3462 908 3524 inde
927 3461 1057 3536 falsum,
1077 3472 1112 3524 et
1135 3462 1180 3524 ab

104 3556 130 3618 is
148 3558 318 3621 detinetur
340 3579 361 3620 a
380 3557 529 3620 Domino
553 3566 589 3621 ut
613 3557 645 3618 in
670 3557 760 3618 bono
783 3558 837 3629 sit,
858 3556 947 3636 quod
971 3554 1007 3618 fit
1031 3576 1089 3637 per
1108 3556 1178 3620 ele-

104 3651 228 3715 ttionem
239 3673 259 3715 a
269 3653 404 3734 proprio
418 3673 425 3730 ;
441 3652 520 3714 inde
530 3661 688 3713 constare
700 3662 814 3732 potest
828 3651 917 3733 quod
931 3670 990 3731 per
1003 3657 1022 3682 “
1033 3652 1178 3715 abscon-

104 3745 162 3807 tre”
182 3756 217 3810 et
241 3747 444 3810 “occultare
467 3744 597 3820 facies,”
620 3764 695 3808 cum
720 3745 762 3807 de
789 3745 948 3819 Domino,
972 3744 1179 3826 significetur

104 3835 242 3923 elinquere
261 3843 294 3905 in
315 3841 412 3904 malis
430 3849 465 3904 et
484 3840 597 3919 salsis5
621 3850 658 3902 ut
673 3840 706 3902 in
726 3841 944 3922 sequentibus
963 3840 1013 3903 his
1033 3839 1115 3904 locis
1127 3862 1179 3905 :-

104 3936 164 4012 pud
180 3935 378 4010 Jeremiam,

122 4074 358 4208 umfmfi⁰¹3m
376 4092 487 4128 omnum
504 4076 634 4128 melitium
651 4077 784 4127 occultavi
801 4077 884 4128 iacies
895 4092 970 4127 meas
982 4078 1017 4127 ab
1030 4079 1094 4128 urbe
1106 4077 1179 4129 hne”

197 4157 314 4205 muns
335 4159 343 4196 ι

104 4256 152 4332 pud
167 4258 317 4336 Esaiam,

123 4373 247 4428 ''recoeu
257 4387 350 4428 ventre
361 4377 561 4428 absconderunt
573 4377 678 4428 faciest
691 4377 741 4428 Dei
756 4380 799 4428 “n
808 4376 895 4438 vobis,
908 4390 938 4427 ut
955 4392 1010 4427 non
1022 4376 1155 4428 audiverit
1162 4371 1181 4453 ἰ

188 4443 295 4506 (liam
