2684 4988
362 469 451 521 car.
469 469 530 534 v1.,
547 469 649 521 vans.
665 471 775 540 9.-u.
793 455 919 541 374[b].
1142 475 1202 542 741

76 664 82 713 p
136 637 190 703 “ilii
209 641 343 705 armenti
354 640 372 691 3’
402 660 486 704 vera
516 640 681 704 naturalia
695 663 703 719 ;
737 642 822 707 haec
852 645 930 726 quia
959 643 1202 725 significantur,

76 720 85 809 i
135 747 244 799 vocamur
267 736 431 798 “bonurn
453 734 645 816 Jehovae:”
671 738 761 818 quod
784 736 850 800 illis
872 738 950 801 inde
974 737 1204 819 intelligentia

134 838 154 889 et
165 831 307 910 sapientia,
322 827 538 910 significatur
550 849 609 910 per
624 835 642 861 ‘⁶
652 828 709 893 liet
724 829 836 892 anima
849 850 963 893 eorum
980 833 1067 895 sicut
1084 832 1203 895 hortus

76 934 87 1003 ζ
133 922 249 1004 irriguus,”
265 944 325 1006 per
344 922 513 985 “hortum
523 923 537 945 ”
553 925 642 986 enim
663 925 695 986 in
713 924 829 987 Verbo
848 924 1057 1006 significatur
1076 927 1202 990 intelli·

76 1006 84 1103 'p
131 1019 215 1096 gentis,
228 1029 259 1083 et
277 1039 338 1101 per
357 1018 547 1098 “irriguum
556 1015 572 1039 ”
587 1019 748 1080 continue
764 1038 939 1081 crescens:
964 1020 1055 1101 quod
1071 1040 1138 1082 non
1158 1021 1204 1084 ibi

76 1108 81 1179 ξ
131 1110 317 1194 intelligantur
326 1113 492 1185 triticum,
502 1121 661 1185 mustum,
673 1111 796 1182 oleum,
808 1110 864 1174 filii
875 1114 989 1194 gregis
1000 1123 1034 1176 et
1045 1117 1201 1190 armenti,

76 1190 80 1205 '
130 1215 199 1283 patet,
219 1226 292 1269 nam
316 1206 442 1269 dicitur
467 1203 637 1268 “redemit
660 1205 814 1287 Jehovah
836 1205 1031 1286 Jacobum,”
1054 1217 1088 1270 et
1112 1209 1201 1289 quod

76 1308 78 1323 '
131 1296 302 1362 ‘'letanima
321 1318 439 1362 eorum
459 1301 545 1362 sicut
565 1298 683 1362 hortus
702 1296 873 1379 irriguus.'’
918 1297 1023 1380 Apud
1041 1299 1179 1374 Joclem,

160 1439 324 1491 “Deuutams
333 1450 456 1502 conger,
465 1439 532 1488 luxit
538 1449 617 1497 terra,
626 1420 862 1501 quiadevastar'um
870 1448 911 1489 est
919 1439 1092 1497 trumentum,
1100 1443 1204 1492 exaruit

217 1516 340 1561 mustum,
355 1506 468 1568 languet
480 1504 584 1562 oleum;
602 1502 738 1567 pudefacti
753 1514 816 1553 sunt
830 1505 973 1565 agricolae,
988 1505 1122 1567 ejularunt
1138 1508 1203 1555 vini·

216 1583 393 1697 lirredlasdlw
405 1570 495 1619 tritico
507 1579 534 1619 et
545 1584 625 1632 super
639 1569 750 1627 hordeo,
765 1584 798 1618 eo
810 1570 882 1633 quod
896 1570 1004 1632 perierlt
1016 1572 1113 1619 messis
1124 1573 1181 1632 agri
1188 1571 1203 1593 '⁰

127 1761 181 1828 laec
202 1788 262 1830 non
289 1764 382 1830 dicia
410 1776 488 1829 sunt
515 1767 557 1829 de
585 1786 667 1847 agro
694 1775 729 1829 et
757 1764 827 1848 ejus
854 1765 1047 1839 sterilitate,
1072 1767 1131 1829 sed
1159 1768 1203 1832 de

128 1860 228 1924 ecclesia
243 1872 277 1924 et
297 1861 368 1942 ejus
384 1861 599 1937 vastatione;
624 1882 726 1943 quare
746 1882 805 1943 per
824 1861 1000 1942 “agrum'’
1019 1860 1202 1936 “terram'’

129 1951 346 2029 ''frumentum‘'
359 1961 536 2018 “mustum
546 1955 561 1979 ”
572 1966 606 2018 et
619 1954 791 2029 “oleum'’
802 1975 869 2018 non
883 1954 940 2018 illa
953 1954 1201 2036 intelliguntur,

128 2046 164 2107 sed
180 2069 227 2129 per
243 2049 415 2131 “agrum”
434 2059 468 2112 et
492 2069 551 2131 per
568 2048 746 2112 “terram’'
765 2048 919 2122 ecclesia,
940 2048 1014 2131 (per
1032 2046 1204 2130 “agrum'’

128 2140 228 2206 ecclesia
243 2144 353 2227 quoad
373 2144 605 2225 receptionem
625 2152 660 2207 et
679 2145 951 2227 procreationem
967 2144 1036 2206 veri
1056 2154 1090 2206 et
1110 2143 1200 2219 boni,

127 2242 149 2293 et
161 2255 204 2315 per
217 2244 234 2268 “
245 2248 370 2301 terram
378 2237 395 2261 '⁹
411 2237 555 2300 ecclesia
571 2238 682 2320 quoad
701 2249 842 2318 gentem
861 2237 933 2318 ibi.)
951 2258 1010 2319 per
1028 2237 1201 2301 “frumen-

128 2332 306 2396 tun'¹bonum
317 2334 429 2395 omnis
440 2333 572 2414 generis
583 2333 1203 2415 inexternohomine,per‘⁴mustum”

128 2429 321 2490 verumetiam
341 2427 398 2501 ibi,
420 2448 478 2509 per
498 2433 517 2458 ‘¹
529 2425 642 2490 oleum
654 2426 669 2448 ”
688 2426 812 2489 bonum
836 2428 870 2489 in
889 2428 1024 2490 interno
1043 2426 1201 2506 homine;

128 2535 164 2594 pet
175 2522 356 2603 “agricolas
364 2521 380 2546 ”
397 2523 452 2604 qui
469 2518 647 2604 pudesadti,
665 2531 700 2584 et
717 2542 776 2604 per
795 2523 985 2584 “vinitores
994 2521 1008 2544 ’‘
1025 2523 1080 2604 qui
1097 2521 1201 2604 ejula·

127 2624 184 2688 tunt,
197 2637 288 2699 super
304 2618 421 2681 tritico
440 2626 475 2679 et
495 2635 594 2698 super
613 2615 752 2690 hordeo,
769 2615 1002 2697 significantur
1021 2616 1068 2679 illi
1085 2617 1139 2698 qui
1159 2617 1203 2679 ab

127 2706 239 2785 ecclesia,
258 2721 293 2774 et
316 2732 375 2793 per
397 2711 577 2773 “triticum
586 2709 601 2732 ”
620 2721 656 2773 et
679 2731 738 2792 per
758 2710 951 2772 “hordeum
960 2709 975 2733 ”
995 2709 1203 2792 significatur

127 2795 212 2868 bonum
224 2807 291 2887 ejus
307 2816 342 2871 et
357 2826 474 2870 verum
487 2804 556 2886 ejus
569 2828 576 2881 ;
597 2817 631 2868 et
649 2826 708 2889 per
723 2813 741 2836 ‘⁴
751 2825 897 2868 messem
914 2807 987 2885 agri
995 2805 1010 2827 '’
1023 2826 1108 2887 quae
1125 2806 1202 2870 inde

126 2897 199 2973 periit,
212 2899 420 2982 significatur
436 2901 545 2963 omnis
565 2898 677 2962 cultus
696 2921 740 2963 ex
760 2899 835 2962 illis.
882 2899 984 2982 Apud
1003 2899 1201 2976 Jeremiam,

156 3032 244 3098 “Super
252 3050 348 3085 omnes
355 3035 440 3085 colles
448 3035 476 3083 in
484 3035 591 3085 deserto
598 3045 731 3086 venerunt
739 3035 963 3099 vastatores‚quia
971 3035 1076 3097 gladius
1084 3034 1203 3100 Jehovae

215 3101 348 3150 devorans
362 3116 379 3149 a
393 3101 446 3149 fine
459 3110 544 3150 terrae
559 3115 643 3164 usque
658 3101 691 3149 ad
706 3101 785 3149 finem
799 3111 901 3149 terrae:
921 3116 974 3148 non
990 3116 1042 3164 pax
1055 3102 1101 3150 ulli
1113 3103 1203 3163 carni;

214 3176 340 3216 severunt
353 3165 452 3224 tritica,
466 3175 492 3214 et
505 3166 597 3228 spinas
611 3165 801 3215 messuerunt”
813 3165 869 3228 (xii.
882 3177 920 3224 12,
934 3165 986 3228 13):

122 3293 192 3359 etiam
212 3299 293 3362 haec
314 3296 407 3362 dieta
427 3309 506 3361 sunt
526 3299 568 3362 de
592 3297 736 3361 ecclesia
758 3308 792 3361 et
816 3299 887 3380 ejus
906 3300 1120 3377 vastatione;
1144 3321 1203 3382 per

79 3380 84 3389 ’
123 3386 220 3455 “colles
233 3395 265 3455 in
277 3394 418 3456 deserto
427 3391 441 3415 '’
454 3413 553 3473 super
565 3412 649 3474 quos
662 3399 855 3455 “venerunt
869 3404 1061 3456 vastatores
1070 3393 1084 3416 ”
1097 3395 1203 3474 signi·

122 3470 205 3547 icatur
224 3487 314 3569 quod
339 3505 440 3548 omne
464 3484 589 3548 bonum
613 3486 790 3550 charitatis
814 3488 948 3569 perierit
973 3507 1031 3568 per
1055 3485 1144 3548 mala
1167 3498 1203 3552 et

121 3565 192 3654 hau
214 3579 372 3643 “colles’'
391 3581 424 3641 in
445 3579 561 3642 Verbo
580 3579 772 3661 significant
792 3581 846 3643 ubi
869 3579 993 3641 bonum
1013 3579 1201 3656 charitatis,

121 3668 180 3732 etin
194 3693 290 3736 sensu
309 3669 485 3736 abstradio
503 3674 613 3756 ipsum
632 3673 714 3736 illud
734 3674 870 3747 bonum,
890 3674 1091 3737 “desertum
1101 3673 1116 3696 ''
1133 3675 1203 3755 sig·

122 3756 201 3828 nificat
229 3767 282 3830 ubi
313 3786 383 3829 non
413 3765 495 3829 illud
525 3769 602 3849 quia
632 3787 700 3829 non
730 3787 856 3841 verum,
885 3776 920 3829 et
953 3774 1177 3829 “vastatores
1188 3767 1203 3791 '⁹

122 3849 275 3931 significant
289 3859 381 3923 mala
397 3870 432 3922 et
449 3859 532 3923 salsa
547 3881 605 3942 per
617 3880 703 3943 quae
717 3860 842 3923 bonum
858 3870 892 3923 et
906 3881 1021 3924 verum
1039 3871 1201 3943 pereunt:

122 3959 160 4018 Ρῑῐ
174 3952 342 4032 “gladium
361 3953 512 4035 Jehovae
532 3953 755 4016 devorantem
774 3974 793 4014 a
817 3952 881 4015 fine
901 3964 1012 4017 terrae
1031 3975 1136 4035 usque
1159 3955 1203 4017 ad

122 4031 190 4105 finem
202 4058 307 4110 terrae
316 4047 332 4069 ”
344 4045 555 4128 significatur
567 4045 687 4108 salsum
699 4047 877 4108 destruens
891 4048 1004 4108 omnia
1017 4046 1182 4111 ecclesiae
1194 4070 1202 4126 ;

123 4144 161 4205 1³0¹
177 4139 349 4220 “gladium
373 4140 597 4203 devorantem
609 4139 624 4162 ”
646 4138 767 4202 salsum
792 4140 981 4212 destruens,
1006 4149 1040 4203 et
1069 4161 1128 4220 per
1152 4147 1204 4204 “a

123 4217 271 4297 interrae
284 4254 390 4316 usque
402 4233 447 4295 ad
460 4231 561 4296 finem
575 4233 708 4297 terrae''
721 4233 953 4314 significantur
966 4235 1080 4296 omnia
1092 4233 1203 4297 eccle·

124 4314 182 4415 §litt
196 4346 246 4406 per
259 4334 277 4359 “
287 4348 355 4390 non
369 4347 438 4409 pax
453 4325 511 4389 ulli
525 4329 616 4389 carni
626 4327 640 4350 ”
653 4326 861 4408 significatur
874 4328 964 4410 quod
978 4347 1045 4389 non
1059 4327 1203 4404 amplius

124 4420 218 4482 laterna
231 4423 360 4505 requies
376 4430 519 4504 propter
533 4421 720 4485 dominium
738 4420 816 4484 mali
833 4431 868 4484 et
885 4420 977 4482 salsi:
1002 4441 1062 4504 per
1076 4425 1200 4483 “seve-
