2684 4988
339 517 423 566 cnr.
441 516 499 577 v1.,
516 515 618 566 vnns.
640 515 766 581 14.-u.
781 500 916 584 4o5[f].
1123 518 1186 586 9¹7

104 705 196 748 mam
209 686 313 757 caeli,
329 697 495 767 quantum
512 684 579 748 fieri
596 686 716 766 potuit,
733 683 912 747 aedificata
928 695 1017 757 sunt,
1031 694 1188 749 constare

104 789 172 842 test
182 772 266 862 quid
278 780 493 861 significatur
503 800 561 860 per
571 780 673 841 verba
686 779 773 860 apud
787 779 951 842 Davidem
964 799 1062 860 supra
1071 779 1187 854 allata,

104 874 191 936 llons
214 875 347 946 Ζίοηίε,
372 874 480 936 latera
502 876 752 955 septentrionis,
773 876 892 936 civitas
916 874 1022 956 Regis
1045 875 1189 955 magni,’'

104 993 107 1031 ;
126 989 178 1050 per
195 971 302 1031 verba
327 969 418 1048 apud
439 967 588 1041 Esaiam,
609 969 739 1032 “Mons
758 980 948 1032 conventus
971 971 1003 1032 in
1028 969 1189 1032 lateribus

104 1063 337 1144 :ptentrionis”
384 1063 487 1144 Apud
506 1061 657 1137 Esaiam,

129 1197 297 1246 Sancheribus
321 1196 382 1244 Rex
403 1197 530 1244 Aschuris
547 1197 622 1252 dixit.
642 1196 719 1245 “Per
736 1195 934 1246 multitudinem
952 1211 1044 1247 currus
1065 1196 1118 1246 mei
1138 1211 1190 1260 ego

195 1262 342 1310 ascendam
361 1262 528 1310 altitudinem
548 1262 679 1310 montium
697 1263 731 1309 ad
750 1261 834 1310 latera
851 1260 954 1319 Libani,
974 1263 1017 1311 ubi
1034 1262 1189 1311 exscindam

195 1328 386 1389 proceritatem
399 1327 537 1374 cedrorum
548 1326 615 1388 ejus,
626 1324 786 1375 eledlionem
795 1328 913 1375 abietum
922 1327 981 1389 ejus
990 1327 1003 1345 ''
1013 1328 1121 1387 (xxxvii.
1133 1325 1188 1389 24):

104 1473 137 1516 ter
149 1454 223 1517 haec
243 1457 275 1516 in
297 1475 399 1517 sensu
420 1457 552 1517 interno
568 1455 766 1517 describitur
781 1456 888 1517 lastus
907 1455 1039 1518 illorum
1056 1458 1110 1536 qui
1130 1476 1189 1537 per

104 1550 344 1612 atlocinationes
357 1571 403 1611 ex
416 1548 505 1610 lalsis
518 1551 689 1611 destruere
704 1550 822 1612 volunt
840 1550 928 1613 bona
941 1561 975 1612 et
989 1572 1067 1612 vera
1079 1550 1189 1613 eccle·

104 1643 162 1719 tiae;
175 1651 258 1706 “rex
272 1643 437 1723 Assyriae
446 1643 460 1665 ''
469 1643 634 1724 significat
645 1643 808 1706 rationale
819 1664 1011 1724 perversum
1025 1667 1032 1720 ;
1047 1653 1066 1676 ⁴·
1077 1645 1189 1707 multi·

104 1735 1189 1818 :udocurrusejus'’significatratiocinationesexlalsisdodirinae;

105 1833 280 1893 ‘ascendere
297 1832 513 1893 altitudinem
533 1833 709 1902 montium,
727 1831 833 1894 latera
853 1832 982 1905 Libani,
1000 1844 1035 1896 et
1055 1835 1189 1896 exscin-

104 1923 154 1987 lere
179 1928 417 2006 proceritatem
445 1928 619 1988 cedrorum
647 1926 727 2007 ejus,
752 1936 786 1988 et
814 1924 1014 1990 electionem
1042 1928 1190 1990 abietum

104 2017 172 2097 rjus?
186 2019 353 2100 significat
373 2032 532 2081 conatum
552 2020 747 2083 destruendi
767 2022 857 2083 bona
875 2032 910 2084 et
929 2043 1007 2083 vera
1026 2022 1188 2084 ecclesiae

104 2128 148 2175 'am
170 2115 299 2176 interna
323 2134 424 2195 quam
452 2126 616 2192 externa;
646 2116 835 2178 “montes”
859 2126 936 2178 sunt
965 2117 1054 2178 bona
1081 2117 1189 2178 eccle·

104 2206 156 2280 tiae,
177 2208 313 2271 “latera
341 2207 461 2269 Libani
472 2208 486 2231 ”
515 2220 591 2272 sunt
620 2210 674 2271 ubi
701 2209 758 2271 illa
783 2207 961 2290 conjuncta
988 2221 1066 2273 sunt
1093 2213 1190 2283 veris,

104 2298 271 2364 “·Ι.ἰ1)3ηυε”
284 2316 336 2364 est
354 2302 498 2364 ecclesia
513 2303 703 2382 spiritualis,
717 2324 755 2366 ac
774 2304 891 2366 “cedri
900 2305 915 2327 ”
931 2316 1008 2367 sunt
1025 2324 1103 2366 vera
1120 2304 1190 2384 ejus

104 2393 203 2458 'uterna
220 2419 306 2479 quae
327 2418 371 2458 ex
392 2397 493 2469 bono,
510 2409 544 2460 et
564 2398 722 2459 “abietes
731 2397 745 2421 ”
764 2408 842 2461 sunt
861 2419 941 2460 vera
959 2398 1028 2478 ejus
1047 2410 1191 2463 externa

104 2490 176 2552 etiam
193 2513 235 2553 ex
260 2492 371 2554 bono:
397 2491 479 2553 haec
504 2511 562 2571 per
581 2491 638 2553 illa
656 2493 758 2553 verba
781 2492 1017 2572 intelliguntur
1039 2494 1191 2556 insensu

104 2585 243 2661 spirituali,
269 2587 411 2666 proinde
435 2587 466 2646 in
491 2585 594 2647 caelo.
641 2586 793 2647 “Mons'‘
815 2597 850 2649 et
876 2587 1064 2649 “montes'’
1087 2589 1189 2651 etiarn

104 2678 260 2758 significant
290 2682 380 2742 bona
408 2683 530 2742 amoris
560 2692 595 2742 et
625 2681 800 2742 charitatis
829 2681 862 2742 in
893 2683 1110 2762 sequentibus
1140 2683 1190 2744 his

104 2767 321 2856 locisz-Apud
342 2775 517 2847 Davidem

139 2905 245 2970 Jehovah
260 2911 330 2971 “qui
343 2911 446 2970 obtegit
458 2911 546 2958 caelos
558 2911 681 2967 nubibus,
696 2911 739 2972 qui
755 2916 894 2972 praeparat
907 2920 992 2960 terrae
1005 2912 1132 2973 pluviam,
1146 2912 1190 2974 qui

201 2976 353 3037 germinare
367 2975 429 3022 lacit
441 2986 546 3023 montes
559 2990 670 3036 gramen
679 2974 694 2994 ”
706 2976 804 3034 (cxlvii.
817 2977 856 3037 8);

107 3109 143 3169 ptr
162 3099 317 3173 “nubes''
339 3099 459 3181 quibus
480 3098 632 3179 Jehovah
656 3099 788 3179 obtegit
813 3099 935 3172 caelos,
960 3099 1191 3182 significantur

107 3202 318 3268 exornarem,
337 3193 448 3276 qualia
464 3205 541 3256 sunt
558 3195 590 3255 in
608 3214 707 3255 sensu
727 3193 860 3257 litterae
878 3194 992 3268 Verbi,
1010 3216 1088 3257 nam
1105 3216 1189 3277 quae

107 3279 186 3351 lulllo
207 3311 306 3352 sensu
331 3301 421 3359 sunt,
442 3290 472 3350 in
494 3288 609 3350 Verbo
630 3299 794 3350 vocantur
813 3289 976 3362 “nubes,”
994 3301 1028 3352 et
1048 3311 1133 3371 quae
1157 3292 1189 3352 in

107 3392 174 3443 sensu
189 3386 323 3447 interno
345 3384 480 3463 “gloria
493 3382 518 3458 ;”
541 3403 599 3463 per
620 3383 761 3445 “caelos
770 3383 785 3406 '⁹
804 3384 1039 3464 intelliguntur
1059 3386 1190 3446 interna

106 3482 244 3560 vera,quia
262 3481 294 3541 in
309 3478 375 3541 illis
389 3488 465 3539 sunt
479 3480 532 3559 qui
546 3481 578 3540 in
592 3478 694 3540 caelis
707 3499 713 3552 ;
731 3498 790 3558 per
801 3485 820 3509 “
830 3478 976 3558 pluviam
985 3478 1000 3501 ”
1010 3498 1108 3559 quam
1123 3489 1189 3540 ter-

106 3581 327 3654 tttpraeparat.
343 3570 549 3651 significatur
561 3571 705 3633 influxus
718 3573 786 3634 veri
800 3570 835 3653 (⁶⁴
845 3582 934 3633 terra
942 3572 956 3594 ”
970 3583 1021 3634 est
1035 3572 1188 3645 ecclesia,

107 3664 196 3729 ttlnde
212 3668 256 3730 illi
275 3668 320 3729 ibi
334 3669 388 3748 qui
403 3667 565 3746 rccipiunt
579 3687 705 3737 verum,
719 3687 796 3728 nam
810 3687 854 3727 ex
868 3666 932 3727 illis
944 3677 996 3728 est
1010 3665 1168 3750 ecclesia)
1182 3690 1189 3729 :

107 3761 338 3829 ter··m0ntes”
361 3782 446 3842 quos
469 3762 656 3840 germinare
680 3761 758 3823 lacit
782 3780 933 3842 gramen.
959 3760 1191 3841 significantur

107 3843 304 3922 bonaamoris.
319 3866 354 3918 et
369 3855 445 3918 inde
458 3855 504 3916 illi
517 3856 571 3937 qui
589 3856 621 3916 in
635 3855 731 3917 bonis
743 3856 866 3917 amoris
879 3865 955 3916 sunt
969 3877 976 3931 ;
998 3862 1165 3935 “gramen
1176 3855 1191 3878 ”

109 3943 234 4024 significat
252 3953 472 4013 nutritionem
490 3949 709 4029 spiritualem,
726 3971 809 4031 quae
826 3959 878 4011 est
898 3948 972 4021 illis,
991 3969 1068 4010 nam
1089 3949 1189 4011 intel-

110 4031 188 4117 ligitur
208 4067 347 4125 gramen
372 4066 433 4126 pro
456 4045 582 4117 bestiis,
607 4064 645 4107 ac
671 4044 851 4107 “bestiae’'
873 4043 1065 4124 significant
1089 4042 1189 4106 aflec-

111 4130 189 4196 tlones
203 4140 278 4202 boni
299 4139 461 4202 naturalis
479 4139 634 4201 hominis,

154 4224 204 4310 [1.]
230 4232 333 4313 Apud
351 4231 479 4302 Mosen,

150 4351 266 4418 ‘'losepho
274 4358 348 4413 dixit,
363 4355 508 4406 Benedidla
517 4372 533 4405 a
541 4356 663 4421 Jehovalr
673 4366 744 4405 terra
750 4355 764 4376 ’¹
774 4355 893 4420 Josephi,
905 4357 963 4405 “de
976 4355 1098 4419 pretiosis
1111 4354 1187 4410 caeli.

211 4424 238 4469 de
249 4438 314 4479 rore,
325 4424 359 4472 de
371 4424 472 4484 abysso
484 4422 587 4484 jacente
600 4422 670 4470 inira
672 4460 741 4478 .....
746 4422 779 4470 de
793 4422 915 4484 primitiis
926 4422 1055 4471 montium
1066 4420 1187 4476 orientis,

211 4489 273 4538 etde
284 4489 409 4553 pretiosis
422 4488 527 4536 collium
541 4488 639 4537 saeculi
648 4486 661 4507 ’³
673 4487 776 4550 (Deutr.
787 4487 878 4536 xxxiii.
892 4489 995 4548 13-15):
