2716 4986
416 502 496 552 cae.
513 501 603 563 vm,
620 500 725 551 vans
742 488 852 551 8.-N.
871 501 940 568 5¹0·
1157 497 1236 568 1255

252 669 322 720 iectu
334 671 377 721 eei
387 667 464 719 tertio
474 682 538 733 para
550 666 631 719 morit
642 666 772 734 sanguia,”
781 665 901 731 significat
912 667 979 732 qued
988 667 1046 716 inde
1057 667 1238 732 omnesnetm

251 735 387 800 u'tseelsum
400 736 464 783 mali
474 735 540 783 inibi
553 735 591 800 [n.
603 734 675 799 512].

151 842 175 893 9.
200 828 248 881 ‘ft
257 832 359 881 mortun
371 834 414 881 ret
425 829 501 880 taetro
516 833 773 895 pentemimerim
785 827 917 879 illorum
905 843 930 879 m
942 843 1007 879 moer
1004 825 1170 879 labentium
1181 826 1239 879 nni·

251 910 316 952 mae,
318 896 535 1028 ”signifioetsuod
544 897 603 944 inde
608 898 716 961 perierit
725 911 797 943 enine
807 895 914 960 scienti
886 895 970 960 ficum
979 896 1070 943 vivum
1083 897 1111 944 in
1124 895 1241 943 naturali

250 965 351 1011 ionrine
364 962 400 1029 [n
413 959 1071 1027 513numm„mmmmmysignffim
1082 962 1239 1026 quodetiam

249 1046 332 1078 enarres
343 1031 492 1094 cognitiones
502 1031 560 1078 veri
569 1037 593 1078 et
603 1029 663 1077 boni
672 1045 704 1077 ex
720 1028 802 1085 Verbo,
814 1036 838 1076 et
847 1044 879 1076 ex
888 1028 1013 1076 dodn'nis
1024 1028 1083 1076 inde
1096 1027 1134 1092 [n.
1149 1025 1222 1091 514].

176 1173 281 1239 509.
311 1173 390 1232 [Vm.
403 1173 439 1233 a]
461 1159 526 1219 “fr
537 1157 694 1220 secundus
711 1155 842 1238 angelus
856 1155 994 1219 aloarii!
995 1153 1194 1235 '‘-Quod
1167 1174 1238 1238 sig-

120 1248 235 1312 nificet
255 1248 417 1332 e'nstuxrem
435 1271 452 1311 e
466 1248 562 1323 caelo,
582 1259 614 1311 et
631 1249 807 1311 secundam
829 1247 905 1310 inde
922 1247 1132 1310 mutationem
1149 1245 1244 1327 apud

118 1339 234 1414 malos,
254 1351 393 1404 constat
413 1361 458 1403 ex
477 1341 544 1403 illis
562 1360 650 1422 quae
672 1360 774 1422 supra
793 1357 827 1414 (n.
842 1355 914 1420 502)
933 1337 1024 1402 dieta
1043 1348 1079 1402 et
1097 1348 1239 1401 ostensa

118 1442 208 1495 sunt.

178 1538 277 1605 510.
306 1523 370 1583 ‘fr
386 1524 478 1604 quasi
489 1541 576 1585 mona
591 1541 722 1604 magona
735 1521 806 1604 ipae
821 1520 1112 1602 ordona''-Quod
1131 1520 1238 1601 signi-

119 1613 197 1677 ficet
217 1635 362 1676 amorem
380 1615 437 1677 sui
451 1636 489 1677 ac
507 1615 582 1680 inde
595 1614 758 1695 propriae
772 1614 1017 1695 intelligentiae,
1035 1621 1173 1677 constat
1193 1633 1239 1675 ex

121 1709 369 1790 significatione
395 1712 550 1776 “montis
578 1712 656 1791 igne
679 1710 861 1783 ardentis,”
884 1710 974 1792 quod
998 1711 1043 1771 sit
1066 1728 1162 1770 amor
1189 1707 1240 1769 sui

119 1813 155 1866 et
178 1803 256 1866 inde
279 1823 374 1866 amor
397 1805 553 1885 propriae
577 1803 847 1886 intelligentiae;
871 1804 960 1886 quod
985 1804 1038 1865 hic
1063 1822 1158 1864 amor
1180 1822 1240 1883 per

120 1897 214 1960 illum
245 1909 398 1962 montem
432 1897 650 1979 significetur,
681 1909 733 1962 est
764 1899 841 1980 quia
875 1918 934 1980 per
966 1896 1173 1959 “montem’'
1204 1898 1238 1957 in

120 1991 237 2054 Verbo
265 1992 473 2074 significatur
499 2012 594 2056 amor
622 1994 654 2055 in
683 2002 825 2078 utroque
853 2013 964 2065 sensu,
995 2011 1116 2072 nempe
1143 2009 1240 2053 amor

120 2082 282 2165 caelestis
310 2093 344 2146 et
370 2104 467 2146 amor
495 2083 671 2146 infernalis
694 2101 813 2155 (videatur
827 2113 941 2158 suptar.
955 2098 1052 2164 405);
1082 2081 1240 2144 similiter

121 2191 181 2253 pet·
204 2171 373 2252 “ignem''
396 2190 438 2245 (de
453 2201 502 2245 quo
516 2189 588 2233 etiam
603 2202 682 2246 supra,
695 2202 718 2234 n.
732 2188 894 2253 504[α-ι]);
924 2181 959 2237 et
983 2171 1036 2234 hle
1060 2171 1174 2251 agitur
1195 2169 1240 2232 de

121 2261 218 2324 malis
246 2265 300 2344 qui
329 2265 508 2344 separandi
535 2286 554 2327 a
583 2265 680 2329 bonis
704 2275 739 2327 et
769 2264 969 2349 conjiciendi
994 2265 1027 2325 in
1053 2262 1239 2339 infernum

121 2356 209 2438 apud
229 2378 313 2438 quos
336 2379 395 2438 per
414 2357 507 2419 illum
530 2377 679 2420 amorem
699 2378 801 2424 omne
820 2378 935 2423 verum
955 2359 1098 2420 vertitur
1121 2357 1154 2418 in
1177 2354 1239 2418 sal·

122 2470 216 2528 sunt;
240 2450 293 2514 hic
311 2449 448 2515 effectus
464 2453 624 2514 oriundus
641 2473 685 2514 ex
705 2458 852 2515 “monte
868 2452 927 2515 illo
944 2453 1048 2514 misso
1068 2453 1101 2513 in
1118 2448 1240 2523 mare,”

122 2547 155 2608 in
172 2546 391 2627 sequentibus
404 2546 614 2618 describitur,
629 2565 707 2611 narn
720 2566 779 2628 per
794 2554 975 2609 “montem
990 2545 1083 2608 illum
1101 2546 1238 2607 missum

121 2641 154 2702 in
174 2660 276 2711 mare,
297 2641 385 2703 unde
404 2638 492 2703 fasta
508 2651 561 2703 est
581 2642 684 2703 tertia
703 2660 781 2721 pars
800 2641 901 2703 maris
921 2638 1090 2721 sanguis,”
1110 2636 1240 2719 signifi·

122 2743 219 2796 catur
245 2734 335 2815 quod
363 2735 396 2796 in
425 2734 571 2796 naturali
600 2735 737 2800 homine
765 2754 867 2797 omne
895 2731 1019 2797 latium
1048 2734 1092 2796 sit
1120 2732 1241 2795 falsum

123 2827 221 2890 mali:
242 2829 368 2890 exinde
385 2840 543 2891 constare
560 2839 675 2909 potest
692 2830 782 2910 quod
799 2830 852 2891 hic
871 2848 930 2910 per
945 2836 1126 2890 “montem
1144 2845 1241 2906 mag·

122 2942 202 2985 num
225 2924 304 3003 igne
327 2922 502 2985 ardentem
518 2922 532 2945 ’⁹
556 2922 765 3003 significetur
788 2943 883 2985 amor
906 2924 955 2984 sui
979 2933 1014 2985 et
1042 2922 1119 2983 inde
1147 2939 1243 2982 amor

123 3019 277 3098 propriae
300 3016 573 3098 intelligentiae;
598 3019 732 3099 propria
755 3017 985 3098 intelligentia
1004 3018 1108 3078 etiam
1131 3014 1242 3077 omnis

122 3121 236 3174 estex
256 3130 371 3173 amore
388 3113 447 3172 sui.
494 3110 594 3191 Quod
612 3133 671 3192 per
689 3111 895 3174 “montem''
915 3109 1129 3190 intelligatur
1145 3127 1242 3171 amor

123 3208 156 3268 in
176 3216 318 3286 utroque
338 3225 449 3279 sensu,
470 3216 522 3268 est
542 3227 586 3268 ex
607 3225 708 3269 causa
728 3207 804 3286 quia
824 3204 938 3285 angeli
957 3205 1049 3268 tertii
1069 3200 1165 3274 caeli,
1186 3201 1243 3283 qui

123 3301 156 3360 in
172 3318 287 3362 amore
304 3298 444 3361 caelesti
461 3310 552 3370 sunt,
571 3320 670 3381 super
686 3299 858 3364 montibus
881 3299 915 3364 in
933 3298 1061 3359 mundo
1077 3293 1243 3376 spirituali

124 3393 282 3455 habitant
295 3414 302 3469 ;
323 3414 424 3474 quare
437 3412 513 3454 curn
530 3394 652 3455 dicitur
667 3399 686 3423 ‘⁴
697 3390 824 3464 mons,’'
837 3390 1040 3471 intelligitur
1052 3389 1085 3451 id
1098 3389 1242 3463 caelum,

122 3508 161 3551 ac
182 3487 368 3551 secundum
385 3488 477 3549 ideas
497 3487 718 3568 cogitationis
737 3485 924 3566 angelicae,
945 3505 1031 3567 quae
1050 3505 1070 3546 a
1089 3484 1243 3565 personis

124 3592 160 3645 et
180 3582 263 3644 locis
282 3578 476 3644 abstratiae
495 3591 585 3653 sunt,
606 3579 809 3661 intelligitur
828 3579 861 3641 id
885 3579 975 3660 quod
999 3578 1079 3640 iacit
1098 3577 1242 3650 caelum,

123 3677 171 3738 ita
191 3695 286 3737 amor
303 3674 479 3737 caelestis:
504 3674 594 3756 quod
611 3684 726 3736 autem
746 3672 896 3735 “mons''
913 3674 946 3734 in
963 3674 1123 3753 opposito
1143 3692 1244 3735 sensu

124 3768 292 3850 significet
312 3788 463 3831 amorem
483 3770 543 3842 sui,
563 3777 617 3830 est
637 3769 715 3849 quia
738 3767 785 3829 illi
805 3767 860 3849 qui
883 3767 916 3828 in
940 3786 1055 3828 amore
1079 3767 1128 3828 sui
1151 3775 1243 3841 sunt,

124 3864 284 3926 continue
304 3865 442 3945 cupiunt
462 3862 646 3925 ascendere
668 3872 813 3937 montes,
831 3882 929 3944 pares
948 3882 984 3924 se
1003 3861 1158 3924 faciendo
1178 3860 1244 3924 illis

124 3959 228 4041 quiin
245 3960 348 4020 tertio
364 3957 459 4020 caelo
476 3967 575 4033 sunt;
595 3957 660 4019 hoc
677 3958 754 4039 quia
770 3958 803 4019 in
820 3976 880 4018 sua
897 3956 1078 4037 phantasia
1091 3965 1242 4030 versant,

124 4052 157 4114 id
184 4072 328 4133 quoque,
355 4052 435 4113 dum
466 4061 567 4113 extra
594 4051 723 4114 inferna
749 4060 840 4123 sunt,
866 4060 1053 4127 conantur;
1083 4050 1162 4112 inde
1189 4059 1243 4112 est

125 4146 216 4229 quod
240 4166 299 4227 per
324 4154 506 4208 “montem
516 4145 531 4169 ”
555 4147 587 4207 in
612 4147 772 4228 opposito
796 4165 896 4207 sensu
919 4143 1126 4226 significetur
1149 4162 1245 4206 amor

125 4242 184 4302 sui.
231 4239 359 4314 Verbo,
383 4241 439 4321 qui
463 4241 495 4301 in
519 4259 634 4302 amore
658 4242 708 4303 sui
732 4250 821 4314 sunt,
842 4239 914 4302 alta
936 4258 1069 4320 semper
1093 4238 1243 4319 spirant;

125 4355 228 4417 quare
255 4336 358 4397 etiam
387 4345 464 4416 post
489 4344 647 4408 mortem,
672 4335 808 4417 quando
836 4353 955 4397 omnes
982 4342 1095 4395 status
1118 4331 1244 4394 amoris

126 4438 305 4493 vertuntur
324 4429 357 4491 in
374 4429 686 4512 correspondentia,
704 4428 886 4511 phantasia
904 4436 1003 4490 tenus
1018 4447 1055 4489 se
1073 4424 1145 4490 alte
1161 4443 1244 4490 con-
