2684 4988
348 543 428 594 cna.
445 544 520 608 v11.,
537 545 642 596 vans.
663 530 932 614 14-N.475[b].
1121 533 1201 614 1189

106 722 207 787 parent.
253 713 338 775 Inde
358 723 412 777 est
431 714 523 796 quod
544 714 709 777 Dominus
728 714 860 778 locutus
879 715 933 789 sit,
951 724 985 779 et
1005 715 1094 796 quod
1111 714 1199 777 Ver·

106 804 395 888 bumconscriptum
410 809 465 882 sit,
476 828 536 889 per
546 808 627 872 talia
640 809 673 871 in
685 809 814 872 Natura
827 830 911 892 quae
923 810 1200 890 correspondent.

104 896 192 965 Simile
214 914 267 966 est
293 923 369 966 cum
393 903 557 966 miraculo
582 901 672 967 sacto
695 903 861 966 Naamani
884 902 1019 985 leproso
1042 924 1087 966 ex
1106 903 1199 986 jussu

104 991 211 1071 Elisaei,
231 997 363 1079 dequo
382 998 429 1060 ita
449 998 481 1059 in
501 996 605 1060 Libro
624 997 770 1061 Secundo
787 998 925 1080 Regum,

144 1143 256 1195 Naaman
267 1161 301 1195 ex
312 1145 390 1208 Syria
402 1147 477 1208 lepra
485 1143 608 1204 auctius,
619 1146 711 1209 jussus
721 1161 768 1209 per
778 1147 901 1196 nuntium
911 1148 945 1194 ab
959 1145 1073 1204 Elisaeo‚
1087 1155 1116 1195 ut
1129 1147 1200 1195 lava-

206 1221 246 1260 ret
259 1226 289 1260 se
303 1222 407 1273 septem
422 1212 524 1260 vicibus
537 1212 563 1260 in
576 1211 702 1275 Jordane.
713 1221 740 1261 et
752 1221 928 1261 reverteretur
939 1226 1011 1269 cam,
1023 1221 1048 1260 et
1061 1213 1201 1261 mundare-

206 1287 249 1325 tur
259 1291 278 1332 ς.
289 1314 296 1326 .
306 1314 312 1326 .
324 1286 362 1325 .et
378 1276 500 1325 Naaman
517 1276 625 1326 tandem
641 1277 804 1326 “descendit
821 1286 848 1326 et
865 1277 973 1326 intinxit
990 1291 1019 1326 se
1037 1277 1065 1325 in
1082 1276 1200 1340 Jordane

205 1353 313 1405 septem
327 1342 454 1400 vicibus..
464 1379 471 1391 .
481 1352 520 1391 .et
535 1352 597 1391 tunc
612 1343 736 1392 restituta
749 1352 791 1391 est
804 1356 866 1392 oaro
880 1342 948 1405 ejus,
964 1343 1034 1392 sicut
1048 1357 1110 1391 caro
1125 1345 1199 1405 pueri

205 1408 291 1470 parvi,
306 1416 334 1457 et
347 1407 492 1456 mundatus
505 1406 568 1456 est''
580 1407 616 1468 (v.
629 1421 667 1467 ιο,
680 1407 734 1469 ι4);

104 1574 144 1634 per
156 1558 365 1622 Naamanem
383 1559 551 1640 leprosum
570 1581 588 1622 e
608 1559 705 1640 Syria
721 1561 1063 1641 repraesentabantur
1079 1569 1114 1623 et
1131 1561 1199 1642 sig-

104 1651 300 1717 nificabantur
320 1654 367 1716 illi
391 1655 446 1735 qui
469 1653 648 1716 falsificant
672 1655 885 1736 cognitiones
904 1655 973 1717 veri
992 1665 1027 1717 et
1051 1655 1131 1717 boni
1152 1675 1198 1718 ex

104 1742 211 1826 Verbo;
236 1748 364 1828 “lepra
373 1746 388 1772 ¹⁹
406 1748 495 1810 enim
520 1747 688 1830 significat
711 1745 971 1822 falsificationeS,
996 1759 1031 1812 et
1051 1747 1200 1829 “Syria”

104 1845 290 1922 :ognitiones
303 1843 373 1905 veri
386 1853 422 1905 et
436 1843 533 1904 boni:
554 1862 613 1922 per
628 1848 760 1924 “aquas
770 1842 927 1924 Jordanis
936 1843 951 1867 ”
963 1843 1198 1924 significaban-

104 1950 140 1998 :ur
154 1958 228 2000 vera
246 1936 501 2000 introducentia
521 1937 553 1999 in
573 1936 762 2010 ecclesiam,
783 1958 867 2020 quae
887 1947 966 2001 sunt
985 1940 1199 2018 cognitiones

104 2031 151 2093 teri
170 2042 203 2095 et
215 2033 306 2114 ,boni
326 2052 371 2094 ex
392 2031 529 2109 Verbo;
553 2051 632 2094 nam
650 2030 817 2113 jordanes
840 2031 956 2095 fluvius
979 2044 1051 2095 erat
1075 2035 1199 2114 primus

104 2127 252 2201 terminus,
270 2146 330 2208 per
347 2146 446 2208 quem
465 2126 654 2189 intrabatur
669 2127 702 2189 in
719 2136 843 2191 terram
861 2125 1067 2202 Canaanem,
1085 2139 1120 2191 et
1140 2149 1199 2210 per

104 2221 231 2284 “terram
244 2220 442 2285 Canaanem
452 2220 467 2244 ”
479 2219 731 2302 significabatur
743 2220 887 2284 ecclesia
900 2243 907 2298 ;
928 2222 1005 2285 inde
1018 2231 1090 2286 erat
1107 2225 1197 2304 quod

104 2314 214 2396 “aquae
235 2307 417 2397 jordanis”
440 2313 704 2395 significaverint
727 2336 806 2378 vera
830 2316 1088 2389 introducentia,
1112 2338 1198 2399 quae

104 2418 159 2471 mu
177 2410 393 2491 cognitiones
415 2410 485 2470 veri
509 2419 544 2472 et
567 2409 647 2472 boni
666 2430 711 2472 ex
736 2408 852 2473 Verbo
876 2411 1011 2491 primae.
1057 2411 1198 2493 Propter

104 2493 168 2564 hanc
176 2501 457 2585 significationem
467 2509 486 2534 “
495 2523 654 2584 aquarum
667 2503 823 2585 jordanis
833 2503 848 2528 ”
858 2504 1013 2566 Naaman
1023 2504 1132 2585 jussus
1145 2518 1198 2571 est

104 2608 130 2654 se
149 2594 254 2661 lavare
278 2607 412 2678 septem
435 2596 564 2660 vicibus
591 2598 624 2658 in
652 2597 727 2671 illis,
752 2617 812 2680 per
833 2598 923 2681 quod
947 2599 1199 2679 significabatur

104 2689 264 2762 purificatio
292 2712 312 2754 a
339 2690 524 2754 falsificatis
547 2691 652 2768 veris;
685 2696 845 2773 “septem
868 2693 981 2755 vices”
1003 2693 1196 2776 significant

104 2779 273 2861 plenarium,
303 2796 338 2848 et
369 2786 607 2865 praedicantur
634 2786 677 2849 de
707 2785 843 2861 sanctis,
874 2788 985 2870 qualia
1011 2800 1089 2853 sunt
1118 2812 1198 2855 vera

104 2867 219 2942 Divina:
254 2881 333 2961 quia
356 2886 519 2961 “septem
547 2880 660 2942 vices'¹
683 2882 715 2942 id
742 2881 945 2964 significant,
973 2883 1050 2947 ideo
1077 2884 1197 2949 dicitur

104 2972 171 3046 quod
188 2979 296 3037 “caro
314 2975 344 3036 ei
364 2976 523 3037 restituta
545 2974 643 3038 suerit
666 2976 752 3037 sicut
771 2994 850 3039 caro
869 2977 961 3057 pueri
985 2980 1077 3058 parvi
1090 2978 1116 3055 ;'’
1139 3000 1199 3061 per

104 3059 242 3130 “tarnem
262 3068 457 3130 restitutam
465 3066 480 3092 ''
497 3066 705 3149 significatur
722 3070 793 3132 vita
811 3070 1002 3150 spiritualis,
1019 3072 1126 3153 qualis
1145 3086 1197 3138 est

104 3147 211 3244 illisqui
224 3182 285 3242 per
298 3161 421 3224 Divina
433 3182 514 3225 vera
525 3175 777 3244 regenerantur.
814 3162 982 3246 Quoniam
996 3186 1055 3247 per
1066 3174 1198 3252 “aquas

104 3239 254 3322 iordanis”
277 3255 555 3338 significabantur
574 3278 654 3320 vera
677 3258 927 3323 introducentia
950 3261 982 3323 in
1005 3261 1197 3340 ecclesiam,

104 3357 264 3422 quaesunt
283 3351 498 3432 cognitiones
518 3352 588 3414 veri
607 3362 643 3415 et
666 3352 745 3415 boni
769 3374 814 3416 ex
834 3353 961 3428 Verbo,
981 3367 1017 3419 et
1040 3377 1099 3438 per
1118 3360 1196 3422 “la-

104 3444 276 3508 vationem”
305 3446 350 3508 ibi
379 3444 632 3526 significabatur
661 3445 848 3528 purificatio
876 3469 897 3512 a
925 3448 1026 3523 salsis,
1057 3461 1092 3515 et
1119 3454 1197 3518 inde

104 3533 273 3602 reformatio
303 3542 584 3620 et'regeneratio
613 3562 633 3604 a
664 3541 821 3617 Domino,
852 3543 929 3607 ideo
958 3545 1116 3610 instituta
1144 3560 1198 3614 est

104 3621 274 3711 baptizatio,
299 3654 385 3716 quae
409 3635 551 3715 primum
575 3633 663 3699 sacta
687 3647 739 3700 est
766 3638 799 3699 in
821 3635 969 3718 Jordane
996 3661 1016 3702 a
1041 3640 1196 3722 Johanne

104 3713 219 3797 [Mutila.
240 3731 284 3792 iii.
308 3729 430 3805 11-16;
460 3728 568 3792 Marc.
588 3730 607 3792 i.
626 3730 746 3812 4-13);
780 3751 839 3813 per
861 3733 951 3815 quod
984 3735 1196 3816 significaba-

104 3818 142 3880 tur
156 3824 244 3904 quod
263 3824 475 3887 initiarentur
493 3825 526 3886 in
545 3826 760 3905 cognitiones
778 3847 822 3888 ex
839 3827 956 3891 Verbo
976 3830 1018 3892 de
1039 3831 1196 3906 Domino,

104 3899 186 3987 [mu
212 3917 373 3990 adventu,
397 3928 432 3980 et
460 3917 502 3980 de
530 3917 719 3982 salvatione
745 3919 789 3982 ab
811 3920 908 4001 Ipso:
941 3936 976 3987 et
995 3926 1071 4006 quia
1095 3927 1196 3992 homo

104 4015 144 4070 ³er
162 4033 238 4075 vera
260 4033 305 4074 ex
330 4011 446 4076 Verbo
468 4032 489 4075 a
512 4012 661 4077 Domino
686 4014 886 4079 reformatur
908 4029 943 4082 et
966 4035 1195 4102 regeneratur,

104 4095 161 4167 deo
176 4106 361 4188 baptizatio
378 4127 398 4168 a
418 4106 566 4170 Domino
582 4108 744 4172 mandata
759 4120 812 4173 est
831 4109 969 4193 (Marti.
985 4117 1102 4180 xxviii.
1124 4121 1195 4202 19);

104 4204 160 4262 ¹itm
173 4222 250 4265 vera
279 4222 325 4265 ex
353 4199 476 4265 Verbo'
497 4213 576 4265 sunt
606 4223 666 4284 per
690 4225 777 4287 quae
806 4205 910 4271 homo
936 4210 1135 4276 reformatur
1161 4225 1196 4279 et

104 4302 307 4372 temeratur,
331 4315 371 4360 ac
399 4297 566 4361 Dominus
595 4308 649 4363 est
675 4301 730 4382 qui
760 4299 919 4364 reformat
951 4313 985 4368 et
1016 4320 1196 4388 regenerat

104 4389 348 4540 *gemmeus
356 4405 587 4463 pronuborum
595 4408 678 4453 Novae
686 4409 868 4469 Hierosolyma,
878 4406 1061 4475 utum).
1094 4398 1195 4465 Dixit

104 4485 128 4530 0
168 4499 256 4559 noes,
