2716 4986
131 490 212 554 1286
439 502 691 555 neocuuunsrs
708 500 933 553 urimenus.

126 673 359 739 ramusculos”
389 672 557 757 significat
584 672 902 755 multiplicationem
928 682 964 737 et
991 675 1233 744 extensionem,

127 767 272 832 “mare’'
290 767 458 851 significat
476 766 707 841 scientificum,
723 777 758 830 et
776 766 950 840 “fluvius’'
966 767 1019 830 hic
1040 766 1235 848 Euphrates,

126 862 301 926 rationale.
347 861 517 925 Extensio
538 861 714 935 ecclesiae,
739 870 773 923 et
803 859 1042 942 multiplicatio
1063 862 1236 923 veritatum

127 957 207 1038 ejus,
227 966 262 1020 et
281 956 358 1019 inde
377 955 635 1037 intelligentiae,
652 955 852 1018 describitur
870 973 929 1036 per
948 966 1060 1018 terrae
1079 954 1237 1018 Canaanis

126 1052 364 1116 extensionem
391 1050 433 1113 ad
462 1049 556 1113 Mare
579 1048 684 1130 Suph,
709 1049 803 1112 Mare
827 1048 1121 1122 Philisthaeorum,
1144 1046 1237 1111 etad

125 1145 260 1208 fluvium
280 1143 504 1225 Euphratem,
524 1143 613 1225 apud
631 1143 758 1218 Mosen,

177 1296 194 1316 ¹⁴
204 1293 307 1341 Ponam
320 1292 462 1340 terminum
477 1300 550 1338 tuum
559 1287 601 1338 lua
614 1290 689 1339 Mare
699 1290 772 1352 Suph
781 1304 864 1353 usque
873 1291 907 1338 ad
920 1289 997 1338 Mare
1008 1289 1237 1348 Philisthaeorum,

255 1366 282 1406 et
294 1371 310 1404 a
321 1357 428 1404 deserto
439 1369 523 1418 usque
535 1356 569 1403 ad
581 1355 691 1404 fluvium
699 1355 713 1374 ”
722 1356 816 1416 (Exod.
827 1356 900 1405 xxiii.
912 1357 968 1415 all:

126 1527 184 1588 per
202 1509 393 1570 “terminos
412 1517 520 1570 terrae
540 1505 730 1571 Canaanis”
746 1505 976 1589 significantur
995 1507 1117 1568 ultima
1135 1506 1238 1569 eccle·

98 1602 206 1674 -siae,
229 1622 315 1683 quae
339 1611 418 1663 sunt
445 1599 630 1665 scientifica
653 1622 742 1673 vera,
766 1601 981 1682 cognitiones
1005 1603 1075 1664 veri
1103 1611 1138 1664 et
1166 1600 1240 1663 boni

124 1715 169 1757 ex
187 1694 313 1769 Verbo,
330 1704 366 1759 et
385 1695 581 1771 rationalia;
605 1715 664 1775 per
681 1694 804 1759 “Mare
824 1693 940 1776 Suph”
956 1694 1167 1776 significatur
1180 1694 1238 1757 sci·

123 1787 294 1852 entilicum
312 1809 427 1852 verum
441 1810 448 1866 ;
474 1808 532 1870 per
550 1788 672 1852 “Mare
689 1787 1000 1863 Philisthaeorum,”
1013 1789 1069 1851 ubi
1086 1799 1160 1853 erat
1173 1788 1238 1871 Ty·

123 1902 179 1944 rus
195 1893 230 1945 et
247 1880 362 1955 Sidon,
382 1881 613 1964 significantur
628 1883 843 1963 cognitiones
854 1882 924 1946 veri
939 1893 975 1946 et
990 1883 1072 1946 boni
1085 1903 1239 1945 exsensu

123 1974 366 2039 litteraeVerbi
380 1998 387 2052 ;
404 1986 438 2039 et
450 1996 508 2057 per
517 1982 536 2008 “
545 1975 679 2039 fluvium
688 1974 1237 2057 Euphratem”signiiicaturratio·

123 2070 221 2133 nale:
247 2090 325 2134 nam
346 2070 530 2134 scientifica
548 2071 733 2133 inserviunt
752 2071 1002 2153 cognitionibus
1020 2072 1090 2135 veri
1109 2082 1145 2134 et
1163 2071 1239 2133 boni

124 2182 169 2226 ex
189 2163 316 2238 Verbo,
332 2175 367 2227 et
384 2164 539 2227 haecum
556 2163 621 2227 illis
636 2164 821 2227 inserviunt
836 2163 1004 2239 rationali,
1021 2176 1058 2228 et
1074 2163 1236 2230 rationale

85 2334 89 2341 ¹
122 2258 259 2321 inservit
280 2257 537 2340 intelligentiae,
556 2279 641 2341 quae
661 2258 761 2321 datur
779 2278 839 2339 per
857 2279 937 2321 vera
955 2259 1142 2340 spiritualia
1160 2280 1237 2323 con·

118 2349 234 2432 juncta
253 2352 344 2415 bono
363 2352 537 2434 spirituali.

183 2456 246 2539 [m]
277 2457 394 2522 Simile
413 2460 504 2541 quod
522 2458 565 2521 de
584 2458 731 2521 ecclesia
749 2468 785 2521 et
804 2457 875 2539 ejus
893 2459 1118 2535 extensione,
1137 2460 1236 2524 etiam

121 2548 163 2611 de
182 2551 336 2630 potentia
355 2550 490 2613 Domini
509 2570 607 2631 super
626 2551 738 2613 omnia
757 2550 841 2613 caeli
864 2559 900 2614 et
923 2550 1099 2626 ecclesiae,
1119 2551 1237 2616 dicitur

120 2643 210 2724 apud
228 2642 404 2717 Davidem,

172 2792 189 2813 ⁸·
198 2790 343 2919 Ponpffin
352 2805 423 2904 2¹²?
432 2805 547 2921 {panum
562 2791 635 2853 Ejus,
649 2801 676 2841 et
690 2793 718 2840 in
733 2791 822 2841 fluviis
833 2793 956 2841 dextram
970 2790 1060 2854 Ejue”
1070 2793 1128 2850 (Pa.
1140 2792 1234 2842 lxxxix.

334 2892 340 2905 .
381 2893 387 2906 .
418 2869 430 2923 5
465 2874 470 2906 :

115 2990 203 3063 ‘haec
220 3000 262 3063 de
279 3000 424 3075 Davide,
440 3020 500 3082 per
517 3021 616 3084 quem
633 3001 677 3064 ibi
693 3000 893 3082 intelligitur
909 3001 1096 3079 Dominus;
1120 3012 1236 3084 poten·

120 3096 168 3157 tia
192 3095 327 3157 Domini
355 3114 457 3176 usque
487 3095 529 3157 ad
558 3095 675 3157 ultima
701 3095 787 3157 caeli
814 3105 848 3158 et
872 3094 1047 3168 ecclesiae,
1071 3097 1119 3159 ita
1142 3114 1237 3176 super

120 3198 232 3251 totum
261 3188 391 3251 caelum
421 3200 456 3252 et
486 3210 585 3271 super
614 3209 714 3252 omne
744 3188 919 3263 ecclesiae,
946 3189 1159 3271 significatur
1183 3209 1237 3270 per

122 3286 276 3363 “ponere
298 3285 329 3345 in
354 3285 435 3345 mari
459 3294 653 3346 manumet
677 3285 709 3345 in
733 3282 838 3345 fluviis
862 3282 1019 3345 dextram
1032 3284 1059 3360 ;”
1087 3286 1236 3366 potentia

120 3375 327 3458 significatur
354 3398 412 3458 per
436 3375 623 3439 “manum‘’
646 3387 680 3439 et
706 3376 926 3449 “dextram’'
948 3387 983 3439 et
1011 3377 1132 3441 ultima
1157 3378 1245 3442 caeli·

119 3482 156 3532 et
171 3469 335 3533 ecclesiae
352 3491 412 3551 per
428 3476 448 3503 “
458 3471 574 3533 mare’'
589 3481 624 3533 et
640 3489 699 3551 per
716 3469 863 3534 “fluvios
876 3468 902 3532 :'’
925 3469 1044 3534 ultima
1059 3473 1145 3536 caeli
1161 3483 1234 3535 sunt

121 3564 276 3627 “maria''
298 3576 334 3628 et
357 3575 434 3627 sunt
460 3564 605 3636 “fluvii'’
628 3575 665 3627 ut
692 3583 790 3644 supra
812 3563 991 3646 aliquoties
1013 3563 1142 3629 dictum
1165 3578 1236 3640 est;

119 3655 202 3720 haec
222 3668 478 3738 repraesentata
501 3670 578 3720 sunt
602 3678 661 3739 per
683 3657 762 3720 bina
785 3659 898 3731 maria,
918 3668 954 3723 et
977 3679 1038 3739 per
1061 3661 1158 3724 binos
1179 3660 1235 3724 flu·

119 3754 202 3826 vios,
222 3753 391 3833 quierant
416 3754 549 3815 termini
573 3763 682 3815 terrae
702 3751 889 3828 Canaanis;
916 3753 994 3817 bina
1017 3756 1123 3818 maria
1145 3765 1236 3819 erant

120 3864 211 3907 mare
229 3845 385 3926 Aegypti
401 3857 436 3909 et
452 3866 543 3909 mare
558 3847 849 3919 Philisthaeorum,
864 3848 918 3909 ubi
935 3847 1046 3928 Tyrus
1062 3860 1098 3912 et
1115 3848 1236 3924 Sidon;

118 3949 153 4004 et
177 3940 244 4002 bini
268 3939 355 4001 fluvii
381 3950 478 4004 erant
503 3940 694 4022 Euphrates
721 3950 756 4002 et
778 3939 961 4022 Jordanes:
992 3943 1053 4004 sed
1075 3942 1235 4023 Jordanes

118 4044 192 4097 erat
212 4034 375 4096 terminus
394 4034 482 4096 inter
504 4046 628 4098 terram
648 4033 843 4097 Canaanem
862 4035 1058 4098 interiorem
1081 4047 1118 4100 et
1141 4047 1235 4100 exte·

119 4131 261 4203 riorem;
285 4128 317 4190 in
338 4128 402 4190 hac
421 4138 518 4192 erant
538 4129 644 4191 tribus
664 4128 834 4191 Reubenis
853 4138 888 4192 et
908 4128 1023 4203 Gadis,
1041 4151 1082 4194 ac
1101 4131 1236 4194 dimidia

118 4225 224 4286 tribus
245 4223 422 4285 Menassis.
468 4222 629 4286 Similiter
646 4223 735 4304 apud
755 4222 965 4299 Sarkan'am,

168 4375 186 4395 ⁴·
195 4369 437 4497 D⁰m³⁰i'{.¹p⁸i¹¹)⁵
452 4386 468 4419 a
480 4373 642 4435 mariusque
656 4373 690 4421 ad
703 4387 785 4431 mare,
799 4381 826 4421 et
839 4387 855 4421 a
869 4371 951 4422 fluvio
963 4387 1047 4437 usque
1060 4373 1095 4423 ad
1109 4373 1176 4424 fines
1188 4383 1235 4424 ter·

248 4451 292 4485 rae
337 4450 371 4486 ur.
386 4448 417 4484 10
434 4453 440 4487 ε
