2684 4988
386 116 470 166 cm.
488 116 548 180 vt,
566 116 670 169 vnis.
692 118 821 168 12.-—u.
836 102 974 189 401[f].
1183 109 1244 190 883

78 320 88 326 --
172 281 234 364 uid
246 285 386 360 eundem,
432 326 434 330 -

203 391 330 443 “Erdubo
342 409 359 443 a
370 395 559 456 septentrione
571 395 617 458 qul
629 395 729 454 veniet,
741 405 769 445 et
785 397 820 445 eb
834 406 895 445 ortu
907 397 973 446 solla
985 397 1031 461 qui
1044 398 1182 451 invocublt
1199 372 1262 452 tlo-¹

257 474 314 508 tnen
325 475 417 509 meum
427 460 441 479 '’
453 460 509 519 (xli.
524 460 580 522 25):

160 583 224 665 qud
240 585 307 648 “ab
328 595 409 648 ortu
428 584 510 648 solis
528 585 572 647 ad
595 604 757 649 occasum
776 585 870 666 ejus”
889 586 1059 668 significet
1082 607 1203 652 omnes
1225 610 1246 653 a

159 679 241 756 prinis
259 681 301 742 ad
324 679 466 742 ultimos
484 681 540 763 qui
564 681 598 741 in
622 679 713 742 bono
737 682 862 743 amoris
886 683 918 743 in
943 681 1128 745 Dominum
1152 695 1243 758 sunt,

102 780 105 785 '
158 776 276 854 estquia
297 794 420 837 omnes
443 775 477 836 in
504 773 602 836 caelo
629 773 788 837 habitant
812 775 998 837 secundum
1022 776 1165 858 plagas;
1197 777 1244 840 iili

156 868 192 947 qui
208 869 236 929 in
257 869 347 930 bono
370 870 496 930 amoris
517 870 551 930 in
576 867 759 930 Dominum
780 878 859 930 sunt
879 868 923 930 ab
941 871 1073 932 oriente
1096 870 1177 932 solis
1200 872 1244 933 ad

155 962 357 1039 occidentem
381 960 431 1025 illi
453 963 509 1045 qui
533 964 566 1025 in
586 963 718 1025 oriente
741 962 899 1025 habitant
920 975 998 1025 sunt
1018 966 1074 1045 qui
1097 966 1130 1026 in
1154 964 1245 1028 bono

155 1058 245 1119 amotis
260 1056 354 1120 claro
370 1067 461 1132 sunt,
479 1068 515 1119 et
532 1056 580 1119 illi
596 1059 652 1139 qui
671 1059 704 1119 in
722 1057 902 1119 occidente
918 1058 974 1138 qui
992 1059 1024 1119 in
1042 1059 1133 1120 bono
1149 1078 1244 1120 amo·

156 1151 347 1227 tisobscuro;
372 1152 451 1214 inde
470 1163 523 1214 est
543 1151 634 1232 quod
654 1171 714 1232 per
735 1151 807 1212 “ab
825 1160 902 1212 ortu
922 1151 1003 1213 solis
1022 1152 1065 1213 ad
1085 1171 1244 1215 occasum

156 1243 221 1322 ejus”
236 1245 468 1327 significentur
487 1264 606 1307 omnes
626 1265 645 1306 a
665 1245 780 1326 primis
799 1245 842 1306 ad
863 1243 1002 1306 ultimos
1021 1247 1077 1326 qui
1100 1247 1133 1306 in
1154 1246 1245 1309 bono

157 1342 263 1402 amoris:
287 1342 380 1424 quod
404 1341 494 1422 apud
514 1338 657 1401 Esaiam
675 1339 819 1413 dicatur,
841 1338 1047 1401 “Excitabo
1066 1361 1085 1401 a
1105 1351 1243 1422 septen·

157 1434 234 1497 itione
248 1436 302 1516 qui
315 1435 431 1499 veniet
444 1443 480 1496 et
496 1433 542 1494 ab
556 1443 634 1494 ortu
651 1432 763 1507 solis''
776 1432 945 1513 significat
962 1434 1053 1514 quod
1070 1435 1126 1514 qui
1143 1443 1244 1496 extra

158 1526 301 1590 eclesiam
321 1537 401 1590 sunt
421 1538 457 1590 et
481 1529 537 1608 qui
560 1528 650 1589 intra
670 1526 786 1601 illam3
811 1545 890 1588 nam
912 1527 1155 1608 “septentrio''
1174 1529 1243 1608 sig·

158 1618 238 1685 nificat
259 1623 441 1684 obscurum
465 1623 545 1695 veri,
570 1622 620 1683 ita
642 1620 720 1683 illos
746 1622 802 1702 qui
825 1630 926 1682 extra
949 1621 1128 1684 ecclesiam
1152 1631 1242 1695 sunt,

157 1714 208 1790 quia
225 1716 268 1778 illi
295 1718 328 1778 in
355 1717 502 1778 obscuro
525 1716 637 1797 quoad
660 1735 740 1777 vera
763 1725 854 1787 sunt,
878 1735 923 1776 ex
947 1735 1049 1777 causa
1075 1717 1244 1796 quianon

157 1801 251 1873 habent
268 1810 420 1872 Verbum
437 1820 473 1872 et
493 1811 571 1871 inde
591 1829 659 1871 non
679 1810 790 1871 sciunt
810 1808 936 1890 aliquid
955 1810 998 1871 de
1015 1809 1184 1886 Domino;
1208 1819 1244 1872 et

156 1903 251 1966 ‘'ortus
268 1905 373 1967 solis'’
393 1903 563 1985 significat
583 1903 660 1966 illos
676 1904 732 1984 qui
751 1905 840 1966 intra
859 1902 1040 1965 ecclesiam
1059 1915 1149 1979 sunt,
1167 1906 1245 1986 qula

151 1986 252 2061 hebent
280 1999 445 2071 Verbum,
474 1999 506 2060 in
534 2018 602 2081 quo
632 1998 799 2060 Dominus
827 2016 961 2078 semper
988 2009 1041 2060 est
1071 2019 1243 2079 praesens

147 2095 174 2146 et
192 2091 230 2152 sic
251 2093 283 2152 in
307 2102 396 2152 ortu.
447 2105 533 2162 (Quod
543 2119 586 2162 per
597 2101 756 2149 ''orientem‘'
767 2118 811 2150 seu
822 2100 923 2148 “ortum
934 2104 1013 2157 solis‘'
1025 2112 1049 2149 et
1058 2118 1102 2162 per
1112 2102 1245 2151 “occiden-

143 2173 246 2224 lttn''seu
261 2184 395 2224 ‘'oocasum
410 2177 487 2223 solis''
505 2177 649 2235 intelligatur
663 2179 756 2221 bonurn
772 2177 860 2221 amoris
876 2177 900 2220 in
911 2177 975 2221 claro
986 2184 1010 2221 et
1020 2178 1111 2222 bonum
1123 2178 1210 2223 amoris
1221 2179 1246 2223 in

140 2237 234 2298 ⁰intuto,
244 2247 352 2291 videatur
361 2247 386 2289 in
398 2258 471 2303 opere
487 2245 527 2289 De
539 2245 609 2290 Caelo
619 2250 643 2289 ee
653 2244 757 2304 Insemo,
769 2258 792 2290 n.
806 2257 856 2302 ¹41·
870 2247 986 2301 ¹4⁸·1503
1003 2252 1026 2289 et
1037 2246 1103 2301 quod
1119 2259 1161 2303 per
1171 2250 1246 2304 ''sep-

136 2309 284 2358 huomm'·
296 2326 379 2358 verum
396 2313 420 2357 in
436 2314 547 2364 obscuro,
564 2313 588 2357 in
603 2313 690 2358 eodem
707 2312 792 2370 capite,
808 2325 832 2358 n.
851 2314 966 2368 148—150;
987 2313 1018 2356 ibi
1034 2313 1098 2356 euim
1114 2313 1192 2370 agitur
1207 2314 1245 2359 De

132 2370 235 2429 (Μαι
246 2382 322 2440 ungu
333 2381 357 2425 tn
370 2381 468 2425 Mundo
478 2379 619 2438 spirituaii.)

197 2448 251 2531 [1.]
281 2449 343 2511 Per
364 2457 556 2511 “occasum
575 2446 682 2510 solis'’
700 2447 806 2509 etiam
825 2445 1037 2527 significatur
1055 2457 1168 2510 status
1186 2469 1243 2512 ec·

126 2533 248 2604 etesiae
270 2561 347 2604 cum
370 2542 404 2602 in
427 2541 622 2620 ignorantia
645 2550 710 2614 est,
731 2541 786 2620 qui
809 2549 921 2601 status
940 2549 992 2600 est
1013 2539 1082 2619 ejus
1106 2541 1242 2621 primuS,

123 2640 178 2692 et
196 2655 244 2714 per
263 2644 403 2697 “ortum
427 2632 533 2696 solis''
556 2631 765 2714 significatur
789 2644 900 2695 status
924 2632 993 2721 ejus
1013 2654 1089 2695 cum
1113 2636 1145 2695 in
1170 2633 1243 2697 luce

120 2738 200 2789 est.
238 2731 296 2793 Per
316 2738 506 2792 “occasum
526 2729 607 2790 solis
617 2728 631 2750 '¹
651 2729 756 2790 etiam
774 2725 984 2809 significatur
1003 2738 1114 2790 status
1133 2730 1243 2793 eccle·

122 2818 204 2882 siae
219 2844 288 2886 cum
309 2825 342 2886 in
362 2821 462 2885 malis
481 2812 618 2883 et‘inde
637 2820 729 2883 salsis
752 2832 817 2894 est,
838 2830 873 2882 et
897 2842 955 2902 per
977 2828 1118 2883 “ortum
1138 2822 1218 2885 solis
1229 2823 1244 2847 ”

124 2926 211 2978 cum
229 2921 258 2980 in
281 2920 379 2980 bonis
402 2928 438 2979 et
463 2916 542 2978 inde
565 2917 653 2977 veris
676 2926 739 2977 est.
793 2916 922 2977 Primus
945 2926 1056 2978 status
1078 2915 1244 2980 ecclesiae

127 3019 212 3071 cum
223 3013 328 3074 adhuc
345 3014 379 3074 in
397 3010 592 3092 ignorantia
608 3018 672 3082 est,
690 3008 899 3090 significatur
915 3030 973 3090 per
990 3009 1243 3074 incohationem

133 3091 301 3168 Paschatis
319 3108 353 3167 in
370 3125 513 3186 vespera
529 3122 605 3166 cum
623 3104 748 3166 occidit
765 3103 827 3177 sol,
845 3103 1032 3165 secundum
1049 3102 1132 3166 haec
1153 3106 1243 3186 apud

135 3187 253 3274 Mosen,

198 3324 367 3376 ‘'Secnficabis
382 3326 486 3376 Pascha
498 3325 525 3375 in
538 3339 652 3388 vespera
663 3339 723 3373 cum
736 3325 864 3375 occiderit
875 3325 925 3384 sol,
939 3334 1060 3387 tempore
1073 3335 1145 3375 stato
1157 3329 1245 3378 exitus

258 3393 293 3440 tui
305 3408 338 3441 ex
351 3391 499 3455 Aegypto’'
512 3391 616 3452 (Deutr.
628 3391 681 3440 xvi.
693 3391 732 3451 6):

156 3514 340 3583 pertesum
376 3518 468 3580 enim
504 3515 733 3597 “paschatis’'
769 3516 1023 3597 significabatur
1059 3516 1244 3581 celebratio

162 3595 266 3672 Domini
292 3623 430 3694 propter
455 3611 690 3686 liberationem
720 3633 740 3673 a
763 3612 994 3692 damnatione,
1015 3632 1100 3692 quae
1124 3611 1161 3674 fit
1185 3633 1245 3693 per

168 3707 433 3793 regenerationem,
454 3714 490 3767 et
514 3707 547 3767 in
566 3725 725 3786 supremo
743 3726 844 3767 sensu
864 3705 1056 3767 recordatio
1075 3705 1244 3786 glorifica·

173 3790 244 3852 tionis
261 3795 405 3859 Humani
432 3796 584 3871 Domini,
608 3797 686 3879 quia
711 3797 791 3858 inde
818 3796 977 3858 liberatio
1000 3813 1120 3871 (videatur
1136 3827 1159 3858 n.
1177 3826 1245 3872 7093·

177 3888 472 3962 llu.su⁶‹2292‚10655);
503 3895 538 3947 et
564 3887 643 3967 quia
672 3888 798 3967 primus
830 3896 942 3949 status
972 3889 1244 3966 regenerationis

179 3978 213 4026 est
227 3983 314 4042 status
336 3980 562 4061 ignorantiae,
584 3979 660 4040 ideo
683 3979 908 4041 incohabatur
930 3979 1052 4041 festum
1076 3978 1158 4041 illud
1181 3981 1243 4042 “in

78 4132 100 4148 ,
181 4071 275 4141 milen
289 4093 360 4137 cum
383 4073 512 4138 occidit
531 4071 622 4134 sol:‘’
645 4074 672 4134 is
692 4083 804 4135 status
826 4074 931 4136 etiam
954 4072 1166 4155 significatur
1183 4092 1244 4155 pet
