2684 4988
361 509 441 561 cnr.
458 510 533 574 vu,
551 496 923 581 vaus.9.-u.458[b].
1121 496 1204 589 1¹169

128 676 258 741 Verbo
286 677 521 760 intelliguntur
547 680 602 761 qui
630 680 666 742 in
693 680 785 744 bono
810 680 934 744 amoris
961 691 1050 752 sunt,
1079 689 1114 743 et
1144 699 1204 761 per
1271 761 1272 764 Ἴ

104 768 274 832 san&0s”
288 771 344 852 qui
361 771 394 832 in
410 772 497 835 veris
513 793 558 834 ex
573 771 635 835 illo
650 772 742 835 bono
755 787 961 847 (vidmrusupra.
971 800 995 834 n.
1006 787 1099 849 204):
1122 771 1203 834 inde

104 869 131 924 st
153 864 246 944 quod
270 862 314 925 de
333 861 426 943 justo
448 864 582 927 dicatur
600 864 690 946 quod
711 863 828 928 “sicut
852 863 964 945 palma
987 862 1149 937 florebit,''
1167 873 1203 928 et

104 956 171 1036 ,uod
195 957 311 1020 “sicut
336 958 455 1021 cedrus
481 959 514 1020 in
543 958 673 1021 Libano
697 967 827 1022 crescet
840 957 865 1034 ;”
891 977 969 1020 nam
993 954 1204 1021 fruetificatio

104 1051 162 1113 toni
184 1051 273 1132 apud
297 1051 390 1115 illum
414 1052 613 1134 intelligitur
636 1073 695 1134 per
715 1053 830 1115 “sicut
853 1052 966 1132 palma
989 1051 1149 1128 florebit,”
1167 1061 1203 1117 et

104 1145 320 1227 multiplicatio
332 1147 401 1209 veri
416 1147 494 1209 inde
511 1167 572 1227 per
583 1147 696 1211 “sicut
712 1146 832 1210 cedrus
847 1147 880 1209 in
897 1146 1029 1209 Libano
1044 1145 1203 1222 crescet,’'

104 1240 226 1320 “palma
234 1240 249 1265 '’
265 1241 354 1304 enim
371 1240 539 1321 significat
557 1242 684 1303 bonum
700 1240 882 1322 spirituale,
901 1242 1048 1304 “cedrus
1057 1240 1072 1265 ''
1087 1260 1203 1304 verum

104 1332 173 1396 illius
182 1335 268 1409 boni,
280 1343 315 1397 et
327 1340 346 1366 ‘⁶
356 1334 504 1397 Libanus
512 1335 527 1358 ”
535 1334 713 1398 ecclesiam
725 1334 932 1416 spiritualem
945 1355 952 1397 :
971 1355 1029 1416 per
1041 1335 1203 1399 “domum

104 1425 254 1506 Jebovae”
272 1430 305 1492 in
328 1449 395 1510 qua
417 1429 574 1509 plantati,
594 1438 629 1492 et
653 1449 712 1510 per
732 1429 867 1492 “atria’'
886 1430 918 1491 in
937 1430 1055 1510 quibus
1079 1428 1203 1510 germi-

109 1521 223 1596 nabunt,
239 1521 447 1603 significatur
466 1522 597 1585 caelum
617 1534 652 1586 et
671 1523 825 1596 ecclesia,
843 1543 901 1604 per
919 1522 1085 1584 “domum
1100 1520 1204 1602 jeho-

108 1615 175 1678 vae”
198 1616 341 1679 ecclesia
370 1618 513 1691 interna,
538 1627 580 1683 .et
609 1636 668 1697 per
696 1623 716 1650 “
726 1619 812 1680 atria
822 1616 837 1641 ”
863 1617 1007 1680 ecclesia
1035 1626 1203 1695 externa3

111 1707 251 1789 plantatio
275 1709 312 1773 fit
335 1712 369 1773 in
392 1711 604 1774 interioribus
626 1711 770 1774 hominis
794 1711 848 1774 ubi
872 1711 998 1773 bonurn
1021 1711 1144 1773 amoris
1166 1719 1203 1774 et

110 1801 268 1879 charitatis,
296 1825 335 1869 ac
365 1807 568 1886 germinatio
597 1804 635 1868 fit
664 1806 697 1868 in
725 1806 949 1868 exterioribus
975 1806 1120 1868 hominis
1148 1806 1204 1869 ubi

111 1895 211 1961 bonum
229 1900 329 1962 vitae.
374 1898 478 1980 Apud
497 1898 636 1973 Joelem,

146 2030 226 2081 “Vitis
235 2032 347 2096 exaruit,
359 2041 385 2081 et
398 2011 462 2081 ficus
474 2032 592 2093 languet,
604 2031 689 2081 malus
704 2032 807 2093 punica,
819 2032 955 2095 etiamque
967 2032 1057 2094 palma
1067 2041 1094 2083 et
1106 2032 1202 2092 malus,

213 2112 309 2223 ppstpepi
318 2098 428 2223 apppres
437 2097 494 2160 agri
507 2097 655 2146 exsiccatae
667 2108 738 2154 sunt,
750 2097 854 2147 exaruit
864 2098 992 2160 gaudium
1002 2098 1035 2147 de
1047 2098 1107 2146 filiis
1118 2098 1204 2148 homi·

111 2298 154 2361 per
171 2283 248 2348 haec
272 2284 473 2347 describitur
496 2283 663 2347 desolatio
685 2284 754 2347 veri
778 2293 813 2347 et
837 2285 916 2348 boni
939 2286 972 2346 in
995 2282 1149 2359 ecclesia,
1167 2292 1203 2348 et

111 2373 168 2439 iude
181 2379 285 2441 omnis
301 2378 414 2458 gaudii
430 2378 551 2451 cordis,
569 2376 632 2441 hoc
649 2386 713 2452 est,
728 2378 841 2459 gaudii
857 2378 1057 2460 spiritualis;
1075 2378 1181 2442 “vitis
1188 2376 1204 2403 ’'

111 2467 178 2531 euim
192 2469 356 2552 significat
372 2472 499 2534 bonum
516 2480 551 2534 et
568 2490 682 2533 verum
698 2471 870 2552 spirituale
883 2471 1057 2546 ecclesiae,
1073 2469 1205 2534 “ficus‘’

111 2557 209 2627 bunum
232 2575 267 2629 et
285 2585 401 2628 verum
423 2564 576 2627 naturale
600 2567 688 2640 inde,
709 2576 744 2628 et
765 2565 902 2628 “malus
925 2564 1069 2646 punica”
1088 2584 1204 2631 verum

111 2663 137 2717 et
152 2654 266 2723 bonum
286 2659 452 2733 sensuale,
472 2659 562 2742 quod
587 2669 639 2723 est
660 2660 814 2724 ultimum
835 2659 1015 2737 naturalis;
1041 2659 1205 2741 “palma''

112 2747 249 2831 significat
266 2754 425 2835 gaudium
442 2754 552 2816 cordis
569 2775 614 2816 ex
633 2755 724 2817 bono
740 2754 913 2835 spirituali,
930 2764 966 2816 et
984 2754 1121 2818 “malus
1129 2753 1143 2779 ”
1159 2774 1204 2819 ex

112 2838 180 2906 bono
203 2846 345 2911 naturali
372 2848 469 2925 inde;
500 2868 558 2928 per
583 2850 748 2911 “arbores
775 2849 848 2929 agri
875 2870 959 2931 quae
987 2848 1205 2914 exsiccatae'’

113 2934 315 3019 significantur
342 2944 577 3023 perceptiones
604 2944 683 3005 boni
710 2953 746 3006 et
773 2945 986 3024 cognitiones
1010 2944 1092 3018 veri,
1115 2944 1204 3027 quod

114 3032 216 3114 uullae3
245 3047 280 3101 et
309 3037 385 3119 quia
412 3039 571 3118 gaudium
597 3037 768 3119 spirituale
795 3048 831 3102 et
859 3037 1012 3100 naturale
1040 3039 1116 3100 inde
1146 3058 1205 3120 per

115 3126 286 3206 “palmam”
309 3143 344 3195 et
369 3131 549 3195 “malum’'
571 3132 813 3213 significantur,
837 3132 916 3194 ideo
941 3133 1046 3195 etiam
1073 3132 1203 3207 dicitur,

115 3219 258 3289 “Exaruit
277 3227 437 3307 gaudium
459 3227 500 3289 de
525 3225 598 3288 filiis
622 3225 803 3304 hominis;”
824 3247 883 3307 per
904 3225 1019 3288 “filios
1038 3225 1205 3289 hominis¹'

114 3308 255 3382 anerbo
279 3319 515 3400 intelliguntur
538 3321 593 3402 qui
619 3319 652 3381 in
676 3321 763 3382 veris
786 3341 830 3382 ex
858 3320 948 3382 bono
970 3329 1061 3394 sunt,
1085 3328 1119 3382 et
1146 3339 1205 3400 per

115 3406 270 3486 “gaudium
279 3413 295 3436 ¹⁹
314 3413 522 3495 significatur
541 3414 701 3495 gaudium
720 3413 902 3493 spirituale,
923 3415 1013 3495 quod
1040 3414 1133 3476 unice
1152 3422 1204 3476 est

114 3513 145 3562 tx
162 3504 242 3571 bono
265 3527 326 3590 per
344 3528 433 3570 vera.
478 3506 562 3589 Quis
585 3528 653 3571 non
674 3508 788 3570 videre
812 3516 926 3587 potest
946 3508 1037 3589 quod
1061 3507 1113 3570 hic
1136 3527 1204 3571 non

112 3587 318 3684 intelligantur
330 3603 418 3676 vitis,
429 3601 521 3677 ficus,
533 3602 640 3665 malus
654 3602 784 3683 punica,
799 3602 921 3682 palma,
936 3601 1044 3665 malus
1056 3611 1092 3664 et
1104 3601 1204 3664 arbo·

111 3698 248 3778 resagri?
294 3696 384 3779 Quid
407 3698 471 3762 hoc
494 3698 580 3760 foret
601 3699 635 3759 in
655 3696 774 3759 Verbo
791 3706 827 3758 et
845 3697 924 3778 quid
947 3698 990 3759 ad
1013 3696 1204 3771 ecclesiam,

110 3781 215 3943 {lillae
241 3794 380 3856 arbores
404 3792 599 3855 exaruerint
625 3801 661 3854 et
688 3793 885 3855 exsiccatae
912 3790 1056 3854 luerint?
1100 3789 1204 3870 Apud

131 3899 281 3961 eremram,

146 4006 273 4072 “lignum
289 4010 322 4059 de
337 4010 406 4058 silva
419 4011 524 4067 excidit,
539 4020 565 4059 et
578 4025 646 4073 opus
659 4024 786 4058 manuum
802 4009 870 4059 labri
886 4024 933 4072 per
944 4010 1074 4067 securim;
1092 4019 1206 4071 argento

212 4087 240 4124 et
251 4090 318 4124 auro
332 4084 445 4126 exornat
459 4076 531 4135 illud,
546 4076 629 4126 clavis
641 4087 668 4125 et
681 4076 785 4126 malleis
800 4076 888 4126 firmat
902 4075 955 4134 illa,
970 4083 999 4125 ut
1013 4088 1068 4123 non
1081 4074 1205 4136 vacillem

213 4142 282 4190 sicut
294 4141 385 4204 palma
396 4140 510 4191 solidum
524 4140 591 4191 illa''
602 4142 639 4204 (x.
651 4141 724 4204 3-5l:

106 4271 149 4335 per
161 4260 240 4326 haec
253 4262 455 4326 describitur
469 4263 596 4326 bonum
613 4263 766 4327 naturale
782 4273 975 4346 separatum
991 4283 1012 4325 a
1027 4261 1202 4343 spirituali,

104 4357 175 4437 quod
196 4369 248 4423 est
272 4358 399 4421 bonum
422 4378 466 4419 ex
486 4360 640 4439 proprio;
668 4368 704 4421 at
726 4360 760 4422 in
784 4380 819 4422 se
843 4354 1034 4438 spectatum
1058 4376 1126 4420 non
1150 4365 1204 4420 est

104 4447 219 4528 bonum,
236 4453 297 4516 sed
315 4451 500 4535 jucundum
520 4454 683 4534 cupidinis
705 4453 867 4535 imprimis
890 4471 1069 4516 examore
1093 4451 1144 4514 sui
1166 4459 1203 4515 et
