2716 4986
125 488 202 552 1268
430 500 679 551 auocauvrsrs
701 500 926 550 nxrurcnrn.

123 670 214 750 pisce
233 689 311 730 asso
331 678 365 731 et
385 669 427 731 de
447 668 523 730 lavo
542 668 689 749 apiari0;
713 688 773 749 per
793 673 942 731 “manus
961 681 997 733 et
1019 671 1124 752 pedes
1134 670 1148 694 ’¹
1166 671 1223 752 sig·

121 761 300 824 nificantur
317 762 436 825 ultima
455 762 611 835 hominis,
629 761 785 825 similiter
801 784 861 845 per
879 769 1048 827 “carnem
1069 775 1104 829 et
1123 786 1195 829 ossa
1205 764 1223 841 ;”

120 867 154 918 et
179 876 238 937 per
259 857 414 937 “piscem
434 856 570 918 assum”
588 855 798 936 significatur
817 857 972 920 naturale
993 860 1107 939 quoad
1123 878 1225 922 verum

120 971 164 1012 ex
184 950 285 1022 bono,
306 959 341 1012 et
361 971 420 1031 per
439 949 534 1012 “mel
544 949 559 973 ”
575 949 784 1029 significatur
804 951 959 1014 naturale
979 953 1094 1033 quoad
1114 954 1226 1016 bonum

120 1065 165 1106 ex
192 1064 258 1124 quo
282 1062 417 1106 verum:
450 1043 533 1106 haec
561 1044 829 1107 comedebantur
854 1044 888 1105 in
915 1048 1112 1126 praesentia
1138 1047 1226 1110 disci-

120 1136 285 1218 pulorum,
311 1138 388 1219 quia
416 1137 729 1218 correspondebant
757 1139 903 1201 naturali
931 1138 1073 1214 homini,
1099 1151 1133 1204 et
1160 1142 1227 1204 inde

121 1229 214 1292 illum
238 1229 498 1311 significabant;
523 1250 601 1293 nam
623 1231 782 1312 “piscia”
806 1242 842 1294 ut
867 1234 899 1293 in
924 1232 988 1295 hoc
1014 1236 1160 1298 articulo
1181 1256 1228 1298 os·

121 1334 255 1387 tensum
279 1333 343 1398 est,
364 1345 408 1387 ex
432 1324 734 1406 correspondentia
757 1325 925 1406 significat
950 1329 1108 1392 naturale
1128 1329 1228 1411 quoad

120 1417 364 1494 scientificum
391 1429 598 1500 quapropter
616 1420 719 1482 etiam
741 1421 872 1501 “piscis
881 1420 895 1442 '’
915 1422 947 1481 in
968 1420 1089 1485 Verbo
1113 1421 1229 1504 signifi·

120 1522 177 1575 cat
197 1511 418 1574 scientificum
436 1522 471 1575 et
491 1514 701 1594 cognitivum
719 1514 808 1595 quod
825 1525 877 1576 est
898 1515 1063 1578 naturalis
1081 1516 1228 1590 hominis,

120 1616 155 1668 et
171 1608 300 1687 “piscis
320 1628 413 1668 assus
424 1607 439 1631 ”
452 1606 673 1670 scientificum
687 1609 777 1689 quod
794 1629 838 1670 ex
852 1610 943 1671 bono
957 1598 1105 1673 naturali
1118 1633 1126 1688 ;
1150 1611 1229 1693 apud

122 1700 304 1762 Dominum
325 1712 438 1764 autem
454 1701 667 1783 significabat
689 1702 847 1765 Divinum
866 1703 1033 1767 Naturale
1050 1707 1163 1787 quoad
1179 1727 1228 1769 ve·

120 1814 256 1857 rumex
280 1795 393 1872 bono;
422 1806 458 1859 et
482 1797 572 1878 quod
594 1796 690 1859 “mel
699 1796 714 1819 ”
733 1795 900 1877 significet
924 1798 1051 1862 bonum
1072 1800 1229 1872 naturale,

16 1914 21 1925 ·
120 1886 278 1948 videatur
290 1888 323 1949 in
336 1887 486 1950 Arcam's
501 1887 709 1951 caelestibus
721 1902 1130 1965 (n.5620.1¹16857‚10137.10530).
1171 1891 1229 1972 Qui

121 1997 189 2041 non
213 1981 276 2042 scit
300 1980 390 2061 quod
418 1981 450 2042 in
479 1981 618 2062 singulis
642 1980 747 2042 Verbi
775 1981 818 2044 sit
842 2001 961 2043 sensus
985 1984 1177 2064 spiritualis,
1198 1992 1229 2046 et

120 2073 210 2154 quod
230 2093 348 2135 sensus
368 2074 514 2146 litterae,
532 2074 586 2156 qui
606 2083 659 2137 est
676 2094 793 2136 sensus
811 2075 985 2146 naturalis,
1004 2079 1174 2140 consistat
1189 2096 1227 2139 ex

121 2169 430 2248 correspondentiis
449 2187 526 2230 cum
549 2168 788 2249 spiritualibus,
810 2188 877 2230 non
902 2171 987 2231 scire
1007 2180 1125 2251 potest
1144 2191 1228 2234 arca·

121 2280 199 2321 num
220 2281 278 2323 cur
302 2261 467 2323 Dominus
491 2262 523 2324 in
548 2265 739 2343 praesentia
758 2263 998 2344 discipulorum
1022 2266 1172 2327 comedit
1192 2264 1229 2326 de

120 2355 211 2435 pisce
230 2376 308 2417 asso
327 2367 361 2418 et
381 2356 422 2417 de
442 2355 518 2417 lavo
537 2356 672 2436 apiario,
694 2365 765 2418 tum
786 2376 884 2438 supra
903 2377 961 2419 cur
977 2357 1073 2421 dedit
1093 2358 1228 2440 discipu·

120 2449 159 2510 lis
179 2450 305 2531 piscem
325 2470 438 2511 assum
458 2459 492 2512 et
516 2469 658 2531 panem;
685 2470 761 2513 cum
781 2460 895 2512 tamen
916 2453 1031 2513 omnia
1051 2463 1086 2515 et
1107 2451 1228 2534 singula

120 2565 205 2625 quae
234 2545 399 2606 Dominus
428 2544 561 2606 locutus
589 2555 640 2606 est
670 2555 704 2607 et
732 2547 803 2626 egit
832 2546 955 2608 Divina
982 2546 1127 2621 fuerunt,
1152 2568 1227 2630 quae

121 2639 259 2700 interius
277 2638 386 2700 latent
405 2640 436 2699 in
455 2638 596 2719 singulis
613 2659 698 2720 quae
715 2640 842 2720 scripta
858 2651 936 2702 sunt
958 2641 990 2701 in
1008 2640 1136 2704 Verbo,
1178 2641 1226 2704 Ex

119 2733 170 2793 his
188 2752 274 2793 nunc
293 2743 451 2794 constare
468 2742 584 2814 potest
604 2733 682 2814 quid
703 2732 911 2813 significatur
930 2754 989 2815 per
1008 2736 1099 2816 quod
1119 2744 1226 2798 “mor-

119 2836 176 2889 tua
193 2828 235 2888 sit
254 2829 354 2888 tertia
372 2847 448 2907 pars
461 2837 690 2888 creaturarum
709 2829 741 2888 in
759 2829 841 2901 mari
858 2828 1060 2890 habentium
1078 2827 1227 2903 animas,'’

118 2922 207 3003 quod
233 2942 354 3003 nempe
375 2922 510 3001 perierit
535 2941 635 2983 omne
655 2921 876 2984 scientificum
896 2924 1009 2985 vivum
1033 2924 1066 2985 in
1091 2921 1227 2986 naturali

118 3015 266 3088 homine,
287 3037 345 3076 seu
369 3015 458 3096 quod
484 3015 583 3088 idem,
605 3016 694 3097 quod
719 3016 882 3078 naturalis
906 3017 1010 3077 homo
1034 3018 1147 3097 quoad
1170 3017 1226 3080 sci·

118 3109 254 3197 enJifica
278 3111 320 3171 ibi
345 3119 497 3172 mortuus
521 3111 583 3171 sit:
608 3108 665 3171 ille
689 3110 811 3171 dicitur
833 3120 985 3171 mortuus
1008 3113 1145 3191 quando
1167 3131 1226 3175 non

117 3203 333 3267 vivificature
350 3204 514 3285 spirituali
531 3203 680 3276 homine,
694 3203 758 3265 hoc
777 3213 840 3275 est,
856 3223 914 3284 per
927 3203 1092 3267 influxum
1106 3228 1124 3269 e
1140 3206 1226 3269 caelo

117 3320 137 3360 a
157 3299 304 3360 Domino
325 3320 382 3379 per
402 3298 609 3380 spiritualem
627 3297 820 3370 hominem;
845 3316 923 3358 nam
942 3297 1109 3361 Dominus
1129 3300 1226 3362 influit

118 3413 175 3473 per
189 3392 397 3472 spiritualem
412 3393 582 3453 hominem
596 3392 628 3452 in
644 3389 832 3451 naturalem
846 3410 852 3450 :
878 3411 979 3471 quare
993 3411 1070 3453 cum
1083 3413 1150 3455 non
1162 3411 1226 3455 am·

118 3486 204 3567 plius
220 3486 355 3567 aliquod
373 3506 488 3548 verum
502 3486 586 3547 caeli
600 3486 806 3565 agnoscitur,
821 3494 855 3546 et
870 3504 938 3545 non
955 3484 1092 3566 aliquod
1110 3487 1225 3549 bonum

117 3580 201 3642 caeli
225 3580 340 3651 afficit,
361 3591 441 3642 tunc
462 3580 643 3661 spiritualis
664 3598 769 3651 mens,
790 3598 876 3660 quae
892 3589 1033 3640 vocatur
1052 3580 1226 3660 spiritualis

117 3674 231 3749 homo,
253 3674 366 3737 clausa
390 3683 454 3748 est,
476 3682 510 3735 et
534 3673 696 3734 naturalis
713 3691 809 3734 mens
828 3673 946 3753 recipit
966 3692 1059 3736 mere
1083 3673 1167 3736 falsa
1188 3693 1225 3736 ex

118 3769 208 3831 malo
222 3791 228 3846 ;
253 3779 287 3831 et
305 3768 388 3830 falsa
401 3790 445 3831 ex
460 3769 550 3831 malo
563 3777 641 3830 sunt
658 3767 879 3849 spiritualiter
891 3778 1037 3840 mortua,
1052 3780 1131 3831 sunt
1145 3769 1225 3831 enim

117 3882 196 3924 vera
215 3882 259 3924 ex
279 3862 369 3923 bono
389 3862 608 3943 spiritualiter
627 3863 712 3924 viva.
760 3861 891 3923 Dicitur
912 3863 1044 3923 “tertia
1065 3882 1142 3943 pars
1161 3881 1225 3924 cre·

117 3955 318 4029 aturarum,”
342 3957 418 4038 quia
442 3977 501 4037 per
521 3955 746 4018 “creaturas’'
770 3966 804 4017 et
826 3955 1037 4016 “animalia”
1062 3958 1095 4018 in
1119 3954 1227 4019 Verbo

117 4048 348 4130 significantur
371 4048 566 4113 afsestiones
590 4061 625 4113 et
653 4050 731 4113 inde
755 4050 984 4131 cogitationes
1008 4052 1098 4131 apud
1126 4048 1226 4112 homi·

118 4163 215 4220 nem;
240 4145 379 4225 proinde
399 4144 636 4225 intelliguntur
655 4145 717 4226 ipsi
741 4144 896 4206 homines
915 4145 1028 4225 quoad
1052 4144 1138 4207 illas.
1181 4142 1225 4206 Si·

118 4238 242 4300 militer
261 4259 319 4319 per
340 4244 541 4301 “creaturas
549 4238 564 4263 ”
582 4239 671 4320 apud
690 4238 853 4310 Marcum,

165 4385 244 4449 Jesus
257 4386 321 4433 dixit
334 4385 478 4447 discipulis,
496 4387 513 4408 ‘¹
522 4384 623 4434 Euntes
635 4385 662 4433 in
676 4385 805 4434 mundum
817 4385 972 4433 universum
986 4386 1137 4447 praedicate
1147 4381 1239 4434 Eun:

248 4452 345 4515 gelium
358 4452 432 4501 omni
445 4450 603 4501 creaturae·
612 4449 676 4507 (xvi.
691 4450 746 4511 15);
