2684 4988
173 462 255 562 '⁶⁴9⁴
500 488 750 542 nrocnrvrsrs
772 488 998 543 nxrnrcm.

188 661 318 727 amalo
337 663 370 724 in
389 661 514 724 maium
531 671 670 749 exeunt,
688 680 750 724 nec
770 660 828 725 Me
847 661 1042 725 noverunt.'’
1087 660 1191 744 Apud
1206 658 1293 737 Jerb-

187 756 301 833 mum,

168 932 171 941 .
239 889 333 940 “Ecce
348 890 418 953 Ego.
429 890 600 940 ..ascendere
615 891 717 939 iaciens
735 898 829 941 contra
844 890 970 940 Babelem
985 892 1225 953 congregationem
1242 907 1309 955 geu·v

318 957 383 1006 tium
394 971 551 1017 magnarum
561 971 576 1004 e
586 966 657 1004 terra
669 956 861 1018 septentrionis
870 971 889 1012 ς.
899 994 905 1005 .
916 993 922 1006 .
932 958 997 1006 ‚tela
1007 957 1067 1018 ejus
1077 959 1146 1005 sicut
1155 957 1242 1014 tortis,
1251 970 1301 1005 nun

318 1030 466 1070 revertetur
475 1022 556 1070 ulium
565 1036 663 1069 vanum
675 1039 704 1071 :..
715 1059 720 1070 .
731 1022 877 1084 ,disponite
885 1033 979 1070 contra
990 1022 1117 1070 Babclem
1127 1023 1301 1078 circumcirca,

318 1101 414 1135 omnes
425 1087 568 1135 tendentes
579 1101 679 1142 arcum,
693 1086 849 1148 jaculamini
861 1098 955 1135 contra
967 1102 1036 1144 eam,
1051 1102 1102 1136 nec
1114 1088 1217 1149 parcite
1230 1086 1301 1136 telis:

322 1152 469 1202 ...audiri
490 1151 568 1200 facite
589 1163 683 1200 contra
705 1151 832 1200 Babelem
852 1152 1023 1215 jaculatores,
1047 1168 1144 1201 omnes
1165 1153 1304 1201 tendentes

317 1231 408 1265 arcum
421 1217 648 1266 castrametamini
661 1227 755 1265 contra
767 1231 826 1265 eam
839 1217 1017 1276 circumcirca,
1032 1233 1067 1265 ne
1084 1218 1119 1267 sit
1137 1217 1176 1266 iili
1195 1218 1285 1266 evasio
1292 1217 1305 1235 ''

317 1282 378 1344 (1.9,
391 1295 430 1341 14,
440 1295 480 1344 29,
490 1294 538 1342 4a;
562 1297 619 1344 cap.
630 1281 657 1331 li.
670 1283 709 1342 3):

187 1439 247 1501 per
261 1419 345 1482 haec
369 1420 569 1482 describitur
591 1420 709 1482 totalis
732 1420 927 1484 devastatio
945 1422 1014 1482 veri
1038 1421 1128 1502 apud
1152 1420 1231 1483 illos
1253 1422 1306 1503 qui

187 1533 246 1595 per
266 1513 480 1577 “isabelem“
498 1513 745 1594 intelliguntur,
765 1515 820 1596 qui
839 1527 918 1577 sunt
937 1516 992 1597 qui
1013 1514 1172 1577 Divinam
1193 1526 1306 1596 potes·

187 1617 295 1670 tatem
319 1608 380 1670 sibi
407 1618 581 1688 arrogant,
605 1620 640 1671 et
663 1609 799 1690 quidem
823 1608 1006 1671 Dominum
1031 1621 1225 1690 agnoscunt
1248 1611 1306 1673 sed

186 1700 364 1782 deprivant
376 1701 475 1764 Illum
485 1704 576 1764 omni
587 1703 741 1784 potentia
751 1700 916 1776 salvandi,
925 1713 960 1765 et
971 1704 1026 1784 qui
1039 1704 1117 1766 inde
1128 1704 1306 1785 profanant

187 1793 311 1858 Divina
330 1816 428 1872 vera;
452 1806 487 1859 et
506 1797 583 1877 quia
601 1817 701 1878 quam
725 1798 874 1859 maxime
899 1798 1093 1878 providetur
1116 1819 1136 1859 a
1160 1798 1307 1861 Domino

186 1908 231 1953 ne
243 1891 389 1970 genuina
402 1911 480 1953 vera
493 1891 720 1972 profanentur,
734 1892 811 1953 ideo
827 1891 885 1953 illa
897 1912 1031 1973 prorsus
1048 1894 1086 1953 iis
1099 1891 1305 1967 auferuntur,

187 1993 222 2047 et
235 1983 312 2047 loco
324 2004 439 2047 eorum
453 1985 646 2048 imbuuntur
659 1986 758 2048 meris
770 1985 880 2047 salsis:
901 2006 960 2066 per
974 1988 1307 2066 “congregationem

187 2079 340 2161 gentium
357 2098 554 2160 magnarum
571 2100 590 2142 e
606 2089 695 2142 terra
711 2081 954 2160 septentrionis
962 2079 977 2101 ”
991 2079 1226 2160 significantur
1238 2082 1308 2144 dira

187 2173 276 2234 mala
300 2174 511 2252 assurgentia
530 2194 574 2235 ex
593 2173 743 2249 iniern03
768 2179 919 2254 “gentes
943 2193 1088 2254 magnae
1097 2173 1111 2196 ”
1131 2185 1213 2237 sunt
1236 2174 1307 2238 dira

187 2267 286 2339 mala,
307 2276 341 2328 et
363 2273 481 2328 “terra
504 2266 771 2348 septentrionis”
790 2277 842 2329 est
870 2267 1034 2329 infernum
1060 2269 1114 2330 ubi
1140 2267 1223 2330 nihil
1247 2269 1308 2330 nisi

177 2358 325 2427 ialsum:
358 2381 417 2442 per
441 2361 538 2423 “tela
561 2360 631 2441 ejus
658 2362 744 2423 sicut
768 2360 873 2435 fortis,
898 2380 965 2422 non
990 2371 1180 2423 revertetur
1204 2361 1307 2424 ullum

185 2453 340 2527 vanum,’‘
357 2453 564 2534 significatur
580 2455 670 2536 quod
690 2454 769 2516 inde
788 2455 979 2516 imbuentur
996 2457 1094 2516 meris
1112 2455 1226 2533 salsis3
1251 2477 1309 2537 per

188 2548 386 2629 “disponite
409 2558 529 2610 contra
553 2548 714 2610 Babelem
738 2549 963 2620 circumcirca,
981 2570 1099 2610 ornnes
1124 2550 1308 2612 tendentes

186 2660 311 2715 arcum,
322 2639 514 2721 jaculamini
527 2653 647 2705 contra
660 2662 746 2715 eam,
760 2661 822 2704 nec
840 2644 966 2724 parcite
981 2642 1086 2712 telis,”
1099 2642 1309 2723 significatur

186 2735 276 2816 quod
295 2736 448 2798 similiter
466 2736 577 2818 quoad
601 2736 713 2798 omnia
732 2734 951 2813 doetrinaiia3
978 2736 1095 2798 totalis
1114 2739 1309 2800 devastatio

186 2829 255 2891 veri
279 2829 366 2910 apud
392 2828 479 2903 illos,
496 2829 706 2910 significatur
724 2849 782 2911 per
803 2836 950 2892 “omnes
974 2831 1158 2892 tendentes
1181 2851 1307 2904 arcum,

186 2925 474 2986 castrametamini
493 2933 614 2987 contra
632 2943 707 2987 eam
726 2925 951 3000 circumcirca,
972 2945 1014 2987 ne
1034 2927 1077 2986 sit
1098 2923 1146 2986 illi
1165 2926 1310 2988 evasio.”

186 3018 290 3100 Apud
309 3016 463 3094 Esaiam,
759 3012 764 3026 '

237 3166 256 3188 ‘¹
265 3164 322 3226 Ego
329 3163 450 3212 excitans
458 3173 606 3213 contraeos
614 3162 733 3219 Medum,
743 3164 787 3226 qui
794 3172 935 3224 argentum
945 3178 999 3210 non
1008 3163 1199 3221 aestimabunt,
1208 3173 1236 3213 et
1243 3178 1310 3213 auro

318 3244 372 3277 non
380 3226 592 3285 delectabuntur,
603 3244 714 3292 quorum
724 3243 801 3277 arcus
809 3228 922 3290 juvenes
931 3229 1049 3284 allident,
1061 3240 1086 3275 ct
1095 3225 1198 3277 [rudius
1206 3229 1310 3278 ventris

317 3309 371 3342 non
381 3295 577 3342 miserebuntur
587 3309 605 3351 ;.
616 3331 622 3343 .
632 3332 637 3342 .
649 3294 698 3343 ,εἰς
706 3294 757 3342 crit
766 3293 849 3342 Babel
853 3330 923 3351 .....
929 3294 997 3341 sicut
1005 3295 1111 3341 eversio
1121 3293 1180 3351 Dei,
1190 3294 1310 3343 Sodoma

317 3369 344 3409 et
357 3358 531 3409 Gomorrha¹'
542 3359 608 3420 (xiii.
621 3360 726 3421 17-19):

187 3496 291 3559 etiam
304 3494 388 3558 haec
403 3494 445 3557 de
462 3493 600 3569 Babele,
615 3503 650 3556 et
667 3493 710 3556 de
723 3493 964 3556 devastatione
978 3495 1127 3556 omniurn
1141 3493 1309 3557 ecclesiae

187 3590 278 3671 apud
294 3588 371 3651 illos
386 3591 441 3671 qui
458 3610 518 3670 per
530 3594 549 3620 “
560 3587 746 3651 Babelem'’
762 3588 1011 3668 intelliguntur,
1027 3588 1068 3649 de
1086 3588 1207 3669 quibus
1225 3608 1309 3651 mox

186 3703 306 3766 supra:
335 3704 394 3765 per
415 3682 582 3746 “Medum
592 3682 606 3707 ”
625 3681 859 3763 significantur
882 3685 937 3764 qui
962 3683 1055 3744 nihili
1080 3682 1208 3744 faciunt
1228 3704 1310 3745 vera

186 3789 222 3842 et
235 3780 325 3842 bona
337 3777 423 3840 caeli
435 3786 469 3840 et
483 3776 648 3840 ecciesiae
661 3797 668 3853 ;
693 3797 794 3858 quare
806 3777 848 3839 de
861 3777 926 3839 illis
938 3778 1070 3849 dicitur,
1086 3778 1169 3858 “qui
1183 3797 1309 3858 argen-

166 3880 260 3938 'tum
285 3893 352 3935 non
376 3871 618 3946 aestimabunt,
643 3882 677 3934 et
705 3890 786 3933 auro
810 3890 877 3932 non
901 3869 1200 3946 deleitabuntur;”
1227 3878 1310 3934 “ar-

186 3966 353 4050 gentum”
373 3964 541 4046 significat
566 3985 692 4037 verum,
714 3976 748 4028 et
775 3971 920 4027 “aurum
930 3965 945 3989 ”
968 3967 1105 4036 bonum,
1127 3975 1309 4047 utrumque

186 4061 350 4125 ecclesiae
363 4081 369 4122 :
391 4081 450 4142 per
462 4067 481 4091 “
490 4060 623 4122 illorum
636 4079 732 4122 arcus
745 4061 801 4142 qui
811 4059 952 4140 juvenes
965 4059 1120 4131 allident,
1132 4068 1166 4120 et
1181 4057 1309 4122 fructus

185 4158 315 4220 ventris
339 4175 407 4217 non
435 4153 712 4228 miserebuntur,”
736 4152 969 4235 significantur
993 4151 1194 4215 doc‘trinaiia
1222 4175 1309 4235 quae

186 4252 365 4315 destruent
389 4269 489 4311 omne
512 4267 628 4310 verum
652 4258 687 4311 et
711 4267 811 4310 omne
835 4248 960 4310 bonum
985 4248 1082 4322 inde;
1116 4245 1309 4326 “juvenes'’

186 4343 379 4426 significant
399 4364 489 4418 vera,
509 4353 544 4407 et
566 4340 720 4405 “fructus
738 4343 867 4405 ventris
877 4342 891 4366 ”
911 4343 1019 4404 bona:
1048 4352 1082 4402 ct
1103 4343 1180 4422 quia
1205 4362 1308 4405 omne

187 4440 315 4505 malum
337 4438 404 4502 illis
425 4449 478 4503 est
501 4459 546 4502 ex
566 4457 681 4501 amore
699 4439 761 4514 sui,
781 4447 816 4501 et
840 4457 941 4500 omne
960 4436 1079 4498 falsum
1103 4446 1157 4500 cst
1181 4457 1226 4498 ex
1247 4436 1307 4499 illo
