2684 4988
294 455 377 506 οτι».
395 455 454 517 v1.,
471 455 572 507 vans.
594 457 721 522 14.-u.
736 442 871 526 405[g].
1076 459 1136 527 9²1

100 623 239 687 nbonum
257 625 438 688 charitatis
456 635 490 688 et
513 623 589 688 fidei
612 624 756 707 amplius
775 626 830 699 sit,
848 623 1058 707 significatur
1079 645 1140 708 per

100 718 198 781 esolati
211 716 317 782 1¹¹sunt
334 730 469 783 montes
486 719 619 783 Israelis
631 720 658 782 :”
674 720 764 802 quod
780 740 914 801 prorsus
928 740 996 782 non
1012 719 1139 783 bonum

100 813 245 886 lmalum,
275 813 484 895 sIgnificatur
510 835 569 896 per
594 822 660 877 “ut
688 835 755 877 non
784 813 981 877 transiens.”
1034 812 1138 897 Apud

100 907 179 979 idem,

100 1033 151 1082 'lili
164 1035 289 1092 hominis,
306 1050 377 1096 pone
392 1035 473 1084 iacies
487 1044 546 1084 tuas
558 1036 592 1084 ad
607 1046 713 1085 montes
730 1035 847 1095 Israelis,
862 1046 888 1084 et
904 1035 1035 1098 propheta
1046 1043 1140 1084 contra

153 1100 221 1155 illos,
231 1111 259 1148 et
271 1101 354 1157 dices,
366 1099 472 1149 Montes
484 1100 600 1158 Israelis,
610 1103 700 1150 audite
710 1103 820 1150 verbum
833 1101 942 1149 Domini
951 1100 1083 1165 Jehovih;
1101 1100 1140 1149 sic

153 1165 219 1213 dixit
241 1165 376 1214 Dominus
394 1165 507 1228 Jehovih
525 1167 661 1215 montibus
678 1177 706 1215 et
723 1167 845 1224 collibus,
865 1167 949 1215 alveIs
968 1175 995 1215 et
1012 1165 1137 1223 vallibus,

154 1229 220 1278 Ecce
235 1230 294 1292 Ego
306 1231 411 1279 adduco
423 1246 502 1292 super
514 1246 563 1280 vos
575 1231 695 1293 gladium
705 1231 719 1249 '⁹
731 1232 776 1293 (vi.
786 1229 837 1289 1¹¹2,
851 1232 890 1292 3):

103 1381 130 1422 m
146 1361 197 1424 hle
220 1383 280 1443 per
301 1369 465 1426 “montes
485 1363 619 1426 Israelis
627 1363 642 1386 ”
659 1363 891 1444 sIgnitieantur
910 1362 1001 1425 mala
1019 1382 1139 1446 proce·

100 1456 141 1517 tia
165 1477 208 1518 ex
237 1477 354 1519 amore
381 1459 430 1519 sui
457 1468 492 1520 et
520 1458 646 1530 mundi,
674 1479 771 1540 quae,
799 1458 888 1539 apud
917 1457 993 1520 illos
1021 1459 1076 1540 qui
1105 1458 1139 1520 in

100 1549 165 1611 lesia
194 1550 361 1632 spirituali
390 1562 479 1623 sunt,
507 1554 661 1614 existunt
692 1553 772 1614 dum
802 1552 868 1614 illis
897 1572 964 1614 non
995 1552 1139 1633 amplius

102 1664 148 1706 um
170 1646 273 1717 uitae,
295 1646 355 1706 sed
379 1645 504 1708 malum
524 1648 615 1709 vitae
638 1656 674 1709 et
698 1647 775 1708 inde
799 1645 920 1708 salsum
943 1642 1137 1709 doctrinae:

107 1744 274 1812 “montes,
295 1739 412 1810 colles,
432 1739 548 1802 alveos
566 1750 601 1802 et
621 1739 758 1813 valles,’'
774 1739 1008 1820 significantur
1026 1739 1140 1801 omnia

100 1832 195 1905 lesiae,
212 1844 286 1895 tam
306 1834 465 1896 interiora
488 1855 546 1896 seu
568 1834 754 1916 spiritualia
773 1854 874 1915 quam
893 1835 1065 1896 exteriora
1080 1853 1139 1895 seu

100 1927 208 2004 uralia;
232 1934 398 1990 “montes
410 1938 444 1991 et
458 1929 586 1991 colles”
597 1928 788 2009 significant
802 1929 961 1991 interiora
972 1948 1030 1991 seu
1043 1929 1139 2010 spiri·

100 2021 139 2096 lia,
168 2020 352 2085 “alvei'et
380 2023 486 2086 valles
497 2023 512 2047 '⁸
539 2026 710 2087 exteriora
740 2045 798 2086 seu
829 2022 1017 2086 naturalia:
1048 2024 1140 2106 quod

100 2117 160 2180 ituri
175 2138 235 2199 per
251 2116 347 2189 Ialsa,
362 2117 569 2198 significatur
586 2140 644 2200 per
662 2118 782 2181 “Ecce
799 2117 876 2198 Ego
892 2118 1025 2180 adduco
1040 2138 1141 2200 super

112 2210 256 2292 gladium
269 2211 297 2288 ;”
322 2210 482 2292 “gladius
493 2212 508 2236 '⁸
526 2223 579 2275 est
603 2210 790 2275 destructio
813 2211 886 2274 Ialsi
910 2233 969 2293 per
991 2232 1081 2286 vera,
1103 2221 1138 2275 et

100 2309 234 2387 >pposito
253 2327 366 2379 sensu,
384 2317 420 2369 ut
440 2307 505 2380 hic,
525 2305 710 2370 destruitio
729 2309 798 2370 veri
818 2329 877 2390 per
895 2307 988 2370 falsa.
1034 2306 1139 2389 Apud

100 2399 177 2474 dem,

100 2525 133 2575 'lu
144 2528 185 2576 die
198 2529 255 2584 illo,
267 2543 322 2590 quo
333 2528 423 2576 veniet
436 2528 528 2591 Gogus
541 2540 727 2591 superterram
743 2528 851 2577 Israelis
854 2566 923 2586 ,,,,,
929 2528 1140 2578 contremiscent

151 2607 242 2641 coram
262 2592 307 2640 Me
326 2594 413 2655 pisces
428 2594 517 2644 maris.
534 2605 561 2642 et
578 2596 636 2642 avis
650 2595 795 2650 caelorum,
812 2604 838 2642 et
855 2594 913 2642 iera
929 2595 997 2655 agri,
1014 2603 1041 2642 et
1058 2608 1139 2643 omne

152 2659 247 2720 reptile
269 2670 380 2720 reptans
400 2674 480 2720 super
498 2670 577 2714 terra,
596 2670 623 2708 et
643 2661 732 2708 omnis
753 2661 835 2707 homo
854 2660 897 2722 qui
919 2674 1000 2722 super
1020 2659 1140 2708 faciebus

152 2734 255 2772 terrae:
275 2735 302 2772 et
314 2735 468 2772 evertentur
478 2735 592 2782 montes,
604 2735 630 2773 et
639 2725 736 2774 cadent
747 2725 856 2785 gradus,
868 2735 895 2773 et
904 2725 994 2773 omnis
1004 2737 1097 2774 murus
1110 2725 1139 2773 in

152 2800 250 2837 terram
271 2790 365 2845 cadet;
385 2799 448 2838 tunc
467 2792 570 2838 vocabo
587 2805 666 2852 super
683 2804 745 2838 eum
766 2790 892 2838 omnibus
913 2790 1050 2839 montibus
1072 2791 1139 2839 mels

152 2855 270 2915 gladium
280 2855 293 2871 ’¹
305 2855 424 2915 (xxxviii.
439 2852 504 2918 [18,]
519 2867 558 2912 20,
571 2858 625 2914 21):

100 2973 110 3034 l
122 2994 177 3055 per
189 2977 305 3038 omnia
321 2976 405 3038 haec
423 2975 644 3056 significatur,
657 2977 814 3038 videatur
826 2995 927 3056 supra
944 2988 1138 3053 (n.1⁸1400[c]t,

104 3068 268 3148 explicata
284 3080 363 3131 sunt
376 3090 383 3144 ;
408 3088 540 3150 nempe,
554 3069 633 3150 quid
650 3089 708 3150 per
722 3075 741 3100 ‘⁴
751 3066 916 3148 Gogum,''
930 3088 988 3148 per
1002 3069 1139 3148 “pisces

100 3161 153 3234 is,”
173 3169 299 3224 “avem
324 3162 523 3237 caelorum,’'
545 3162 678 3225 “leram
702 3162 803 3242 agri,''
824 3161 976 3242 “reptile
1000 3172 1139 3242 reptans

100 3274 126 3316 er
143 3266 229 3319 terra
241 3257 269 3334 ;”
292 3267 327 3318 et
351 3257 440 3338 quod
465 3278 523 3338 per
544 3262 707 3319 “montes
731 3256 865 3319 Israelis
874 3256 889 3280 ”
908 3255 1140 3337 significentur

100 3352 249 3413 aamoris
262 3350 457 3432 spiritualis,
471 3361 507 3413 at
525 3350 578 3413 hic
595 3351 684 3413 mala
695 3352 819 3413 amoris
836 3351 933 3413 bonis
949 3349 1014 3412 illis
1030 3370 1138 3431 oppo-

101 3489 107 3501 .
145 3443 245 3526 Apud
264 3444 423 3517 Micham,

100 3573 187 3638 *Surge
198 3576 335 3627 contende
346 3590 407 3625 eum
420 3577 565 3634 montibus,
577 3586 606 3625 ut
617 3577 730 3626 audiant
739 3577 823 3626 colles
833 3592 927 3626 vocem
938 3587 1011 3626 tuam
1022 3592 1028 3632 ;
1046 3577 1139 3625 audite

152 3654 258 3692 montes
270 3642 344 3691 litem
355 3642 483 3705 Jehovae,
495 3653 522 3691 et
535 3645 632 3690 robora
644 3643 821 3691 fundamenta
833 3654 927 3697 terrae.
940 3643 1002 3704 quia
1014 3642 1046 3690 lis
1058 3642 1140 3706 Jeho-

152 3724 198 3758 uae
210 3724 273 3758 cum
286 3709 388 3772 populo
400 3724 458 3765 suo,
473 3720 571 3756 etcum
586 3707 685 3756 lsraele
698 3705 851 3769 disceptat’'
864 3707 910 3767 (vi.
924 3719 945 3764 1,
959 3708 998 3768 2):

100 3857 256 3925 equoque
280 3838 373 3902 dista
396 3850 474 3902 sunt
498 3841 539 3902 de
563 3839 706 3902 ecclesia
730 3837 904 3919 spirituali,
925 3857 1025 3918 quam
1050 3837 1138 3899 lsra-

100 3951 128 3996 ae
138 3938 281 4018 separati
297 3955 318 3997 a
329 3935 466 4015 Judaeis
479 3934 780 4014 repraesentabant
794 3955 800 4010 ;
825 3943 860 3995 et
877 3954 936 4013 per
951 3940 969 3963 ‘¹
980 3943 1115 3995 montes
1124 3932 1139 3955 ''

100 4024 256 4108 :lliguntur
279 4030 372 4091 bona
395 4029 583 4102 charitatis
608 4039 642 4090 et
670 4048 728 4108 per
754 4025 910 4089 “colles”
934 4028 1022 4088 bona
1049 4026 1136 4099 fidei,

102 4133 198 4186 autem
218 4123 311 4186 mala
335 4136 370 4185 et
394 4123 478 4185 salsa
497 4125 655 4205 opposita
677 4121 743 4183 illis
767 4123 863 4183 bonis
876 4143 883 4197 ;
908 4122 985 4183 ideo
1004 4123 1137 4195 dicitur,

100 4220 225 4281 outende
240 4238 318 4280 cum
333 4217 517 4289 montibus,
529 4228 565 4278 et
578 4216 717 4278 audiant
732 4213 837 4278 colles
847 4235 967 4277 vocem
978 4212 1098 4277 [ltuam
1112 4213 1138 4275 :'’

100 4303 169 4372 »bora
192 4313 418 4374 fundamenta
446 4310 585 4374 terrae”
613 4320 691 4372 sunt
722 4311 885 4390 principia
914 4308 987 4371 falsi
1017 4311 1050 4371 in
1080 4307 1139 4370 illa

100 4394 179 4483 lesia;
203 4405 351 4470 “terra''
368 4415 420 4467 est
437 4403 591 4476 ecclesia,
608 4414 644 4465 et
663 4403 934 4465 “fundamenta''
949 4413 1028 4466 sunt
1046 4403 1137 4484 prin-
