2684 4988
146 466 208 534 942
458 467 706 518 APOCALYPSIS
730 467 953 518 Elementa.

205 633 310 718 408.
339 650 419 708 [rens
433 651 480 710 ις]
503 635 568 697 ‘fr
583 655 677 719 rapae
694 642 813 709 mmo,
828 640 861 698 ot
876 641 1041 719 magnetes
1057 630 1255 749 otdinlead

147 722 311 785 eiilineeli
323 730 357 786 ot
370 724 534 803 putentes?
535 724 686 810 '—Quod
700 725 892 809 significent
904 725 1019 787 omnia
1036 723 1115 786 bona
1129 734 1157 786 et
1169 706 1255 787 nera
1251 756 1255 801 t

145 813 279 876 interna
293 824 325 876 ct
341 816 451 877 omnia
466 815 550 877 bona
567 825 599 877 et
613 836 696 877 vera
712 825 861 888 externa,
874 828 940 897 per
953 836 1040 897 quae
1053 806 1255 896 sapientiis

104 915 114 938 ⁸
147 906 373 988 iQntelligentia
394 918 531 971 constat
555 930 599 971 ex
619 908 907 989 significatione“
916 928 1047 990 regum
1051 909 1162 991 ”quod
1179 908 1255 997 unte

147 1017 227 1058 vera
240 1019 285 1059 ex
299 998 410 1060 bono
403 1020 436 1060 rn
447 1019 539 1060 omni
532 1000 737 1080 complexu
751 1017 793 1073 (de
804 1029 939 1073 quasupm.
951 1030 974 1061 ι.
988 1017 1061 1079 31);
1079 1020 1122 1061 ex
1132 976 1255 1083 signit-
1251 1010 1255 1061 1

147 1087 311 1148 catione
316 1094 538 1167 magnatum
561 1099 596 1151 et
619 1088 794 1161 divitum,”
811 1089 903 1170 quod
925 1090 994 1150 sint
1018 1089 1108 1150 bona
1128 1098 1160 1150 et
1173 1068 1255 1163 verul

147 1175 283 1236 interna
302 1192 403 1249 (aequa
416 1194 553 1253 sequium
579 1198 624 1239 ex
644 1176 923 1257 significatione
928 1176 1194 1239 chiliarchorun
1205 1172 1250 1251 et?

147 1267 370 1346 potentium‚”
392 1268 482 1348 quod
506 1269 574 1330 sint
593 1269 683 1330 bona
702 1280 737 1331 et
761 1289 840 1331 vera
858 1279 1016 1342 externa,
1038 1262 1234 1330 “chiliarcff'

148 1355 239 1417 bona
257 1356 316 1417 illa
334 1367 369 1419 et
390 1364 582 1438 “potentes
591 1359 607 1381 ”
629 1378 710 1421 vera
728 1359 786 1420 illa
805 1376 847 1432 (ue
856 1389 905 1432 qua
915 1375 988 1420 enam
999 1376 1125 1431 κιιιιιι).
1163 1356 1234 1419 Did·

148 1456 202 1507 tur
221 1449 324 1509 etiam
341 1459 406 1528 per
424 1470 507 1529 quae
524 1450 690 1529 sapientia
707 1460 739 1511 et
756 1449 983 1530 intelligentia.
1003 1452 1081 1532 quia
1099 1471 1141 1512 ex
1160 1446 1232 1511 bonit

148 1550 183 1602 et
206 1542 294 1602 veris
322 1543 473 1613 internis,
499 1555 686 1624 quaesunt
714 1544 804 1604 bona
829 1553 864 1605 et
888 1563 967 1605 vera
991 1542 1176 1625 spiritualia,
1193 1548 1231 1603 est

149 1634 325 1713 sapientia,
344 1645 378 1695 et
398 1655 442 1696 ex
463 1636 559 1696 bonis
579 1644 614 1698 et
631 1637 718 1698 veris
737 1637 899 1708 externis,
917 1657 1005 1718 quae
1025 1647 1103 1698 sunt
1122 1636 1229 1715 bonnet

141 1744 228 1793 ‚vera
247 1729 414 1792 naturalia
432 1749 477 1791 ex
501 1729 741 1809 spiritualibus,
761 1739 814 1791 est
838 1729 1077 1810 intelligentia.
1119 1728 1228 1811 Sapien-

149 1821 196 1880 tia
220 1821 438 1900 distinguitur
461 1823 504 1883 ab
528 1822 756 1902 intelligentia
783 1823 815 1884 in
839 1843 890 1892 eo,
915 1824 1006 1904 quod
1031 1820 1228 1904 sapientiasit

141 1933 193 1988 ex
210 1914 284 1976 luce
301 1915 397 1987 caeli,
415 1926 449 1977 et
467 1915 556 1996 quod
573 1915 803 1996 intelligentia
819 1917 862 1978 sit
879 1937 922 1978 ex
944 1916 1019 1978 luce
1037 1917 1145 1978 mundi
1159 1913 1227 1977 illus·

149 2017 240 2068 trata
256 2029 300 2069 ex
319 2007 393 2070 luce
410 2008 514 2083 caeli;
538 2010 617 2070 inde
630 2019 682 2071 est
699 2010 789 2090 quod
806 2009 848 2071 de
865 2010 962 2071 bonis
978 2020 1014 2071 et
1031 2012 1115 2072 veris
1126 2009 1226 2090 spiritu-

149 2100 256 2162 alibus
270 2103 482 2182 praedicetur
495 2104 672 2182 sapientia,
687 2113 722 2165 et
739 2103 781 2165 de
795 2103 890 2165 bonis
907 2114 942 2165 et
956 2106 1043 2166 veris
1056 2101 1227 2167 naturalitus

140 2193 388 2274 intelligentia.
414 2215 491 2257 nam
516 2197 605 2257 bona
628 2206 662 2258 et
690 2216 769 2259 vera
796 2196 981 2277 spiritualia
1009 2208 1086 2260 sunt
1114 2217 1152 2259 ex
1175 2193 1227 2257 luce

149 2288 245 2357 caeli.
270 2290 347 2368 quia
371 2308 466 2349 mens
490 2290 672 2369 spiritualis
696 2310 754 2351 seu
777 2309 873 2351 mens
896 2291 1031 2352 interna
1052 2301 1104 2353 est
1125 2292 1153 2351 in
1174 2288 1227 2350 luce

148 2381 244 2454 caeli,
264 2394 299 2443 et
322 2382 411 2443 bona
434 2392 469 2444 et
489 2403 567 2444 vera
591 2382 757 2444 naturalia
776 2394 854 2444 sunt
873 2404 917 2444 ex
943 2383 1018 2445 luce
1042 2383 1158 2455 mundi,
1172 2379 1228 2465 quit

149 2493 244 2536 mens
264 2474 426 2537 naturalis
443 2496 501 2537 seu
520 2487 666 2538 externa
689 2486 741 2537 est
766 2477 798 2537 in
823 2476 896 2538 luce
916 2478 1051 2554 mundi;
1079 2476 1134 2540 sed
1149 2490 1227 2556 quau·

149 2578 220 2629 tum
238 2567 321 2629 haec
340 2588 434 2630 mens
448 2571 566 2650 recipit
583 2569 692 2631 lucem
705 2569 790 2632 caeli
808 2591 866 2651 per
878 2571 1086 2651 spiritualem
1099 2578 1226 2637 mentem,

149 2671 284 2724 tantum
304 2663 336 2722 in
357 2660 585 2742 intelligentia
604 2672 667 2724 est.
714 2660 779 2743 Qui
799 2664 904 2725 credit
925 2665 1015 2745 quod
1036 2659 1228 2745 intelligentia

149 2756 192 2816 sit
205 2776 249 2815 ex
263 2754 335 2815 sola
349 2754 422 2816 luce
437 2756 657 2837 mundi‚quae
668 2766 808 2817 vocatur
819 2755 932 2818 lumen
944 2758 1106 2831 naturale,
1118 2754 1226 2818 multum

148 2847 282 2911 fallitur.
329 2848 390 2910 Per
406 2848 670 2929 intelligentiam
688 2849 888 2931 intelligitur
901 2852 1014 2912 videre
1027 2871 1104 2912 vera
1119 2859 1150 2912 et
1163 2848 1227 2909 bont

149 2962 193 3003 ex
213 2962 259 3011 se,
278 2941 330 3003 vel
352 2942 460 3003 civilia
477 2942 530 3003 vel
551 2941 690 3004 moralia
708 2942 761 3004 vel
781 2943 967 3024 spiritualia
985 2946 1073 3021 sint;
1096 2953 1130 3006 at
1143 2940 1227 3003 viden

148 3036 205 3097 illa
229 3057 273 3096 ex
296 3035 373 3106 alio,
400 3035 464 3096 hoc
489 3055 556 3096 non
580 3045 632 3096 est
660 3035 887 3116 intelligentia
911 3037 970 3099 sed
999 3039 1143 3100 scientia.
1178 3031 1255 3151 Ast!

149 3141 185 3192 ut
206 3131 329 3191 sciatur
346 3129 516 3210 quomodo
537 3128 620 3191 haec
638 3128 861 3210 intelligenda
878 3141 967 3204 sunt,
985 3132 1255 3208 videanturqute3¹

148 3221 181 3282 in
205 3220 350 3281 articulo
374 3220 603 3299 praecedente
627 3236 661 3292 (ι.
672 3218 787 3295 406[ι])
806 3219 895 3281 dieta
918 3232 1010 3293 sunt,
1031 3241 1146 3302 nempe
1161 3210 1255 3298 quotl²

133 3300 247 3374 ¹binae
261 3322 394 3374 mentes
408 3311 535 3372 homini
552 3310 630 3382 sint,
646 3331 711 3373 una
727 3311 908 3392 spiritualis
921 3332 980 3374 seu
997 3309 1225 3384 intestinarum

148 3406 311 3468 naturalis
328 3426 386 3466 seu
400 3414 566 3480 externa;
590 3415 625 3466 et
642 3405 731 3486 quod
748 3424 843 3466 mens
856 3405 1039 3486 spiritualis
1055 3427 1112 3468 seu
1126 3407 1225 3466 intem

148 3502 317 3582 aperiatur
333 3500 420 3580 apud
438 3498 515 3560 illos
531 3499 585 3579 qui
604 3499 693 3559 bona
706 3508 740 3560 et
758 3519 836 3560 vera
849 3496 953 3560 Verbi
970 3500 1138 3580 applicant
1151 3498 1223 3560 vitae.

147 3615 186 3658 ac
212 3615 279 3655 non
303 3595 471 3674 aperiatur
493 3593 582 3673 apud
610 3591 686 3653 illos
709 3593 764 3672 qui
792 3609 858 3652 non
884 3591 973 3652 bona
997 3605 1032 3655 et
1055 3612 1130 3654 vera
1149 3580 1224 3650 Verbi
1252 3592 1255 3599 '

147 3689 320 3770 applicant
340 3689 440 3757 vitae.
459 3688 518 3748 sed
539 3686 647 3747 solum
668 3705 762 3746 mens
783 3686 945 3747 naturalis
964 3706 1024 3749 seu
1040 3697 1185 3758 externa3
1179 3674 1223 3739 hl

147 3784 225 3846 inde
253 3792 418 3842 vocantur
448 3779 620 3842 naturales
647 3779 811 3853 homines,
840 3778 886 3840 illi
916 3789 1033 3842 autem
1063 3773 1222 3862 spirituales

149 3876 278 3957 Quibus
295 3875 488 3936 addendum
505 3883 558 3934 est
574 3873 663 3954 quod
677 3883 840 3954 quantum
853 3873 1001 3952 aperitur
1018 3893 1112 3935 mens
1123 3868 1223 3952 spiritu·

147 3971 209 4032 alis
234 3991 291 4030 seu
316 3970 449 4030 interna
473 3977 606 4028 tantum
634 3987 693 4047 per
719 3966 811 4027 illam
840 3986 859 4026 a
886 3965 1035 4028 Domino
1062 3965 1166 4028 influat
1183 3959 1224 4021 lux

147 4060 339 4144 spiritualis,
364 4081 449 4142 quae
473 4070 525 4122 est
553 4059 612 4121 lux
636 4059 732 4131 caeli,
756 4060 789 4121 in
813 4069 963 4120 mentem
987 4059 1168 4122 naturalem
1185 4067 1225 4114 seu

147 4165 338 4224 externam,
363 4163 398 4214 et
422 4152 570 4214 illustrat
593 4171 679 4223 eam,
704 4160 738 4213 et
762 4150 821 4212 dat
845 4149 1119 4230 intelligentiam.
1158 4146 1226 4210 Bona

146 4259 181 4310 et
206 4268 284 4309 vera
313 4266 399 4327 quae
426 4245 552 4307 faciunt
580 4243 787 4325 spiritualem
814 4265 872 4305 seu
899 4244 1069 4306 internam
1097 4251 1227 4307 mentem.

136 4341 383 4421 ¹intelliguntur
403 4360 461 4420 per
482 4345 691 4418 “magnates
714 4347 749 4398 et
773 4335 924 4409 diviteS,”
944 4337 1035 4399 bona
1054 4358 1113 4420 per
1132 4342 1230 4412 ‘'mag-

146 4435 273 4510 nates'’
286 4445 320 4496 et
338 4454 416 4496 vera
434 4454 492 4514 per
511 4433 661 4493 “divites
675 4431 700 4507 ;'’
723 4451 761 4493 ac
779 4432 866 4492 bona
882 4437 916 4490 et
935 4450 1016 4493 vera
1032 4452 1118 4513 quae
1134 4430 1233 4494 faciunt
