2684 4988
107 473 172 554 960
422 487 672 538 crocatursrs
694 488 920 540 sxrcrcnrn.

108 679 167 741 per
177 660 261 722 haec
273 658 594 741 repraesentabatur
603 657 713 741 qualis
725 658 882 723 Ecclesia
891 659 1030 741 Judaica
1039 669 1111 733 erat,
1119 659 1176 743 quod

108 771 230 834 nempe
246 754 374 836 absque
390 754 481 815 omni
498 753 589 815 bono
605 755 697 816 vitae
712 762 748 816 et
765 774 845 817 vero
860 751 1052 818 dodirinae:
1075 756 1177 836 “cingo

108 846 201 910 lum‘'
224 849 313 910 enim
338 868 437 928 super
464 846 587 909 lumbis
611 846 804 929 Prophetae
827 846 1040 928 significabat
1064 847 1179 928 conjunc·
1206 824 1212 943 Ξ

108 942 237 1005 tionem
258 941 394 1003 Domini
418 960 495 1003 cum
514 941 657 1004 ecclesia
681 960 742 1024 per
760 941 933 1018 Verbum;
962 962 1021 1024 per
1041 941 1181 1024 “Euphra·
1207 960 1212 1001 r

108 1035 202 1098 tem”
222 1033 430 1116 significatur
452 1054 553 1098 omne
572 1034 738 1098 ecclesiae
761 1035 872 1117 quoad
896 1035 1033 1108 bonum,
1052 1037 1092 1099 ibi
1107 1033 1182 1117 quoad
1210 1044 1212 1061 '

108 1128 254 1203 malum;
279 1139 313 1192 et
331 1149 390 1212 per
407 1134 427 1161 “
438 1129 594 1210 petram”
610 1148 711 1191 omne
728 1128 892 1193 ecclesiae
912 1130 1023 1211 quoad
1039 1127 1183 1199 verumrbi
1203 1134 1208 1139 '

109 1223 220 1306 quoad
233 1223 364 1295 falsum,
377 1242 455 1285 nam
469 1224 592 1286 dicitur
605 1230 626 1254 ‘⁸
635 1223 785 1286 foramen
800 1233 918 1304 petrae
930 1223 958 1285 :'’
976 1223 1064 1305 quod
1077 1224 1183 1303 “cingu-

111 1317 178 1379 lum
196 1326 390 1400 corruptum
408 1326 499 1379 esset
516 1327 553 1379 ut
574 1337 641 1379 non
659 1319 837 1399 prodesset
850 1318 894 1379 ad
907 1315 1184 1400 quicquam’'signi·

111 1410 234 1474 ficabat
258 1412 347 1492 quod
373 1431 507 1493 prorsus
531 1430 599 1472 non
623 1410 735 1493 aliqua
758 1408 951 1490 conjunctio
969 1411 1120 1475 ecclesiae
1134 1426 1185 1472 cuu

112 1505 270 1578 Domino,
285 1505 425 1587 proinde
438 1506 528 1586 quod
546 1524 613 1567 non
627 1505 781 1567 ecclesia.
819 1504 935 1568 Simile
949 1506 1038 1588 quod
1050 1527 1103 1588 per
1112 1511 1184 1586 “spe

111 1598 269 1661 luncam’'
286 1601 318 1661 in
335 1599 542 1681 propheticis
559 1599 674 1673 Verbi,
693 1601 797 1662 etiam
816 1621 875 1681 per
895 1598 988 1662 illam
1007 1602 1040 1662 in
1058 1597 1185 1662 historicis

111 1692 227 1767 Verbi,
256 1692 484 1774 significatum
517 1712 594 1756 nam
622 1693 792 1756 historicis
820 1693 924 1756 Verbi
950 1713 1056 1776 aeque
1079 1712 1112 1755 ac
1132 1710 1185 1773 pro

14 1845 16 1848 .
111 1788 257 1870 pheticis
270 1788 374 1851 Verbi
391 1807 509 1850 sensus
527 1789 677 1851 internus
694 1790 782 1852 inest
795 1788 898 1852 :--Ut
915 1790 1005 1870 quod
1022 1796 1187 1852 memoratur

110 1883 153 1946 de
177 1882 302 1956 Lotho‚
322 1883 413 1964 quod
437 1893 515 1965 post
539 1883 812 1945 combustionem
836 1882 1006 1946 Sodomae
1029 1895 1062 1946 et
1080 1881 1186 1946 Gomor-

110 1976 191 2039 rhae

165 2108 334 2159 Habitaverit
349 2109 376 2157 in
389 2109 517 2171 spelunca
531 2109 632 2158 montis
646 2123 705 2158 cum
718 2108 821 2158 duabus
836 2109 941 2160 filiabus
954 2111 1018 2167 suis,
1032 2126 1095 2175 quae
1106 2106 1188 2157 inebria·

240 2184 336 2222 verunt
344 2174 427 2230 illum.
437 2175 687 2223 etcubueruntcum
695 2175 757 2232 illo;
770 2176 840 2224 unde
849 2177 905 2224 nati
913 2187 977 2225 sunt
986 2175 1066 2224 Moab
1072 2185 1096 2226 et
1102 2175 1187 2224 Ammon

240 2240 337 2301 (Gener.
350 2240 403 2288 xix.
417 2241 522 2300 30-33):

110 2385 169 2447 per
192 2364 276 2426 haec
300 2372 593 2445 repraesentatum
617 2371 652 2425 et
676 2361 902 2443 significatum
926 2371 979 2426 est
1007 2363 1107 2426 simile
1124 2356 1187 2442 quod

110 2480 169 2543 per
182 2458 343 2521 Moabum
360 2468 394 2520 et
413 2456 620 2519 Ammonem
637 2457 669 2519 in
688 2457 813 2530 Verbo,
832 2477 891 2538 per
908 2455 1113 2520 “Moabum”
1125 2453 1188 2517 enim

110 2551 318 2635 significatur
332 2550 538 2613 adulteratio
555 2551 634 2614 boni
651 2550 826 2625 ecclesiae,
841 2561 875 2614 et
893 2571 953 2633 per
966 2558 986 2583 ⁴⁸
998 2543 1188 2614 Ammonem

109 2644 302 2708 falsificatio
316 2644 385 2705 veri
398 2642 566 2705 ecclesiae
579 2659 886 2717 (videaturn.2468.8315)
900 2665 907 2719 ;
931 2664 991 2725 per
1005 2634 1188 2705 “adulteria''

109 2720 199 2800 enim
217 2747 251 2799 et
272 2757 330 2818 per
349 2736 605 2797 “scortationes
614 2735 629 2758 ”
648 2734 881 2815 significantur
900 2737 932 2796 in
949 2756 1071 2817 genere
1088 2731 1208 2805 adulte·¹

111 2830 261 2892 rationes
278 2828 357 2889 boni
376 2837 411 2890 et
435 2825 690 2889 falsificationes
708 2828 779 2888 veri
801 2822 1186 2906 (videatursupra.n.141.161);

112 2932 145 2984 et
171 2941 229 3002 per
253 2922 344 2983 varia
368 2939 493 3000 genera
519 2919 761 2980 adulteriorum
789 2929 824 2980 et
855 2921 1096 2982 scortationum
1116 2914 1186 2997 (quae

110 3025 330 3078 recensentur
354 3013 457 3075 Levt't.
483 3014 574 3075 xviii.
599 3011 710 3094 6-30)‚
731 3011 966 3094 significantur
988 3015 1076 3085 varia
1096 3025 1186 3093 genera

110 3109 397 3172 adulterationum
415 3119 449 3170 et
467 3105 737 3169 falsificationum
754 3107 831 3169 boni
852 3118 887 3169 et
904 3109 975 3170 veri
990 3129 997 3183 ;
1021 3117 1055 3170 et
1073 3105 1136 3168 inde
1149 3108 1184 3163 cst

110 3206 200 3287 quod
226 3203 358 3266 Lothus
382 3213 462 3265 tunc
483 3202 614 3265 dicatur
637 3213 866 3265 commoratus
890 3203 923 3264 in
947 3202 1117 3284 spelunca:
1138 3191 1184 3258 tale

110 3301 213 3361 etiam
238 3297 418 3360 nefandum
443 3316 501 3377 per
522 3295 747 3378 “speluncam
770 3296 919 3359 montis”
938 3297 983 3359 ibi
1006 3293 1183 3378 significatur.

111 3394 149 3457 In
169 3392 271 3455 Libro
286 3391 445 3465 Judicum
464 3390 587 3453 dicitur

166 3527 245 3590 Quod
263 3525 308 3573 filii
323 3525 430 3574 israelis
442 3525 554 3572 iecerint
572 3523 671 3572 malum
691 3524 718 3571 in
731 3524 815 3572 oculis
826 3523 956 3588 Jehovae‚
971 3535 997 3574 et
1012 3525 1080 3588 quod
1093 3509 1183 3585 ideodttl

241 3592 295 3639 sint
313 3591 340 3638 in
360 3605 467 3638 manum
483 3589 617 3646 Midianis‚
632 3600 659 3637 et
676 3589 746 3651 quod
766 3598 874 3651 propter
888 3589 1035 3639 Midianem
1048 3588 1139 3638 iecerint
1150 3578 1182 3629 uh

240 3657 381 3718 speluncas
394 3657 419 3703 in
434 3656 569 3702 montibus
582 3664 609 3702 et
620 3663 697 3702 antra
709 3664 736 3702 et
748 3655 916 3703 munitiones
929 3657 975 3714 (vi.
990 3656 1061 3716 1‚2):

110 3805 168 3867 per
189 3783 373 3855 “malum‘'
393 3783 482 3864 quod
506 3781 562 3845 filii
587 3781 720 3844 Israelis
743 3781 905 3856 fecerunt,
925 3783 1117 3864 intelligitur
1133 3788 1183 3873 pel·

110 3881 219 3942 versio
239 3880 370 3941 boniet
392 3879 470 3949 veri,
492 3887 528 3939 ut
548 3887 706 3938 constare
726 3887 841 3958 potest
865 3898 909 3938 ex
929 3865 1181 3959 sequentibusibr

109 3982 144 4033 et
161 3991 296 4051 quoquc
312 3990 356 4031 ex
373 3968 624 4049 significatione
639 3974 657 4000 ‘⁴
670 3967 853 4029 Midianis''
870 3985 1101 4042 (hamtunam),
1112 3971 1183 4046 prop·

110 4075 161 4126 ter
180 4082 279 4145 quem
300 4062 449 4123 lecerunt
470 4062 532 4123 sibi
557 4059 736 4141 speluncas
760 4061 792 4121 in
810 4062 983 4123 montibus
1002 4072 1037 4124 et
1060 4061 1184 4147 animi

110 4157 201 4219 malo
225 4158 313 4218 enim
338 4156 427 4237 quod
456 4176 514 4236 per
539 4154 776 4217 “Midianem’'
799 4153 1018 4235 significatur,
1043 4161 1126 4219 erant
1148 4137 1185 4204 fill

110 4249 245 4314 Israelis
255 4251 411 4331 occupati
424 4272 431 4327 ;
452 4270 530 4311 nam
543 4255 709 4330 “propter
723 4248 906 4311 Midianem
915 4248 929 4272 ”
941 4249 1104 4330 significat
1113 4251 1183 4327 pror

109 4358 161 4408 ter
174 4345 254 4408 illud
268 4344 402 4406 malum.
441 4343 602 4406 Similiter
614 4362 689 4404 cum
705 4341 760 4403 filii
772 4341 906 4406 Israelis
918 4343 1075 4425 fugerunt
1085 4340 1186 4424 propicr

109 4438 337 4502 Philisthaeos
359 4438 388 4519 (ι
413 4437 503 4500 Sam.
523 4439 590 4498 xiii.
607 4436 654 4519 6).
