2684 4988
130 506 209 571 1162
435 518 684 570 Arociuvesrs
707 518 933 569 exemeris.

125 707 249 770 panem
272 688 400 762 tuum,”
418 693 497 750 nam
521 708 580 770 per
600 692 775 751 “messem
785 687 801 712 ”
818 687 1057 769 significantur
1082 708 1161 752 vera
1180 707 1230 770 per

125 804 211 865 quae
225 783 363 856 bonurn,
377 804 437 865 per
452 789 604 865 “panem
613 783 629 807 ”
641 783 766 844 bonum
783 782 871 856 inde,
885 792 922 846 et
935 803 997 864 per
1011 781 1226 847 “comedere''

124 897 324 957 consumere
343 887 379 941 et
398 878 584 959 deprivare.
629 875 733 958 Apud
753 874 969 951 Ezechielem,

172 1012 187 1034 ‘⁴
195 1009 651 1124 l⁰”1tliltlldlr?‘⁰¹¹‘¹l¹tl³
663 1017 690 1058 ‘²
703 1008 901 1124 ff‘ssollffi‘
911 1009 1070 1124 W
1081 1009 1210 1136 illini?

252 1113 374 1203 quorum'
385 1154 439 1188 non
459 1089 591 1189 audendis
608 1089 819 1198 nfflnodne
839 1139 862 1188 si
881 1139 915 1188 ad
935 1140 986 1188 hos
1003 1089 1129 1188 miiidem
1144 1149 1170 1197 te,
1182 1139 1206 1188 illi

252 1204 383 1255 obedituri
394 1215 484 1254 essem
495 1202 573 1256 tibii’
584 1203 631 1267 (iii.
643 1216 666 1265 5,
677 1203 719 1267 δε)

125 1338 184 1400 ρετ
204 1317 377 1399 “populos
397 1317 550 1401 profundi
571 1315 649 1380 labii
669 1326 705 1380 et
724 1337 844 1399 graves
864 1317 993 1399 lingua,
1011 1337 1141 1399 quorum
1156 1335 1201 1377 non

123 1412 306 1474 audiuntur
319 1412 451 1484 verba,”
464 1411 697 1497 significantur
708 1411 756 1473 illi
769 1413 823 1492 qui
841 1413 874 1473 in
887 1409 1043 1475 dodirina
1056 1433 1119 1474 uon
1129 1409 1200 1474 intel·

124 1505 252 1588 liglbili,
273 1517 308 1570 et
332 1508 410 1570 inde
433 1509 466 1569 in
489 1506 653 1587 religione
676 1506 842 1578 abstrusa,
862 1507 955 1587 cujus
979 1508 1136 1589 dogmata
1153 1523 1200 1567 non

123 1600 355 1682 perceptibilia
368 1610 461 1676 sunt;
481 1607 500 1632 ¹¹
511 1601 636 1663 labium
645 1600 660 1624 ”
673 1599 840 1682 significat
854 1598 1055 1674 doetrinam,
1070 1594 1201 1682 “lingua''

122 1694 332 1774 religionem,
347 1704 382 1757 et
395 1701 415 1726 ¹‘
424 1695 528 1758 verba
536 1695 552 1719 ”
564 1695 730 1775 dogmata
741 1693 811 1774 ejus
824 1716 832 1770 ;
852 1715 955 1776 quare
968 1715 1029 1776 per
1041 1695 1114 1758 illos
1124 1711 1201 1776 popu·

123 1787 174 1849 los
196 1789 435 1869 intelliguntur
458 1800 593 1870 gentes,
618 1790 738 1871 quibus
761 1808 829 1850 non
853 1788 1019 1863 Verbum,
1044 1799 1078 1853 et
1103 1785 1201 1853 exilio

120 1881 287 1962 Jehovah,
308 1884 372 1946 hoc
393 1894 457 1957 est,
480 1884 646 1946 Dominus
665 1893 768 1945 notus
787 1892 860 1959 est,
889 1884 979 1965 quod
1004 1883 1051 1946 illi
1070 1878 1201 1964 receptui

121 1997 202 2040 vera
226 1977 360 2050 Divina,
385 1979 412 2040 si
436 1979 695 2050 instruerentur,
720 1975 931 2058 significatur
957 1998 1018 2059 per
1045 1977 1129 2060 quod
1148 1971 1202 2036 “illi

121 2072 289 2135 obedituri
309 2081 435 2145 essent,
453 2074 481 2134 si
500 2073 542 2134 ad
562 2072 639 2135 illos
658 2073 780 2134 missus
798 2072 919 2135 esset.”
964 2071 1068 2154 Apud
1082 2069 1202 2139 Esuba,

170 2209 185 2231 ¹⁸
192 2205 323 2271 Populum
336 2208 505 2258 obfirmatum
518 2222 572 2257 non
583 2207 693 2267 videbis,
706 2208 833 2270 populum
846 2208 1054 2271 profunditatum
1066 2209 1123 2258 labii
1134 2215 1158 2258 ut
1168 2215 1205 2256 non

251 2273 353 2332 audias,
365 2274 504 2322 barbarum
517 2271 616 2335 lingua,
628 2286 683 2322 non
695 2271 869 2335 intelligentia
874 2272 889 2292 ”
900 2270 1000 2336 (miii.
1014 2273 1067 2338 19):

122 2426 181 2486 per
195 2405 385 2488 “populum
399 2405 667 2487 profunditatum
685 2404 787 2468 labii’'
800 2414 835 2469 et
851 2426 911 2487 per
926 2406 1128 2469 “barbarum
1139 2400 1208 2466 [llin-

122 2499 218 2579 gua,''
241 2499 362 2562 similia
386 2498 620 2580 significantur
643 2520 728 2581 quae
752 2518 834 2561 mox
857 2520 959 2581 supra
983 2521 1042 2582 per
1066 2498 1216 2582 “populos

81 2649 84 2658 .
122 2595 278 2675 prosundi
307 2595 385 2656 labii
413 2605 448 2658 et
476 2615 598 2674 graves
626 2594 741 2674 lingua
754 2594 780 2670 ;‘’
810 2595 899 2675 quod
928 2615 997 2657 non
1025 2597 1221 2676 intelligatur

121 2688 265 2769 populus
285 2692 337 2750 cui
361 2689 440 2751 talis
461 2688 596 2771 loquela
615 2698 652 2751 ut
677 2708 744 2757 non
765 2686 989 2768 intelligatur,
1010 2700 1126 2771 patet,
1150 2693 1231 2749 natsl

120 2784 224 2844 etiam
249 2783 382 2856 dicitur,
405 2780 639 2845 “1²¹barbarum
664 2783 788 2863 lingua,
816 2802 883 2844 non
907 2782 1167 2864 intelligentia;'’
1189 2779 1234 2840 ir

121 2877 235 2957 lingua
258 2879 347 2939 enirn
372 2897 430 2939 seu
455 2877 591 2958 loquela
614 2896 729 2939 eorum
755 2887 870 2958 potest
894 2897 970 2940 esse
995 2876 1234 2959 intelligentia

119 2990 187 3032 non
207 2981 322 3033 autem
342 2972 375 3032 in
395 2971 559 3051 religione
579 2990 704 3032 eorum.
751 2970 853 3052 Apud
873 2971 1032 3045 eundem,

166 3103 290 3167 “Juravi.
300 3141 306 3152 .
317 3141 322 3151 .
333 3104 415 3166 ‚quod
434 3102 501 3151 Mihi
519 3118 548 3152 se
565 3103 763 3152 incurvaturum
780 3117 860 3152 omne
877 3118 956 3166 genu,
971 3113 998 3153 et
1013 3103 1131 3167 jureum
1144 3084 1234 3152 ouut3

247 3168 359 3231 lingua''
370 3167 432 3229 (xlv.
446 3172 502 3229 23):

117 3284 200 3346 haec
220 3284 263 3346 de
283 3284 433 3346 adventu
455 3283 612 3359 Domini;
640 3291 675 3345 et
701 3303 760 3364 per
785 3283 874 3365 quod
897 3284 1173 3348 “incurvaturum
1188 3298 1234 3344 9

116 3379 160 3439 sit
184 3397 285 3440 omne
305 3377 419 3457 genu’'
439 3375 649 3456 significatur
668 3377 758 3458 quod
778 3376 951 3439 adoraturi
977 3376 1093 3458 Ipsum
1115 3387 1234 3441 omn&

115 3473 170 3553 qui
190 3473 222 3533 in
243 3471 334 3533 bono
353 3470 499 3534 naturali
520 3491 564 3533 ex
584 3472 749 3552 spirituali
771 3481 869 3547 sunt,
887 3472 1047 3552 ·“genu''
1066 3471 1234 3554 significa

115 3564 387 3647 coujund'tionem
416 3566 495 3628 boni
522 3566 686 3628 naturalis
710 3585 786 3628 cum
810 3567 999 3647 spirituali;
1030 3569 1110 3632 inde
1136 3577 1234 3649 pate

114 3659 204 3740 quod
215 3659 472 3740 genuflexiones
483 3658 674 3740 significent
689 3661 913 3740 agnitionem,
926 3662 1113 3740 gratiarum
1125 3659 1234 3724 attia

114 3772 192 3815 nem
208 3764 244 3816 et
260 3754 496 3816 adorationem
513 3775 558 3816 ex
575 3755 666 3816 bono
682 3764 717 3816 et
730 3753 880 3834 jucundo
896 3755 1066 3836 spirituali
1083 3758 1116 3819 in
1132 3764 1234 3819 nati!

112 3846 195 3909 rali:
230 3848 321 3929 quod
351 3847 525 3928 “juratura
556 3850 600 3911 sit
632 3850 742 3911 omnis
773 3848 912 3929 lingua”
940 3848 1112 3931 significat
1141 3868 1200 3932 quo

112 3941 296 4003 confessuri
320 3941 434 4023 Ipsum
462 3961 581 4004 omnes
609 3943 663 4025 qui
691 3944 724 4004 in
752 3943 842 4004 bono
870 3963 915 4005 ex
943 3936 1109 4025 religione
1131 3950 1226 4005 sunt:

114 4034 249 4116 “jurare
258 4035 273 4058 ”
289 4033 458 4116 significat
475 4035 640 4112 confiteri,
658 4046 694 4100 et
710 4035 853 4118 “lingua
862 4036 877 4060 ”
893 4035 1097 4119 religionem
1112 4045 1234 4101 securi

111 4129 191 4191 dum
210 4150 311 4211 quam
330 4130 462 4192 vivitur.
507 4130 611 4213 Apud
631 4130 810 4204 Davidem,

159 4262 284 4326 “Lingua
300 4264 519 4392 mez)meditatur
534 4264 665 4328 justitiam
681 4274 764 4324 tuam,
781 4265 857 4316 omni
873 4264 918 4316 die
937 4265 1047 4317 laudem
1066 4264 1158 4319 tuam”
1171 4261 1234 4327 (Γ

239 4343 345 4378 mua
380 4345 386 4379 :

109 4462 168 4523 per
180 4448 200 4476 ‘⁴
210 4442 360 4525 linguam
369 4445 384 4468 ”
395 4444 448 4508 hic
462 4467 597 4529 quoque
610 4446 821 4529 significatur
832 4447 1004 4512 confessio
1016 4469 1062 4512 ex
1075 4444 1234 4513 doetriw
