2684 4988
348 494 429 545 can.
446 494 637 556 v11.,vans.
659 494 765 543 1.-u.
780 470 907 563 419sb].
1104 492 1184 562 1017

104 660 273 746 tedejiciunt
286 665 321 727 in
332 663 471 739 inferna,
482 663 997 727 ubisimiliamalaetfalsasunt.
1039 660 1185 742 Quando
1259 711 1260 719 ,

104 752 215 819 lrduxus
227 758 341 822 Divini
357 758 551 832 intenditur,
565 759 654 840 quod
670 757 708 820 fit
725 778 800 822 curn
813 757 981 837 rejiciendi
997 769 1076 819 sunt
1093 756 1183 829 mali,

104 868 158 914 unc
183 852 314 915 inlerius
344 854 377 915 in
411 854 535 916 mundo
564 852 726 935 spirituali
756 854 874 915 existit
904 864 1025 915 ventus
1054 852 1185 914 sortiter

104 940 169 1019 lans,
190 946 273 1008 sicut
301 957 489 1028 tempestas
515 956 550 1010 et
576 946 744 1029 procella3
773 947 826 1009 hic
850 957 971 1009 ventus
995 955 1048 1009 est
1075 945 1185 1027 quiin

104 1036 189 1101 lerbo
200 1051 341 1102 vocatur
357 1047 504 1104 “ventus
520 1040 720 1115 orientalis,”
732 1040 775 1104 de
791 1061 858 1122 quo
874 1041 976 1102 etiam
993 1042 1025 1101 in
1042 1058 1185 1120 sequen·

104 1131 181 1195 ibus:
207 1134 284 1196 inde
303 1155 436 1217 quoque
455 1132 597 1215 dejedtio
615 1135 778 1197 malorum
802 1137 834 1197 in
854 1133 969 1196 Verbo
989 1133 1187 1196 describitur

104 1245 139 1288 ter
153 1238 270 1290 ventos
289 1229 508 1291 vehementes
531 1239 565 1290 et
589 1230 807 1309 impetuosos,
827 1248 886 1309 per
909 1237 1133 1309 tempestates
1152 1238 1186 1290 et

104 1321 245 1384 rotellas.
294 1323 355 1385 Per
371 1329 536 1386 “ventum
554 1323 727 1405 Jehovae”
744 1323 951 1404 significatur
970 1322 1077 1384 simile
1096 1323 1186 1404 quod

104 1432 140 1477 ter
162 1418 340 1497 “spiritum
362 1417 540 1498 Jehovae,”
562 1437 640 1481 nam
668 1416 869 1498 intelligitur
895 1428 1017 1480 ventus
1044 1417 1186 1498 respira·

104 1508 186 1583 ionis,
208 1513 263 1592 qui
286 1513 390 1574 etiam
412 1522 552 1575 vocatur
574 1513 719 1593 spiritus
765 1512 848 1574 Inde
872 1523 923 1574 est
946 1512 1037 1593 quod
1067 1512 1100 1574 in
1124 1510 1186 1574 lin·

104 1620 146 1683 gua
155 1603 308 1667 Hebraea
320 1615 354 1668 et
367 1607 399 1667 in
411 1605 524 1668 multis
534 1606 606 1669 aliis
620 1605 741 1687 linguis
753 1611 771 1638 ‘¹
782 1607 916 1687 spiritus
925 1606 939 1629 ”
950 1606 1188 1668 denominatur

104 1698 256 1760 arcadem
276 1720 359 1762 voce
382 1721 426 1762 ex
446 1721 510 1782 qua
529 1707 677 1763 “ventus
690 1698 715 1761 :”
744 1721 788 1762 ex
813 1701 875 1763 hac
896 1721 995 1762 causa
1014 1710 1077 1773 est,
1097 1700 1187 1781 quod

104 1792 223 1854 naxima
238 1813 315 1874 pars
331 1794 501 1857 hominum
518 1795 559 1857 de
575 1795 690 1876 spiritu
707 1804 741 1857 et
758 1794 800 1856 de
817 1795 985 1876 spiritibus
1003 1814 1070 1856 non
1087 1794 1187 1857 aliam

104 1883 187 1948 {deam
214 1888 365 1968 ceperint
392 1908 490 1969 quam
521 1889 605 1951 sicut
635 1887 677 1951 de
707 1898 822 1962 vente,
850 1888 957 1970 qualis
987 1899 1038 1950 est
1067 1898 1188 1949 ventus

104 1980 321 2059 respimtiortis;
348 1983 425 2044 inde
448 1983 621 2063 opiniones
644 1983 677 2044 in
700 1982 780 2044 orbe
804 1984 907 2044 etiam
931 1983 1074 2051 erudito,
1098 1982 1187 2063 quod

104 2072 208 2151 pintus
223 2085 258 2137 et
275 2076 386 2156 angeli
403 2076 469 2138 sint
486 2076 571 2139 sicut
587 2077 690 2149 venti,
708 2077 740 2138 in
757 2076 875 2157 quibus
891 2075 999 2138 solum
1017 2087 1068 2137 est
1085 2074 1188 2137 vitale

104 2167 310 2248 :agitationi33
341 2170 424 2232 haec
448 2171 549 2232 etiam
569 2190 670 2232 causa
692 2180 745 2232 est
768 2170 858 2251 quod
881 2170 977 2252 pauci
1001 2191 1044 2231 ex
1069 2168 1134 2230 illis
1153 2190 1188 2231 se

104 2262 264 2340 persuaderi
283 2265 455 2344 patiantur
472 2265 560 2346 quod
584 2265 718 2346 spiritus
741 2274 775 2327 et
799 2264 910 2345 angeli
934 2265 1000 2327 sint
1024 2264 1188 2335 homines

104 2368 224 2436 torpore,
241 2357 387 2419 faciebus
406 2368 441 2420 et
460 2359 615 2420 sensoriis
631 2358 773 2439 praediti
793 2360 878 2421 sicut
898 2359 1052 2423 homines
1071 2362 1103 2421 in
1124 2359 1188 2421 tel·

104 2442 162 2510 lure.
203 2448 302 2530 Quod
323 2472 381 2532 per
405 2452 594 2514 “ventum''
617 2461 652 2515 et
677 2453 890 2534 “spiritum”
910 2454 963 2515 ubi
987 2455 1029 2515 de
1053 2453 1188 2516 homine

104 2538 241 2618 dicuntur,
259 2544 466 2626 significetur
483 2548 553 2609 vita
571 2548 651 2620 veri,
668 2568 727 2609 seu
745 2549 815 2610 vita
834 2548 1016 2610 secun‘dum
1034 2569 1113 2609 vera
1131 2558 1189 2611 aut

104 2648 258 2719 praecepta
275 2640 421 2714 Domini,
439 2650 490 2704 est
506 2642 583 2724 quia
601 2642 786 2722 respiratio,
805 2663 889 2724 quae
908 2654 961 2704 est
981 2642 1188 2722 pulmonum,

104 2735 319 2813 correspondet
342 2734 389 2797 illi
407 2736 507 2810 vitae,
527 2755 565 2798 ac
585 2756 643 2798 cor
665 2746 700 2799 et
718 2735 788 2816 ejus
812 2747 924 2798 motus
947 2737 1191 2818 correspondet

104 2823 169 2887 ritae
193 2828 280 2890 boni.
334 2827 419 2892 Sunt
449 2830 536 2892 enim
567 2831 664 2892 binae
692 2831 792 2904 vitae,
818 2851 903 2911 quae
934 2850 1034 2891 unum
1064 2830 1190 2895 facient

104 2919 168 2996 1de
188 2922 369 2996 hominem,
393 2924 462 2985 vita
484 2925 553 2987 veri
575 2933 610 2987 et
633 2925 703 2987 vita
726 2924 824 3001 boni;
859 2925 927 2987 vita
951 2925 1020 2985 veri
1046 2934 1099 2987 est
1122 2926 1191 2987 vita

104 3007 267 3078 intellectus
294 3017 457 3094 hominis;
487 3019 557 3080 vita
582 3028 696 3080 autem
724 3019 803 3080 boni
829 3028 881 3080 est
909 3020 979 3081 vita
1005 3018 1206 3081 voluntatis.

104 3101 168 3182 eius:
195 3111 228 3172 in
255 3109 431 3173 intelledtu
457 3113 546 3174 enim
569 3113 717 3174 resident
740 3133 829 3187 vera,
853 3113 929 3193 quia
956 3112 1039 3174 haec
1067 3112 1191 3175 faciunt

104 3195 306 3282 lutelledtum3
336 3207 369 3266 in
393 3205 568 3268 voluntate
587 3217 700 3268 autern
718 3208 866 3269 resident
891 3208 989 3280 bona,
1009 3207 1086 3286 quia
1108 3205 1191 3268 haec

104 3287 201 3361 inunt
216 3299 440 3361 voluntatem.
484 3299 597 3363 Simile
614 3299 822 3381 significatur
837 3302 870 3362 in
885 3300 1000 3363 Verbo
1017 3320 1075 3381 per
1093 3301 1192 3362 “ani-

106 3404 172 3454 mam
187 3403 221 3457 et
241 3394 328 3467 cor,”
347 3395 481 3476 quando
500 3407 676 3477 utrumque
696 3398 898 3458 nominatur.

146 3481 201 3566 [h]
232 3485 289 3547 Ex
306 3486 358 3547 his
374 3497 534 3548 constare
550 3497 667 3569 potest
682 3488 762 3569 quid
779 3486 985 3567 intelligitur
1002 3507 1061 3568 per
1080 3492 1192 3548 “ven-

106 3576 176 3638 lurn”
191 3589 225 3641 et
245 3599 304 3658 per
324 3581 504 3658 “spiritum
522 3579 700 3659 Jehovae,’'
720 3600 842 3660 nempe
867 3580 1024 3641 Divinum
1045 3579 1192 3655 Verum;

108 3681 132 3729 rt
149 3690 198 3751 per
221 3680 393 3755 “quatuor
415 3675 558 3736 ventos”
582 3674 740 3736 Divinum
765 3674 891 3736 Verum
917 3676 1046 3736 unitum
1070 3674 1194 3738 Divino

109 3755 186 3828 Bono.
240 3767 409 3849 Quoniam
442 3788 501 3847 per
531 3774 697 3831 “ventum
710 3768 724 3793 ”
755 3769 954 3849 intelligitur
984 3779 1106 3831 ventus
1136 3790 1194 3831 seu

110 3856 212 3932 Spiritus
241 3863 481 3942 respirationis
511 3875 546 3926 et
580 3857 639 3945 per
671 3863 765 3925 illum
796 3863 1003 3944 significatur
1034 3864 1192 3926 Divinum

111 3940 217 4029 lerum,
240 3976 279 4018 ac
307 3957 378 4019 vita
401 3958 580 4037 spiritualis
605 3958 669 4020 illis
694 3959 747 4040 qui
766 3960 939 4038 recipiunt
968 3958 1011 4029 id,
1038 3958 1113 4019 ideo
1138 3956 1193 4020 ille

112 4055 201 4111 ventus
218 4053 320 4113 etiam
338 4064 477 4114 vocatur
497 4053 649 4115 “halitus
668 4055 795 4115 narium
813 4052 991 4133 Jehovae,''
1008 4063 1042 4114 et
1062 4072 1194 4133 quoque

114 4137 233 4208 “halitus
245 4146 341 4218 oris,”
353 4167 391 4209 ac
407 4149 611 4228 “respiratio
624 4148 649 4221 ;”
668 4160 704 4211 ut
720 4160 877 4210 constare
890 4157 1005 4229 potest
1018 4168 1038 4209 a
1050 4167 1194 4228 sequen·

114 4226 174 4296 illus
189 4238 236 4302 his
255 4241 338 4303 locis
351 4240 507 4322 :—Apud
526 4241 738 4315 Ezechielem,

148 4368 215 4422 “Vidi
226 4385 252 4423 et
266 4390 347 4436 super
356 4374 370 4393 ’'
383 4377 490 4424 ossibus
504 4377 584 4425 aridis
599 4380 616 4398 ⁴¹
625 4377 708 4433 nervi,
723 4386 749 4424 et
763 4391 825 4425 caro
837 4376 966 4432 ascendit,
981 4385 1008 4423 et
1026 4371 1143 4422 obdudta
1155 4383 1195 4421 est

209 4454 288 4504 super
299 4440 345 4489 illa
357 4442 423 4490 cutis
436 4443 558 4504 superius
569 4456 574 4499 ;
593 4441 701 4503 spiritus
714 4451 803 4490 tamen
817 4455 872 4489 non
885 4443 912 4489 in
926 4440 993 4489 illis:
1013 4450 1075 4488 tunc
1085 4439 1151 4487 dixit
1162 4436 1195 4484 ad
