2684 4988
111 468 175 551 956
423 482 672 533 nuocnuursrs
695 481 919 533 axrurcrurru.

110 653 193 716 baec
214 651 304 716 dieta
323 665 400 717 sunt
417 655 459 716 de
480 654 593 716 Esavo
611 662 646 716 et
666 653 811 727 Edomo,
827 662 864 716 et
882 672 940 733 per
959 651 1150 715 “Esavum”
1162 653 1218 719 hic

110 745 317 828 significatur
335 768 429 811 arnor
447 750 497 811 sui
517 760 552 811 et
576 749 653 811 inde
673 748 798 811 maium
822 748 967 828 perdens
985 745 1161 818 ecclesiam,
1181 761 1211 812 et

111 861 170 922 per
184 852 203 872 ‘¹
214 841 382 904 Edomum
393 843 408 865 ”
420 842 524 905 fastus
538 843 689 923 propriae
702 840 949 922 intelligentiae
965 849 1000 903 et
1017 841 1093 902 inde
1106 839 1201 904 salsum

110 936 256 1016 perdens
269 937 466 999 ecclesiam:
490 937 579 1019 quod
596 956 691 998 amor
702 937 752 998 sui
767 946 803 998 et
818 935 924 998 fastus
939 933 997 997 ille
1010 935 1196 1016 intelligatur,

110 1039 206 1110 patet
225 1051 270 1092 ex
287 1051 339 1102 eo,
356 1030 445 1112 quod
463 1031 603 1104 dicatur,
622 1029 813 1111 “Superbia
828 1029 938 1093 cordis
955 1030 1003 1092 tui
1019 1029 1142 1110 decepit
1158 1040 1193 1103 te;

111 1126 202 1186 ...si
228 1124 401 1187 exaltares
427 1127 513 1189 sicut
540 1124 651 1206 aquila
678 1125 791 1187 nidum
819 1134 925 1199 tuum,
949 1124 1028 1186 inde
1052 1123 1193 1204 dejicerem

110 1218 173 1280 te.''
218 1218 270 1281 llli
290 1220 345 1300 qui
367 1220 399 1281 in
418 1219 509 1282 salsis
528 1240 572 1281 ex
597 1219 729 1300 propria
747 1217 976 1299 intelligentia
993 1228 1071 1281 sunt
1089 1217 1193 1280 iniraiu

111 1313 215 1392 petris
238 1313 404 1386 habitant,
424 1323 458 1376 et
477 1313 590 1376 aditus
612 1313 655 1375 ad
678 1311 755 1374 illos
773 1322 938 1393 apparent
958 1313 1044 1375 sicut
1067 1311 1194 1374 foramina

110 1407 165 1476 ibi,
185 1426 270 1488 quae
293 1408 396 1470 etiam
420 1407 499 1469 mihi
521 1427 655 1488 quoque
678 1406 749 1468 visa
771 1416 872 1483 sunt;
899 1407 990 1468 intus
1013 1416 1120 1470 tamen
1139 1415 1193 1466 suut

110 1500 216 1563 cellae
236 1500 413 1564 lacunatae
432 1512 467 1563 et
487 1520 652 1574 camerae,
672 1501 727 1564 ubi
745 1501 866 1563 sedent
888 1500 921 1561 in
941 1500 1119 1579 phantasiis
1131 1499 1194 1573 suin

110 1596 170 1658 sed
193 1606 376 1677 antequam
397 1595 474 1658 ill'uc
498 1595 698 1675 injiciuntur,
717 1603 883 1675 apparent
905 1593 954 1655 illi
976 1613 1074 1675 supra
1091 1602 1194 1656 montes

110 1701 145 1752 et
162 1689 277 1764 colles,
295 1690 443 1752 evehunt
459 1690 548 1752 enim
564 1709 600 1751 se
616 1689 650 1752 in
665 1688 864 1751 altitudines
880 1706 939 1768 per
954 1687 1154 1769 phantasias;
1169 1693 1195 1747 et

110 1785 187 1865 quia
210 1804 278 1846 non
301 1785 334 1845 in
353 1785 440 1846 veris
461 1794 550 1858 sunt,
570 1793 692 1864 putant
711 1783 801 1866 quod
824 1801 965 1863 corpore
989 1781 1033 1844 ibi
1054 1782 1124 1853 sint,
1140 1795 1195 1842 cun

110 1888 225 1940 tamen
249 1898 389 1959 corpore
412 1889 491 1941 sunt
514 1879 547 1940 in
570 1878 722 1941 cavernis
745 1887 936 1958 petrarum:
960 1876 1024 1938 hoc
1045 1876 1196 1956 itaqueest

110 1972 200 2054 quod
227 1972 428 2054 intelligitur
450 1992 509 2053 per
532 1972 718 2035 “babitans
744 1973 778 2034 in
804 1971 1021 2052 {oraminibus
1047 1980 1195 2050 petrarum,

110 2077 233 2130 tenens
248 2068 461 2131 altitudinem
475 2066 598 2130 collis.”
642 2065 727 2129 Inde
739 2075 875 2129 constat
888 2066 986 2148 quale
999 2076 1052 2128 est
1065 2063 1196 2133 Verbum,

110 2163 200 2244 quod
216 2182 338 2243 nempe
355 2162 469 2226 multis
488 2163 521 2226 in
541 2160 625 2225 locis
640 2161 823 2223 secundum
840 2160 942 2224 iacies
960 2171 995 2224 et
1014 2155 1195 2242 apparentia

110 2257 142 2318 in
163 2257 289 2318 mundo
307 2256 468 2337 spirituali
492 2258 628 2336 ignotas
646 2256 783 2329 homini,
803 2255 863 2317 sed
883 2265 984 2317 notas
1002 2253 1155 2336 spiritibus
1170 2256 1195 2310 et

110 2349 259 2430 angelis;
291 2370 336 2412 ex
363 2370 429 2432 quo
459 2359 555 2431 patet
582 2348 672 2430 quod
697 2348 848 2412 Verbum
875 2349 979 2412 etiarn
1006 2349 1050 2411 sit
1076 2366 1130 2428 pro
1149 2341 1196 2406 illis

110 2443 282 2523 scripturn.
327 2442 431 2525 Apud
453 2442 627 2517 Obadiam,

161 2588 316 2651 “Superbia
324 2589 411 2638 cordis
421 2589 459 2638 tui
468 2589 573 2650 decepit
585 2597 620 2644 te,
633 2589 677 2651 qui
689 2589 814 2637 babitans
827 2589 854 2636 in
865 2587 968 2637 fissuris
978 2597 1077 2651 petrae,
1087 2581 1196 2636 altitudine

239 2654 313 2703 sedis
330 2665 399 2710 tuae,
414 2654 458 2716 qui
475 2654 539 2703 dicit
556 2653 636 2702 corde
653 2669 712 2710 suo,
726 2653 793 2730 Quis
805 2654 927 2702 detrahet
945 2669 998 2732 me·
1008 2654 1035 2702 in
1053 2651 1153 2730 terram?
1175 2643 1195 2695 Sl

239 2719 410 2833 mittite&
411 2729 456 2833 :pn
462 2719 540 2845 stifft(
541 2720 650 2847 53:113
653 2720 725 2846 'ephsi
743 2729 812 2768 inter
824 2719 917 2768 stelias
934 2734 1014 2782 ponis
1032 2719 1118 2768 nudum
1133 2724 1193 2767 tuum

109 2930 192 2993 haec
216 2951 349 3014 quoque
372 2931 414 2994 de
439 2931 584 3004 Edomo,
609 2949 790 3012 perquem
819 2931 871 2993 hic
894 2929 1100 3011 significatur
1117 2928 1195 2991 iastut

109 3025 304 3087 eruditionis
320 3045 406 3108 quae
422 3034 475 3088 est
491 3047 536 3087 ex
556 3026 688 3106 propria
707 3024 945 3105 intelligentia,
962 3035 997 3088 et
1017 3025 1092 3087 inde
1106 3020 1193 3085 salsum

109 3120 253 3199 perdens
265 3119 453 3183 eeclesiam.
498 3117 586 3200 Quia
603 3139 709 3200 paene
725 3118 843 3181 similia
859 3119 911 3181 hic
925 3120 1124 3182 dicunturut
1136 3128 1194 3178 mox

109 3234 218 3295 supra,
243 3215 345 3277 etiam
369 3213 489 3276 similia
512 3213 763 3295 significantur:
792 3234 851 3295 per
875 3215 1066 3277 “scissuras
1087 3202 1194 3294 petrae''

108 3307 339 3390 significantur
362 3308 445 3371 falsa
467 3306 544 3371 fidei
567 3317 601 3371 et
621 3306 804 3382 doctrinae,
825 3310 983 3391 quoniam
1005 3310 1050 3371 ibi
1072 3305 1193 3371 habitant

109 3405 163 3484 qui
187 3406 219 3465 in
244 3402 326 3481 illis;
355 3414 594 3485 comparantur
617 3403 757 3486 aquilae,
780 3406 856 3486 quia
879 3424 938 3485 per
963 3397 1193 3488 “aquilam’'ex

110 3497 225 3560 volatu
253 3498 284 3559 in
312 3498 402 3570 altis,
427 3496 633 3580 significatur
656 3498 760 3560 fastus
787 3499 939 3579 propriae
962 3495 1192 3581 intelligentiae?

109 3614 154 3654 ex
171 3613 212 3654 eo
226 3595 328 3654 etiam
341 3593 463 3655 dicitur
477 3592 603 3655 “nidus
619 3613 680 3674 pro
695 3593 907 3656 habitatione
919 3593 946 3670 ;”
965 3600 1113 3675 “ponere
1126 3586 1191 3654 llum

109 3688 197 3749 inter
216 3686 356 3749 stellas’‘
375 3684 541 3768 significat
565 3688 597 3748 in
621 3687 700 3749 altis
724 3688 778 3750 ubi
800 3687 956 3750 habitant
975 3691 1032 3771 qui
1055 3691 1085 3751 in
1105 3677 1191 3763 cogni·

109 3782 256 3844 tionibus
279 3783 358 3855 veri,
385 3801 463 3843 nam
487 3801 545 3862 per
569 3780 739 3844 “stellas”
762 3779 994 3863 significantur
1016 3781 1191 3865 cognitiones

109 3877 187 3938 veri.
233 3876 336 3956 Apud
355 3875 510 3950 Hrbbum,
561 3940 566 3950 ,

161 4024 178 4045 “
188 4022 220 4070 In
238 4023 460 4149 {issuramvallium
477 4023 512 4072 ad
528 4024 713 4083 habitandum,
732 4025 761 4074 in
778 4025 958 4075 foraminibus
975 4035 1062 4076 terrae
1079 4035 1103 4075 et
1119 4009 1192 4087 petrl¹”

249 4103 311 4138 xxx.
357 4105 362 4138 :

108 4230 211 4293 etiam
241 4231 295 4293 hic
326 4250 385 4311 per
412 4231 579 4294 “fissuras
608 4230 776 4306 vallium,”
804 4232 999 4297 “foramina
1028 4227 1151 4303 terrae,”
1169 4229 1193 4284 et

109 4324 275 4480 “prinas’'
294 4325 525 4406 significantur
549 4326 631 4389 salsa
653 4326 743 4403 mali,
763 4328 874 4409 agitur
893 4330 983 4392 enirn
1006 4331 1052 4394 ibi
1073 4317 1195 4394 defusis

109 4437 164 4481 ma
179 4438 197 4480 1.
