2716 4986
374 526 454 578 cnr.
471 525 546 589 vu,
563 526 666 579 vans.
689 529 794 580 1.-n.
810 514 937 600 417[b].
1134 531 1210 581 1011

99 696 184 760 uod
208 699 454 761 “constiterint
477 698 592 780 anguli
616 701 724 762 omnis
751 700 865 782 populi
891 701 925 763 in
949 700 1213 781 congregatione

99 791 208 873 opuli
226 792 289 855 Dei
298 792 312 815 ”
326 792 491 873 significet
504 814 622 857 omnes
635 794 856 877 undequaque
870 815 928 858 seu
942 796 985 858 ab
997 796 1088 857 omni
1101 794 1213 875 plaga,

99 897 189 949 ¹atet
206 887 385 949 manifeste
401 908 445 949 ex
463 909 514 962 eo,
527 889 617 970 quod
635 888 765 951 dicatur
780 890 869 970 quod
884 890 1078 952 “exiverint
1095 907 1213 951 omnes

99 975 147 1042 ,lii
163 989 201 1043 et
217 1000 338 1043 omnes
351 981 460 1044 tribus
473 981 635 1055 israelis,”
646 991 682 1044 et
698 983 787 1064 quod
803 988 1059 1064 “congregatus
1075 982 1118 1044 sit
1135 1001 1214 1044 coe·

99 1091 143 1137 us
162 1095 184 1137 a
202 1074 302 1137 Dane
318 1075 361 1137 ad
382 1074 660 1152 Beerschebam;”
675 1077 709 1138 in
728 1096 828 1140 sensu
844 1087 957 1139 autem
974 1075 1138 1158 spirituali
1156 1095 1215 1157 per

99 1168 269 1250 ‘angulos
293 1170 402 1231 omnis
425 1169 562 1251 populi”
581 1168 812 1251 significantur
830 1171 943 1233 omnia
966 1191 1045 1232 vera
1067 1178 1102 1232 et
1125 1169 1215 1231 bona

99 1262 258 1325 tcciesiae
271 1283 278 1339 ;
302 1263 455 1326 similiter
463 1265 567 1326 etiam
580 1283 638 1344 per
650 1269 669 1295 “
678 1283 797 1326 omnes
808 1266 913 1327 tribus
928 1264 1070 1335 israelis,
1084 1284 1103 1325 a
1116 1263 1213 1325 Dane

99 1375 196 1438 usque
227 1356 272 1418 ad
304 1355 573 1420 Beerschebam’'
600 1356 831 1438 significantur
856 1358 914 1421 iila
943 1359 987 1420 ab
1016 1357 1141 1420 ultimis
1170 1356 1214 1419 ad

99 1452 219 1528 prima;
248 1459 284 1513 et
311 1470 369 1531 per
399 1453 731 1533 “congregationem
759 1452 872 1533 populi
899 1452 985 1515 Dei''
1008 1450 1215 1532 significatur

99 1544 302 1608 consultatio
329 1546 371 1608 de
398 1546 496 1608 rebus
524 1545 707 1609 ecclesiae:
737 1546 770 1608 in
798 1546 964 1608 historicis
991 1548 1080 1608 enim
1110 1545 1214 1608 Verbi

99 1639 199 1702 ubivis
223 1650 277 1703 est
301 1661 417 1703 sensus
440 1640 621 1720 spiritualis
643 1660 749 1722 aeque
772 1661 811 1703 ac
838 1643 871 1704 in
895 1640 1101 1721 propheticis
1123 1639 1213 1720 ejus;

99 1752 196 1814 quare
214 1734 249 1795 in
266 1753 366 1796 sensu
382 1735 542 1797 historico
559 1754 617 1815 per
635 1734 829 1815 “angulos”
845 1734 1076 1815 significantur
1092 1734 1213 1815 plagae

99 1826 212 1908 quales
228 1838 306 1891 sunt
326 1830 359 1891 in
378 1831 504 1892 mundo
520 1828 693 1910 spirituali,
710 1840 745 1891 at
764 1830 798 1892 in
817 1849 916 1891 sensu
932 1828 1094 1910 spirituali
1110 1830 1214 1910 signi·

99 1919 238 1985 ficantur
265 1924 377 1984 omnia
403 1944 482 1986 vera
509 1943 547 1986 ac
575 1924 665 1985 bona
691 1923 865 1999 ecclesiae,
889 1944 933 1985 ex
961 1944 1062 1986 causa
1084 1923 1127 1985 de
1150 1943 1216 2005 qua

99 2035 201 2096 supra.
248 2015 305 2078 Ex
325 2017 376 2079 his
395 2027 550 2080 constare
570 2027 684 2098 potest
701 2017 779 2098 quid
798 2016 1005 2098 significatur
1023 2037 1082 2098 per
1100 2016 1213 2098 “lapi-

99 2109 171 2172 dem
191 2110 309 2190 anguli
317 2110 332 2134 '⁹
350 2111 383 2172 in
402 2111 453 2173 his
473 2110 554 2173 locis
566 2109 723 2192 :—Apud
741 2109 894 2185 Esaiam,

143 2243 306 2294 “Fundabit
320 2245 347 2292 in
363 2244 446 2293 Zione
459 2243 585 2307 lapidem,
601 2244 716 2307 lapidem
732 2244 905 2308 probationis,
922 2245 1013 2307 anguli
1027 2244 1105 2308 pretii
1122 2244 1216 2293 funda·

227 2309 309 2359 tionis
320 2310 446 2358 fundatae
455 2309 469 2329 '⁹
481 2310 582 2370 (xxviii.
596 2310 651 2371 16);

99 2425 182 2504 apud
200 2421 398 2499 Jeremr'am,

144 2532 356 2660 “Norzlsulrlrrsspt
367 2533 400 2582 de
413 2541 439 2582 te
452 2532 567 2596 lapidem
582 2546 631 2595 pro
644 2532 754 2597 angulo,
768 2542 813 2582 aut
827 2532 943 2596 lapidem
958 2531 1193 2582 fundamentorum
1200 2528 1217 2552 ''

245 2615 262 2648 ι.
350 2613 356 2656 ι

100 2713 182 2792 apud
202 2711 412 2788 Sachariam,

171 2821 213 2871 Ex
224 2821 347 2886 Jehudah
362 2823 531 2885 “angularia
545 2837 579 2871 ex
591 2822 637 2871 illo
648 2823 748 2882 clavus,
762 2838 796 2872 ex
808 2822 854 2871 iiio
866 2837 942 2872 arcus
954 2823 1017 2873 beili
1025 2822 1040 2842 ’'
1051 2822 1086 2884 (x.
1097 2824 1141 2884 4);

101 2935 183 3017 apud
203 2935 379 3010 Davidem,

145 3043 253 3107 “Lapis
266 3059 345 3108 quem
359 3044 508 3107 rejecerunt
518 3082 546 3104 ..,
558 3043 645 3096 ladius
658 3055 700 3095 est
715 3047 741 3094 in
756 3056 835 3108 caput
847 3047 961 3109 anguli”
972 3047 1028 3106 (Pa.
1041 3047 1128 3096 cxviii.
1141 3042 1216 3104 i'lm

226 3109 325 3159 Μαίη.
335 3111 388 3160 xxi.
398 3122 446 3170 423
463 3112 548 3160 Marc.
559 3107 630 3160 1¹1xii.
643 3124 738 3170 10,11;
756 3112 923 3171 Luc.xx.17‚
936 3112 990 3173 18):

99 3243 212 3325 “lapis
231 3242 370 3323 anguli”
389 3242 555 3324 significat
579 3264 679 3306 omne
703 3244 861 3306 Divinum
881 3242 1008 3305 Verum
1032 3263 1131 3323 super
1148 3264 1217 3325 quo

99 3335 255 3402 fundatur
278 3336 409 3399 caelum
435 3346 469 3399 et
497 3337 651 3411 ecclesia,
675 3340 722 3401 ita
750 3358 850 3401 omne
877 3337 1152 3414 fundamentum3
1179 3348 1214 3401 et

99 3435 170 3515 quia
198 3431 456 3493 fundamentum
483 3440 535 3493 est
563 3430 718 3493 ultimum
745 3434 797 3494 cui
824 3432 986 3494 incumbit
1010 3432 1129 3493 domus
1156 3451 1215 3493 seu

99 3525 273 3607 emplum,
284 3526 361 3586 ideo
374 3524 540 3606 significat
551 3526 673 3587 omnia.
719 3523 806 3606 Quia
819 3545 877 3606 per
889 3532 908 3557 “
918 3525 1064 3606 lapidem
1077 3524 1191 3606 anguli
1200 3524 1217 3549 ’⁹

99 3618 329 3703 :ignificantur
358 3621 471 3681 omnia
500 3639 598 3699 super
625 3620 743 3701 quibus
771 3620 928 3682 fundatur
957 3619 1110 3692 ecclesia,
1139 3619 1216 3681 ideo

99 3714 250 3786 licitur,“
260 3713 429 3775 Fundabit
440 3715 472 3775 in
484 3713 588 3775 Zione
599 3713 756 3794 lapidem,
769 3714 914 3794 lapidem
929 3763 935 3775 .
950 3763 956 3774 .
971 3761 978 3775 .
991 3712 1105 3793 anguli
1116 3713 1214 3793 pretii

99 3809 300 3875 undationis
312 3806 499 3880 fundatae,’'
509 3817 543 3870 et
556 3809 678 3870 dicitur
689 3815 708 3839 “
717 3808 802 3888 lapis
815 3828 876 3888 pro
887 3807 1041 3888 angu10,'’
1051 3817 1087 3869 et
1101 3807 1215 3888 “lapis

99 3903 390 3969 'undamentorum
404 3901 429 3976 ;‘’
445 3912 479 3962 et
496 3903 572 3983 quia
589 3921 648 3982 per
665 3902 839 3982 “lapidem
856 3901 993 3983 anguii”
1009 3899 1215 3982 significatur

99 4017 195 4062 »mne
224 3995 383 4057 Divinum
408 3994 534 4057 Verum
563 4016 662 4076 super
685 4016 751 4077 quo
777 3996 934 4059 fundatur
960 3997 1113 4069 ecclesia,
1137 3996 1215 4059 ideo

99 4110 227 4177 luoque
256 4087 464 4169 significatur
491 4089 657 4151 Dominus
682 4090 793 4171 quoad
822 4089 979 4151 Divinum
1009 4089 1214 4163 Humanum,

99 4189 168 4272 {uia
187 4204 290 4248 omne
312 4182 468 4245 Divinum
489 4183 616 4246 Verum
636 4185 678 4246 ab
699 4184 762 4246 Illo
781 4185 943 4265 procedit.
990 4182 1214 4245 “Aedifican-

99 4280 167 4346 :es”
179 4301 240 4343 seu
254 4284 274 4309 “
284 4275 481 4340 architedti”
494 4280 548 4360 qui
561 4278 748 4358 rejecerunt
760 4277 854 4340 illum
868 4277 1024 4358 lapidem,
1039 4287 1074 4339 ut
1092 4276 1215 4358 legitur

99 4375 179 4458 tpud
195 4371 450 4453 Evangelistas,
468 4383 546 4434 sunt
562 4371 609 4435 illi
625 4373 679 4454 qui
696 4372 739 4435 ab
754 4370 918 4448 ecclesia;
942 4372 985 4433 ibi
1001 4372 1044 4433 ab
1060 4371 1215 4433 Ecclesia

99 4469 241 4545 ludaica,
253 4487 342 4550 quae
359 4465 471 4547 rejecit
488 4466 682 4542 Dominum,
699 4475 825 4529 etcum
843 4465 922 4547 lpso
938 4485 1037 4528 omne
1054 4465 1213 4528 Divinum
