2684 4988
138 473 202 555 728
449 487 699 540 leocanvesn
722 489 947 540 axnmcnm.

139 655 229 740 apud
248 655 461 733 Ezechielem,

195 763 346 828 Prophetae
361 766 517 815 “seducunt
530 766 660 828 populum
675 780 773 824 meum,
788 766 905 816 dicendo
920 766 985 824 Pax.
1000 780 1062 816 cnm
1078 782 1136 817 non
1150 782 1217 830 pu:
1234 780 1258 817 et

269 830 377 894 quando
391 831 435 880 hic
446 831 571 880 aedificat
582 832 735 889 maceriem,
750 832 789 881 illi
803 846 865 881 ecce
880 833 1064 882 incrustantes
1075 848 1139 882 eam
1152 834 1258 896 inepto:

271 932 312 1009 ιο.
322 896 481 1022 1gophetae
490 896 611 947 Israelis.
621 935 627 946 .
638 897 742 947 ,vident
749 897 884 946 visionem
892 897 966 960 pacis
974 912 1035 947 cum
1044 913 1101 946 non
1111 913 1166 961 pax
1173 897 1258 960 ”(xiii.

303 998 309 1019 .
372 999 378 1011 .

138 1073 228 1157 apud
247 1072 445 1151 Jeremeizm,

189 1181 239 1230 “A
252 1181 365 1231 minimo
379 1182 414 1231 ad
427 1182 574 1231 maximum
589 1197 685 1232 omnes
700 1183 809 1232 student
823 1198 928 1239 usurae,
945 1198 961 1231 a
977 1183 1112 1246 propheta
1126 1198 1213 1247 usque
1227 1185 1260 1232 ad

268 1247 437 1297 sacerdotem
447 1247 534 1311 quivis
543 1247 608 1297 lacit
619 1248 798 1305 mendacium,
809 1257 837 1297 et
849 1257 947 1298 sanant
956 1246 1176 1297 conlraliionem
1190 1248 1260 1298 filiae

268 1312 360 1374 populi
375 1312 428 1362 mel
443 1327 491 1397 per
504 1313 605 1362 nullius
620 1314 748 1375 ponderis
761 1315 882 1371 verbum,
896 1314 1021 1371 dicendo.
1040 1314 1107 1372 Pax,
1122 1328 1186 1378 pax,
1200 1328 1260 1364 cum

174 1403 176 1406 v
269 1392 324 1426 non
337 1377 373 1427 sit
384 1392 437 1440 pax
453 1376 459 1396 ⁹
471 1378 538 1440 (viii.
552 1391 590 1436 ιο,
604 1378 659 1440 11):

137 1493 228 1576 apud
246 1494 403 1568 eundem,

189 1592 274 1643 “Vox
290 1593 416 1642 clamoris
434 1604 581 1658 pastorum,
597 1604 625 1644 et
642 1594 759 1656 ejulatus
780 1595 931 1656 potentium
949 1595 1049 1656 gregis.
1065 1596 1132 1658 quia
1149 1606 1263 1646 varens

267 1658 389 1722 Jehovah
410 1674 539 1721 pascuum
561 1656 690 1717 [¹leorum,
711 1660 782 1708 unde
803 1659 961 1708 devastatae
981 1669 1045 1709 sunt
1065 1661 1162 1711 caulae
1187 1664 1264 1726 pacis

268 1733 378 1786 propter
389 1724 514 1773 ardorem
527 1725 583 1773 irae
595 1723 714 1789 Jehovae
722 1724 736 1743 ”
749 1724 820 1786 (xxv.
834 1726 873 1786 36,
886 1727 942 1786 37):

136 1836 227 1922 apud
245 1837 420 1913 Davidem,

188 1943 276 1994 “Non
289 1944 430 2006 integritas
443 1945 470 1992 in
483 1959 563 1993 carne
576 1959 637 1993 mea
649 1954 759 2007 propter
769 1945 985 2007 indignationem
998 1954 1082 2002 tuam,
1096 1960 1154 1994 non
1186 1960 1221 1994 ax
1233 1947 1258 1994 in

267 2009 374 2059 ossibus
382 2009 450 2059 meis
459 2019 569 2072 propter
576 2018 714 2072 peecatum
723 2023 813 2058 meum
821 2009 835 2029 ''
844 2009 899 2072 (Ps.
910 2009 1021 2058 xxxviii.
1031 2023 1047 2069 4
1059 2007 1144 2074 [BA.
1154 1961 1207 2074 3⁵3:

84 2128 87 2133 '
135 2124 170 2187 in
196 2121 227 2185 Τ
222 2121 349 2199 hrene's,

188 2230 326 2280 “Satiavit
343 2244 386 2279 me
404 2229 635 2287 amaritudinibus,
655 2229 798 2278 inebriavit
818 2243 862 2278 me
882 2229 1019 2277 absinthio
1030 2238 1133 2285 ;....et
1155 2240 1256 2279 remota

267 2304 309 2345 est
320 2310 337 2344 a
349 2309 414 2357 pace
427 2295 519 2343 anima
530 2309 599 2353 mea,
614 2295 713 2343 oblitus
725 2308 785 2343 sum
798 2294 862 2343 boni
870 2293 884 2313 ''
896 2291 943 2354 (iii.
958 2305 996 2354 15,
1010 2294 1064 2356 17):

136 2437 272 2508 praeter
290 2426 379 2491 alibi.
425 2425 595 2508 Quoniam
619 2447 688 2508 pax
711 2427 745 2488 in
769 2447 830 2488 sua
852 2427 960 2507 prima
980 2425 1112 2506 origine
1135 2436 1191 2490 est
1214 2448 1255 2490 ex

136 2523 259 2585 unione
276 2522 385 2605 Ipsius
401 2520 514 2583 Divini
532 2541 570 2583 ac
589 2520 701 2584 Divini
722 2519 872 2583 Humani
891 2522 924 2582 in
945 2519 1105 2594 Domino,
1123 2531 1161 2585 et
1181 2521 1256 2584 inde

71 2664 73 2668 .
135 2638 156 2680 a
173 2617 321 2680 Domino
337 2616 370 2679 in
383 2613 620 2695 conjunllione
637 2615 745 2698 Ipsius
758 2632 834 2676 cum
848 2613 945 2677 caelo
960 2622 996 2676 et
1009 2632 1086 2676 cum
1099 2615 1255 2687 ecclesia,

135 2722 171 2777 et
187 2711 277 2793 apud
294 2729 565 2792 unumquemque
578 2710 621 2772 ibi
638 2710 671 2771 in
684 2706 923 2788 conjunllione
940 2708 1020 2771 boni
1036 2717 1072 2771 et
1085 2710 1168 2784 veri,
1183 2710 1257 2773 ideo

136 2806 331 2880 Sabbatum,
348 2805 438 2886 quod
458 2804 519 2867 suit
538 2801 788 2867 sanetissimum
808 2801 972 2865 ecclesiae
991 2805 1256 2883 repraesentati·

135 2921 226 2975 vum,
246 2898 373 2964 dietum
392 2907 445 2962 est
464 2920 484 2961 a
502 2900 616 2981 quiete
636 2918 695 2961 seu
714 2916 821 2979 pace;
851 2906 886 2960 et
906 2896 983 2958 ideo
1000 2916 1135 2978 quoque
1154 2898 1256 2960 sacri·

135 2995 221 3071 ficia,
241 3016 327 3078 quae
346 2992 437 3059 dieta
455 2994 588 3057 suerunt
609 2991 796 3075 “pacifica,'’
816 2991 980 3054 mandata
998 2999 1078 3053 sunt

190 3134 242 3199 (De
255 3135 350 3200 qulbus
363 3135 486 3184 videatur
496 3134 580 3183 Exed.
592 3133 664 3183 niv.
677 3144 690 3193 5
701 3147 707 3191 ;
730 3146 787 3194 cap.
800 3131 882 3180 xxxii.
894 3131 924 3181 ⁶:
949 3131 1031 3181 Leve‘r.
1045 3130 1082 3181 iil.
1095 3143 1126 3192 3:
1150 3144 1210 3194 cap.
1222 3131 1256 3183 iv.

267 3212 306 3260 20,
321 3201 361 3259 26,
376 3213 415 3260 31,
431 3211 477 3261 ³5:
495 3213 553 3261 cap.
565 3199 601 3248 vi.
615 3209 627 3258 5
640 3195 685 3262 [B.
697 3199 732 3248 Α.
744 3194 786 3261 12]
798 3212 804 3253 ;
828 3211 887 3259 cap.
898 3196 944 3246 vll.
959 3209 1004 3255 11;
1021 3210 1081 3258 cap.
1095 3197 1151 3247 xiv.
1163 3208 1205 3252 ao.
1217 3208 1256 3255 m,

266 3279 315 3328 ³3:
333 3281 392 3328 cap.
406 3266 470 3315 xvii.
486 3277 515 3325 5:
533 3279 591 3327 cap.
605 3265 660 3314 xix.
676 3275 706 3324 5:
725 3264 809 3313 Num.
825 3263 858 3311 vi.
875 3274 920 3322 17:
937 3261 1030 3311 Erech.
1043 3261 1098 3311 xlv.
1115 3274 1162 3323 15:
1179 3265 1259 3312 Areos

266 3347 291 3383 v.
304 3344 350 3382 aa:
369 3341 397 3382 et
408 3331 498 3391 alibi):

134 3459 171 3513 et
191 3449 269 3512 ideo
286 3448 330 3511 de
347 3446 504 3529 Jehovah
522 3445 646 3508 dicitur
663 3444 754 3527 quod

191 3562 232 3612 Ex
245 3561 408 3614 holocaustis
424 3559 552 3609 odoratus
565 3558 601 3608 sit
615 3557 755 3606 “odorem
770 3555 891 3620 quietis”
906 3556 1000 3618 (Exod.
1014 3559 1087 3606 xxix.
1103 3557 1143 3614 18,
1159 3568 1200 3617 ες.
1211 3569 1257 3618 41:

265 3627 348 3676 levir.
360 3627 377 3676 i.
389 3641 413 3689 9,
427 3638 465 3686 13,
480 3637 524 3685 17:
547 3638 605 3686 cap.
618 3623 645 3672 ii.
658 3635 681 3680 a,
693 3637 725 3685 93
749 3637 808 3685 cap.
822 3623 858 3671 vi.
871 3623 894 3677 8.
909 3635 941 3700 ¹⁴.
945 3619 1000 3700 113.
1011 3623 1046 3672 A.
1060 3633 1100 3682 ις,
1113 3618 1176 3689 21];
1200 3637 1256 3700 cap.

266 3691 497 3818 {albise1.21‚31,3361)8;:
522 3690 607 3738 Nunc.
617 3704 660 3739 xv.
672 3701 695 3748 3,
707 3700 729 3747 7,
744 3700 772 3748 13
782 3702 788 3747 ;
810 3702 868 3751 cap.
879 3702 971 3737 xxvnr.
981 3688 1005 3746 6,
1016 3687 1040 3746 8,
1052 3700 1081 3748 13
1091 3701 1098 3745 ;
1115 3702 1175 3750 cap.
1185 3703 1256 3737 xxm

135 3905 197 3969 per
215 3883 383 3947 “odorem
402 3879 549 3964 quietis”
568 3877 780 3961 significatur
799 3879 975 3961 perceptio
994 3879 1097 3960 pacis.

194 3982 300 4066 36⁶.
328 3976 915 4058 “trallianos1¹¹oeoieaar.''-Qu0d
936 3975 1107 4058 significet
1120 3976 1257 4059 falsifi-

106 4072 291 4139 'cate‘onem
316 4093 374 4136 seu
399 4071 646 4135 exstinelionem
672 4070 866 4143 veritatum,
890 4078 1028 4132 constat
1056 4090 1101 4131 ex
1129 4069 1258 4149 signifi·

134 4170 270 4232 catione
295 4164 507 4240 “occidere'’
530 4165 621 4248 quod
648 4166 692 4228 sit
721 4165 943 4244 exstinguere
971 4183 1061 4237 vera,
1091 4183 1171 4225 nam
1200 4185 1259 4246 per

136 4263 320 4327 “occidere
328 4262 343 4286 ”
360 4262 394 4324 in
411 4259 528 4323 Verbo
547 4258 756 4341 significatur
775 4259 929 4322 occidere
949 4256 1180 4340 spiritualiter,
1198 4279 1257 4321 seu

134 4359 290 4423 occidere
305 4354 479 4441 spirituale
497 4353 644 4417 hominis
663 4363 722 4417 aut
742 4356 890 4417 animam
910 4351 990 4433 ejus,
1009 4352 1100 4434 quod
1120 4363 1175 4417 est
1195 4375 1258 4416 ex-

134 4455 308 4534 stinguere
320 4470 418 4515 vera:
443 4450 534 4533 quod
550 4450 654 4512 etiam
668 4450 710 4511 sit
728 4446 915 4523 falsificare,
928 4457 982 4510 est
995 4447 1073 4529 quia
1085 4468 1167 4510 vera
1181 4468 1256 4510 cum
