2684 4988
113 453 195 521 rond
419 469 670 523 nrocneunsrs
693 471 921 525 nxrucnrn

107 636 322 721 quodetiam
341 637 463 703 viderit
486 649 632 724 quatuor
649 640 804 723 angelos,
824 651 860 706 et
883 642 948 706 hos
971 651 1082 706 stante

108 742 253 813 quatuor
278 731 412 814 angulis
439 742 550 798 terrae
577 735 683 798 istius.
744 733 847 816 Quod
870 736 933 800 visi
959 738 1028 800 sint
1051 742 1082 795 “r

108 824 252 907 angeli,”
279 836 333 890 est
360 827 439 908 quia
463 847 524 910 per
548 827 627 891 illos
648 839 783 892 stantes
809 831 844 892 in
869 835 1044 912 “quatuor
1066 849 1082 892 a

109 917 319 1001 significatur
349 918 509 984 Divinum
541 942 562 984 a
595 919 745 985 Domino
777 923 968 1006 procedens
1004 925 1036 985 in
1067 944 1082 985 u

109 1013 237 1075 mundo
259 1015 444 1095 spirituali;
469 1017 660 1079 universum
683 1017 774 1079 enim
797 1017 892 1080 illum
916 1017 1076 1080 mundum

108 1115 253 1188 quatuor
266 1106 400 1189 plagae,
413 1127 535 1190 nempe
549 1109 735 1184 orientalis,
749 1110 986 1184 occidentalis,
1000 1111 1082 1173 meri<

107 1210 144 1263 et
173 1202 462 1283 septentrionalis,
490 1204 540 1266 ita
566 1203 656 1265 enim
684 1204 810 1266 divisus
836 1214 890 1268 est
914 1204 973 1267 ille
997 1223 1082 1265 mum

108 1294 265 1357 orientali
288 1294 391 1377 plaga
414 1295 573 1360 habitant
591 1298 648 1378 qui
669 1297 703 1358 in
726 1297 819 1360 bono
836 1300 962 1361 amoris
985 1299 1020 1360 in
1045 1297 1082 1358 D«

108 1397 199 1462 sunt,
216 1389 372 1452 similiter
388 1391 422 1452 in
442 1390 658 1465 occidentali,
675 1391 736 1454 sed
759 1391 807 1454 illi
825 1392 860 1454 in
879 1392 973 1455 bono
992 1411 1082 1455 amor

108 1483 187 1564 quia
204 1483 238 1545 in
256 1485 417 1557 interiori,
438 1484 473 1547 hi
495 1485 529 1547 in
553 1485 644 1548 bono
662 1487 787 1548 amoris
809 1486 955 1549 obscuro
974 1487 1052 1568 quia
1073 1486 1082 1548 i

108 1576 205 1654 riori;
229 1578 263 1639 in
283 1576 386 1659 plaga
404 1579 616 1642 meridionali
635 1578 794 1641 habitant
817 1581 873 1662 qui
896 1581 930 1642 in
954 1579 1031 1642 luce
1048 1600 1082 1642 ve

108 1677 200 1741 sunt,
219 1669 252 1730 in
272 1669 534 1751 septentrionali
555 1670 611 1752 qui
633 1670 667 1733 in
690 1668 766 1732 luce
784 1670 856 1733 veri
877 1671 1044 1733 obscura:
1073 1686 1081 1743 (

107 1762 1082 1824 phgisvideaturinopereDeCaeloetInsemo,n.141-153,ubideillisadtur

108 1840 188 1921 quia
205 1841 320 1904 omnia
338 1861 374 1903 se
396 1840 544 1905 referunt
564 1840 607 1903 ad
631 1841 757 1903 bonum
776 1843 901 1904 amoris
924 1852 959 1905 et
984 1841 1028 1904 ad
1046 1860 1082 1903 ve

110 1933 171 1998 illo
189 1935 291 2008 bono,
308 1956 368 1998 seu
384 1937 417 1998 in
434 1955 560 2016 genere
575 1935 619 1997 ad
638 1935 764 1998 bonum
783 1946 818 1998 et
834 1956 963 2009 verum,
978 1937 1055 1998 ideo
1069 1955 1082 2017 p

110 2039 189 2092 tuor
198 2029 274 2092 illas
287 2028 407 2111 plagas
417 2031 522 2092 etiam
534 2029 772 2109 intelliguntur
781 2030 897 2092 omnia
908 2029 995 2092 caeli
1006 2041 1040 2093 et
1053 2049 1082 2092 e<

111 2123 196 2188 Illae
222 2124 346 2206 plagae
372 2126 477 2187 etiam
503 2126 537 2187 in
561 2123 678 2186 Verbo
704 2123 943 2204 intelliguntur
974 2145 1033 2206 per
1057 2130 1074 2154 ‘⁴

109 2219 263 2294 ventos,''
290 2218 344 2281 hic
374 2220 480 2282 etiam
511 2239 569 2301 per
598 2225 772 2300 “quatuor
801 2217 976 2298 angulos.”
1021 2217 1081 2280 Ind

110 2312 335 2398 quodangeli
354 2332 423 2375 non
442 2313 505 2375 visi
523 2314 592 2377 sint
615 2322 707 2384 stare
730 2312 764 2375 in
786 2322 932 2394 quatuor
951 2310 1082 2392 angulis

111 2409 172 2473 sed
190 2409 223 2471 in
240 2417 384 2490 quatuor
400 2406 520 2489 plagis.
567 2405 669 2488 Quod
685 2407 808 2488 plagae
823 2408 929 2469 etiam
945 2407 1082 2468 dicantu

112 2514 189 2567 tuor
204 2501 349 2584 anguli,”
365 2512 419 2565 est
435 2504 513 2585 quia
529 2522 587 2583 per
602 2500 775 2582 “angulos
783 2500 799 2524 ”
811 2499 1045 2582 significantur
1060 2520 1082 2561 e:

112 2608 146 2661 et
165 2603 350 2661 “extrema
359 2596 373 2619 ”
389 2595 582 2678 significant
599 2596 723 2671 omnia,
740 2595 818 2678 quia
833 2592 1013 2657 includunt
1029 2592 1082 2655 illa

114 2691 258 2774 “anguli
266 2691 280 2714 ”
300 2690 492 2772 significent
510 2689 641 2772 plagas,
661 2700 799 2752 constat
818 2710 863 2752 ex
884 2689 968 2751 locis
986 2690 1020 2751 in
1039 2687 1082 2750 V<

112 2787 235 2871 plagae
245 2785 481 2849 describuntur
491 2805 550 2866 per
564 2783 738 2865 “angulos
749 2783 777 2862 ;”
789 2794 825 2848 ut
840 2785 873 2846 in
886 2783 939 2845 his
949 2792 1082 2865 sequent

112 2881 217 2966 Apud
236 2880 363 2954 Mosen,

163 3019 182 3043 ⁸⁸
191 3016 246 3067 Pro
260 3014 425 3064 Habitaculo
439 3013 522 3063 lucles
534 3013 629 3074 viginti
644 3026 750 3061 meres
764 3025 814 3074 pro
827 3011 929 3073 angulo
943 3010 1082 3060 meridieir

242 3092 352 3139 strum„
362 3117 369 3130 .
378 3116 385 3129 .
395 3080 484 3130 ,lueri
498 3078 653 3128 Habiteculi
664 3078 783 3126 secundo
792 3091 887 3126 versus
899 3077 1030 3138 angulum
1040 3089 1082 3137 sep

242 3147 338 3209 viginti
348 3144 481 3203 asseres,”
491 3143 566 3194 etsie
576 3158 657 3206 porro
669 3142 761 3205 (Exod.
771 3142 844 3192 xxvi.
856 3143 894 3201 18,
906 3155 953 3202 203
971 3157 1029 3205 cap.
1037 3154 1082 3190 ω

242 3227 301 3276 cap.
313 3209 429 3260 luxuri.
443 3222 482 3269 ar,
495 3222 534 3270 23,
547 3210 604 3271 rsl:

114 3344 204 3422 “pro
215 3336 342 3418 angulo
355 3333 503 3397 meridiei
512 3331 594 3423 ”est
610 3353 671 3414 pro
683 3329 786 3414 plaga
799 3330 1022 3404 meridionali,
1036 3339 1069 3393 et

112 3432 275 3514 angulum
288 3425 555 3511 septentrionis”
567 3438 621 3489 est
633 3446 748 3489 versus
762 3424 899 3507 plagam
913 3424 1082 3507 septentri

112 3547 192 3590 nam
207 3536 306 3589 erant
321 3524 443 3606 viginti
459 3541 590 3584 asseres
606 3519 779 3583 utrobivls.
814 3517 976 3582 Similiter
992 3517 1077 3600 apud

111 3621 202 3696 elem,

163 3750 270 3817 “Juxta
279 3749 424 3798 terminum
438 3745 525 3795 Denls
536 3746 571 3794 ab
582 3744 684 3806 angulo
696 3743 810 3792 orientis
821 3757 909 3806 usque
919 3743 955 3792 ad
968 3743 1082 3804 engulun

243 3817 286 3870 tis,
300 3815 403 3862 Ascher
414 3826 499 3869 unus:
517 3821 544 3860 et
557 3810 619 3859 inde
630 3810 707 3871 juxta
718 3809 862 3857 terminum
877 3809 1008 3857 Ascheris
1019 3811 1053 3857 ab
1064 3822 1082 3856 a:

242 3880 460 4007 {pltvlisfiepurggue
477 3877 512 3926 ad
529 3876 658 3938 angulum
676 3887 769 3923 sverans
783 3873 966 3923 occidentem.
976 3873 1081 3934 ...,''et

331 3980 337 3994 ·
415 3980 422 4003 r

112 4058 201 4144 apud
221 4058 378 4132 eundem,

167 4167 229 4219 Hae
247 4181 406 4224 mensurae;
430 4165 546 4227 angulus
565 4162 761 4225 septentrionis
774 4162 943 4225 quingentae
957 4172 985 4211 er
1001 4171 1082 4225 quatu

243 4243 270 4281 et
281 4232 398 4292 angulus
411 4231 531 4279 meridiei
546 4230 668 4286 totldem,
683 4239 710 4277 et
721 4231 756 4276 ab
767 4229 869 4288 angulo
882 4228 996 4276 orientis
1011 4226 1082 4276 totid«

242 4299 283 4347 lus
292 4298 439 4345 occidentis
447 4297 569 4352 totidem,
580 4295 656 4357 juxta
668 4294 812 4342 terminum
824 4293 859 4341 ad
871 4293 1001 4353 angulum
1011 4293 1082 4341 orieu

242 4362 418 4420 occidentem,
431 4363 507 4410 etsie
520 4375 602 4423 porro
619 4359 712 4419 (xlviii.
723 4355 790 4424 [ro]
803 4369 840 4418 17,
851 4368 940 4417 23-25,
953 4354 1021 4422 [ad]
1030 4368 1082 4418 ηε

243 4438 270 4478 et
282 4442 388 4492 quoque
401 4442 458 4490 cap.
471 4428 544 4476 xlvii.
557 4426 661 4486 17-2o);
