2684 4988
116 484 181 553 770
426 483 676 536 APOCALt'Psts
699 487 924 540 aurulenta.
1018 462 1024 474 ’

115 657 199 720 haec
217 656 249 720 in
270 656 468 739 prophetico
485 656 617 720 Israelis
634 659 739 738 patris
755 658 797 722 de
811 658 978 740 Jehudah,
996 667 1181 744 perquem

116 771 183 814 non
203 750 403 833 intelllgitur
419 750 583 832 Jehudah‚
601 752 660 814 sed
681 752 845 815 Dominus
864 755 976 836 quoad
995 776 1135 837 regnum
1152 777 1181 820 ca

115 843 202 908 leste
214 867 222 921 ;
245 856 280 908 et
291 865 350 926 per
361 851 379 877 ‘⁶
389 846 501 907 vinum
511 845 525 868 ”
535 866 575 908 ac
588 866 647 927 per
658 852 677 878 ‘⁴
686 848 884 927 sanguinem
898 869 1038 911 uvarum
1047 850 1061 871 '’
1073 851 1181 931 intelli!

115 944 170 998 tur
183 935 344 999 Divinum
358 934 497 998 Verum.
530 951 608 1010 (Quid
619 952 710 1011 reliqua
720 953 861 1013 significant,
869 960 894 1000 et
904 957 972 1013 quod
983 951 997 970 ⁸¹
1005 957 1087 1002 vinum
1096 958 1109 973 '¹
1118 958 1181 1015 siguli

115 1022 230 1069 Divinum
244 1024 342 1075 Verum,
353 1024 409 1082 quia
425 1025 456 1069 de
472 1025 585 1076 Domino,
596 1025 705 1071 videatur
719 1027 744 1071 in
759 1026 865 1072 Arcam&
883 1027 1033 1080 Caelestibus,
1044 1043 1067 1075 n.
1079 1031 1181 1088 6375-631

115 1090 218 1173 Apud
236 1093 392 1166 eundem,

168 1224 252 1289 Jacob
261 1226 349 1274 attulit
362 1224 438 1274 lsaco
452 1225 518 1288 patri
528 1226 561 1274 de
571 1226 715 1276 venatione
725 1241 781 1285 sua,
794 1229 846 1277 “et
857 1229 920 1284 edit.
932 1238 959 1278 et
971 1230 1081 1279 adduxit
1094 1230 1130 1279 illi
1139 1231 1180 1278 vin

243 1301 270 1339 et
282 1291 348 1339 bibit
358 1291 381 1348 ;”
398 1306 429 1339 ae
443 1291 501 1340 isac
518 1292 654 1341 benedixit
671 1293 717 1350 illi,
732 1293 833 1350 dicens,
850 1293 958 1343 “Dabit
976 1296 1024 1343 tibi
1044 1295 1116 1345 Deus
1128 1297 1181 1344 der

244 1356 318 1414 caeli,
327 1365 353 1405 et
361 1356 393 1404 de
402 1357 607 1418 pinguedinibus
615 1366 710 1415 terrae,
720 1366 746 1406 et
754 1358 952 1407 multitudinem
960 1358 1088 1408 {rumenti
1096 1372 1122 1409 et
1130 1374 1181 1409 mus

244 1422 318 1483 (Gen.
328 1422 408 1471 xxvii.
419 1434 459 1482 25,
470 1433 509 1480 27,
520 1423 560 1478 28,
570 1424 626 1483 37):

115 1554 170 1637 qui
183 1574 250 1617 non
261 1555 370 1617 sciunt
384 1554 473 1636 quod
485 1552 634 1618 Verbum
649 1556 681 1617 in
695 1554 834 1636 singulis
845 1557 888 1619 sit
901 1557 1085 1638 spirituale,
1096 1557 1181 1621 crede

114 1658 256 1730 possunt
275 1648 364 1731 quod
388 1669 447 1729 per
466 1648 650 1711 “Isaeum”
668 1648 722 1711 hic
741 1648 952 1730 intelligatur
971 1650 1096 1724 Isacus,
1116 1663 1149 1714 et
1170 1673 1181 1733 1

115 1749 134 1774 ‘⁴
144 1741 330 1823 Jacobum”
341 1743 497 1824 Jacobus,
511 1762 549 1805 ac
563 1744 641 1806 inde
653 1744 743 1826 quod
756 1764 814 1825 per
828 1745 1080 1826 “pinguedines
1094 1757 1181 1809 terra

113 1846 148 1899 et
168 1857 227 1918 per
244 1837 472 1899 “frumentum
493 1847 527 1900 et
547 1848 694 1900 mustum
703 1836 718 1860 ”
735 1857 801 1899 non
821 1837 887 1900 alia
903 1860 989 1920 quae
1008 1838 1145 1902 altiora:
1167 1860 1181 1901 s

114 1951 173 2012 per
192 1931 323 1995 isacum
342 1932 385 1994 ibi
405 1933 722 2014 repraesentabatur
740 1931 916 2007 Dominus,
937 1943 972 1995 et
991 1954 1050 2015 per
1068 1932 1181 2014 Jacobt

113 2023 275 2102 ecclesia;
299 2025 376 2087 inde
393 2032 451 2106 pel
465 2025 713 2107 “pinguedines
729 2036 838 2088 terrae
847 2025 862 2049 ”
875 2025 1035 2089 caelestia
1051 2048 1136 2109 quae
1150 2048 1181 2089 su

112 2119 192 2182 boni
204 2121 337 2192 amoris,
351 2130 385 2183 et
402 2141 461 2201 per
474 2126 493 2152 ‘⁴
503 2121 705 2183 frumentum
718 2131 754 2183 et
771 2130 917 2183 mustum
926 2120 941 2144 ''
954 2141 1055 2184 omne
1068 2120 1181 2185 ecclesi

112 2212 240 2274 bonum
253 2221 288 2275 ei
301 2230 428 2274 verum.
461 2228 520 2285 (Sed
530 2228 600 2272 etiarn
609 2228 669 2272 haec
678 2228 803 2272 videantur
811 2227 929 2285 explicata
938 2227 962 2272 in
971 2228 1075 2272 Ananis
1086 2227 1181 2274 Caelesti

112 2327 136 2359 n.
148 2324 215 2372 3570,
226 2325 293 2372 3579,
305 2315 384 2372 3380.)
426 2296 531 2380 Apud
551 2296 709 2371 eundem,

163 2429 216 2479 “Si
227 2429 381 2478 audiveritis
396 2438 537 2491 praecepta
549 2443 609 2477 mea
612 2465 681 2485 .....
686 2429 756 2477 dabo
770 2428 888 2496 pluviam
903 2438 990 2478 terrae
1003 2438 1108 2479 vestrae
1122 2430 1148 2478 in
1161 2438 1181 2479 te

242 2509 306 2556 pore
320 2509 369 2542 suo
382 2494 569 2556 tempestivam
582 2504 608 2542 et
621 2495 766 2543 serotinam
780 2509 785 2546 ;
803 2504 829 2542 et
841 2494 952 2556 colliges
966 2494 1129 2543 [rumentum
1143 2503 1181 2543 tuu

241 2572 268 2608 et
280 2569 396 2608 mustum
410 2568 493 2617 tuum,
508 2568 535 2607 et
546 2560 635 2607 oleum
649 2569 722 2607 tuurn
731 2558 745 2576 “’
757 2559 859 2618 (Deutr.
876 2567 907 2614 xl.
921 2572 958 2618 13,
973 2563 1027 2619 tel:

111 2693 175 2756 hae
201 2700 311 2755 terrae
338 2688 590 2755 benedidiiones
617 2692 801 2773 promissae
827 2700 906 2753 sunt
934 2689 1008 2753 filiis
1035 2690 1175 2766 Israelis,

111 2788 317 2850 audivissent
334 2796 368 2848 et
385 2785 542 2848 iecissent
559 2795 740 2866 praecepta
754 2785 914 2866 Jehovae,
929 2806 1014 2867 quas
1028 2789 1131 2849 etiam
1146 2806 1181 2848 co

111 2882 218 2945 secuti
229 2891 318 2953 sunt,
332 2901 377 2942 ex
390 2900 490 2942 causa
503 2880 580 2961 quia
591 2880 679 2960 apud
696 2878 772 2941 illos
785 2878 927 2941 ecclesia
940 2880 1181 2959 repraesentati

110 2985 194 3049 erat,
214 2985 248 3038 et
268 2995 354 3057 quae
372 2970 463 3036 dieta
481 2984 515 3035 et
535 2973 697 3035 mandata
718 2983 796 3035 sunt
819 2994 838 3035 a
855 2972 1010 3053 Jehovah
1029 2994 1181 3055 correspo

110 3070 237 3134 debant
257 3067 493 3151 spiritualibus,
514 3068 561 3129 ita
582 3068 646 3129 hae
665 3077 774 3129 terrae
793 3064 1046 3130 benedietiones
1070 3068 1181 3131 bened:

110 3164 257 3227 tionibus
280 3161 374 3226 caeli.
428 3159 688 3224 Benedictiones
713 3160 796 3223 caeli
820 3160 938 3243 quibus
962 3162 1181 3243 corresponde

109 3255 362 3321 benedietiones
385 3264 505 3329 terrae,
526 3276 562 3318 se
585 3255 731 3318 referunt
755 3274 873 3318 omnes
896 3256 939 3317 ad
963 3255 1020 3318 illa
1043 3277 1129 3337 quae
1151 3278 1181 3319 su

109 3353 188 3415 boni
204 3353 328 3414 amoris
343 3361 377 3415 et
394 3351 463 3413 veri
480 3348 577 3426 fidei;
601 3369 703 3431 quare
719 3370 778 3431 per
795 3349 971 3431 “pluviam
989 3352 1181 3431 tempestive

109 3456 144 3509 et
171 3448 355 3510 serotinam
367 3445 381 3470 ''
408 3442 639 3525 significantur
666 3444 729 3506 hae
757 3440 1032 3518 benedietiones;
1065 3463 1143 3507 nam
1170 3466 1181 3527 1

111 3539 286 3622 “pluviam
296 3540 311 3563 ”
334 3541 365 3602 in
390 3540 501 3619 specie
525 3535 731 3619 significatur
755 3536 912 3599 Divinum
937 3536 1065 3600 Verum
1088 3536 1181 3601 influe

110 3659 129 3698 e
147 3635 254 3706 caelo,
274 3656 318 3696 ex
338 3655 404 3716 quo
424 3642 616 3706 nascuntur,
637 3641 792 3694 crescunt
812 3640 847 3694 et
866 3631 1096 3712 producuntur
1115 3652 1181 3695 omr

109 3729 272 3792 ecclesiae
291 3737 326 3790 et
350 3726 433 3789 caeli
457 3726 546 3807 apud
569 3726 760 3799 hominem;
784 3745 886 3806 quare
905 3745 963 3806 per
983 3724 1180 3789 “frumentu

109 3833 255 3885 mustum
269 3831 303 3884 et
317 3821 428 3884 oleum
438 3819 452 3843 ”
463 3840 548 3901 quae
561 3818 735 3898 colligent,
746 3817 977 3898 significantur
988 3838 1088 3882 omne
1102 3819 1181 3883 bont

108 3927 144 3980 et
163 3936 277 3980 verum
296 3915 430 3979 externi
449 3926 483 3977 et
503 3913 625 3975 interni
644 3913 798 3975 hominis.
844 3911 947 3994 Apud
967 3912 1124 3987 eundern,

160 4064 177 4084 ‘⁸
186 4059 227 4110 Ita
234 4060 364 4109 habitavit
373 4058 455 4108 Israel
465 4073 565 4115 secure,
576 4057 712 4106 solitarius
719 4056 753 4105 ad
762 4056 864 4105 iontem
873 4056 974 4121 Jacobi,
985 4058 1013 4106 in
1020 4059 1181 4109 terrairumr

238 4135 265 4175 et
277 4126 365 4182 musti,
380 4125 460 4173 etiam
473 4124 538 4172 caeli
551 4123 609 4184 ejus
621 4123 760 4170 stillabant
773 4137 859 4171 rorem
869 4122 882 4141 '¹
895 4122 997 4183 (Deulr.
1008 4124 1100 4173 xxxiii.
1112 4126 1169 4187 abl:

108 4259 191 4323 haec
211 4267 283 4320 erat
303 4254 452 4319 clausula
470 4251 741 4318 benedietionum
761 4253 902 4317 filiorum
922 4255 1056 4317 Israelis
1074 4275 1095 4318 a
1118 4256 1181 4320 Mo

109 4353 163 4417 ubi
186 4352 384 4435 prophetica
402 4350 525 4424 omnia,
545 4357 580 4411 et
604 4368 663 4430 per
682 4349 936 4430 unumquemvis
959 4347 1063 4412 filium
1086 4370 1146 4413 seu
1168 4370 1181 4432 1

109 4447 364 4529 unamquamvis
388 4443 510 4507 tribum
536 4441 668 4506 Israelis
691 4441 896 4524 significatur
915 4443 1038 4525 aliquid
1063 4446 1181 4510 eccles
