<?xml version="1.0" encoding="UTF-8"?>
<!DOCTYPE html PUBLIC "-//W3C//DTD XHTML 1.0 Transitional//EN"
    "http://www.w3.org/TR/xhtml1/DTD/xhtml1-transitional.dtd">
<html xmlns="http://www.w3.org/1999/xhtml" xml:lang="en" lang="en">
 <head>
  <title>
</title>
<meta http-equiv="Content-Type" content="text/html;charset=utf-8" />
  <meta name='ocr-system' content='tesseract 3.04.00' />
  <meta name='ocr-capabilities' content='ocr_page ocr_carea ocr_par ocr_line ocrx_word'/>
</head>
<body>
  <div class='ocr_page' id='page_1' title='image "./apocalypsisexpl00swedgoog_0461.png"; bbox 0 0 2684 4988; ppageno 0'>
   <div class='ocr_carea' id='block_1_1' title="bbox 302 521 1137 605">
    <p class='ocr_par' dir='ltr' id='par_1_1' title="bbox 302 521 1137 605">
     <span class='ocr_line' id='line_1_1' title="bbox 302 521 1137 605; baseline 0 -19"><span class='ocrx_word' id='word_1_1' title='bbox 302 536 381 587; x_wconf 75' lang='lat' dir='ltr'>cnr.</span> <span class='ocrx_word' id='word_1_2' title='bbox 398 536 473 599; x_wconf 73' lang='lat' dir='ltr'>vu,</span> <span class='ocrx_word' id='word_1_3' title='bbox 491 536 594 586; x_wconf 79' lang='lat' dir='ltr'>vans.</span> <span class='ocrx_word' id='word_1_4' title='bbox 611 536 722 605; x_wconf 79' lang='lat' dir='ltr'>7.-u.</span> <span class='ocrx_word' id='word_1_5' title='bbox 737 521 864 605; x_wconf 78' lang='lat' dir='ltr'>444[b].</span> <span class='ocrx_word' id='word_1_6' title='bbox 1060 539 1137 605; x_wconf 84' lang='lat'>1125</span> 
     </span>
    </p>
   </div>
   <div class='ocr_carea' id='block_1_2' title="bbox 104 706 1139 902">
    <p class='ocr_par' dir='ltr' id='par_1_2' title="bbox 104 706 1139 902">
     <span class='ocr_line' id='line_1_2' title="bbox 104 706 1139 772; baseline 0.001 -17"><span class='ocrx_word' id='word_1_7' title='bbox 104 706 187 756; x_wconf 76' lang='lat' dir='ltr'>iimiie</span> <span class='ocrx_word' id='word_1_8' title='bbox 206 717 250 756; x_wconf 90' lang='lat' dir='ltr'>est</span> <span class='ocrx_word' id='word_1_9' title='bbox 268 721 380 769; x_wconf 77' lang='lat' dir='ltr'>regnum</span> <span class='ocrx_word' id='word_1_10' title='bbox 394 708 530 756; x_wconf 89' lang='lat' dir='ltr'>caelorum</span> <span class='ocrx_word' id='word_1_11' title='bbox 548 708 651 757; x_wconf 88' lang='lat' dir='ltr'>homini</span> <span class='ocrx_word' id='word_1_12' title='bbox 669 708 839 770; x_wconf 80' lang='lat' dir='ltr'>negotiatori,</span> <span class='ocrx_word' id='word_1_13' title='bbox 860 709 997 772; x_wconf 83' lang='lat' dir='ltr'>quaerenti</span> <span class='ocrx_word' id='word_1_14' title='bbox 1016 709 1139 770; x_wconf 89' lang='lat' dir='ltr'>pulchras</span> 
     </span>
     <span class='ocr_line' id='line_1_3' title="bbox 149 773 1139 836; baseline 0.003 -16"><span class='ocrx_word' id='word_1_15' title='bbox 149 774 320 834; x_wconf 79' lang='lat' dir='ltr'>margaritas,</span> <span class='ocrx_word' id='word_1_16' title='bbox 330 774 374 836; x_wconf 91' lang='lat' dir='ltr'>qui</span> <span class='ocrx_word' id='word_1_17' title='bbox 383 788 443 821; x_wconf 89' lang='lat' dir='ltr'>eum</span> <span class='ocrx_word' id='word_1_18' title='bbox 453 773 600 822; x_wconf 86' lang='lat' dir='ltr'>invenisset</span> <span class='ocrx_word' id='word_1_19' title='bbox 608 787 688 822; x_wconf 86' lang='lat' dir='ltr'>uuam</span> <span class='ocrx_word' id='word_1_20' title='bbox 699 774 843 834; x_wconf 79' lang='lat' dir='ltr'>pretiosam</span> <span class='ocrx_word' id='word_1_21' title='bbox 855 774 1034 835; x_wconf 80' lang='lat' dir='ltr'>margaritam,</span> <span class='ocrx_word' id='word_1_22' title='bbox 1045 775 1139 824; x_wconf 89' lang='lat' dir='ltr'>abiens</span> 
     </span>
     <span class='ocr_line' id='line_1_4' title="bbox 151 837 969 902; baseline 0.006 -17"><span class='ocrx_word' id='word_1_23' title='bbox 151 839 276 886; x_wconf 88' lang='lat' dir='ltr'>vendidit</span> <span class='ocrx_word' id='word_1_24' title='bbox 287 839 379 886; x_wconf 85' lang='lat' dir='ltr'>omnia</span> <span class='ocrx_word' id='word_1_25' title='bbox 391 852 458 902; x_wconf 89' lang='lat' dir='ltr'>quae</span> <span class='ocrx_word' id='word_1_26' title='bbox 470 838 563 888; x_wconf 86' lang='lat' dir='ltr'>habuit</span> <span class='ocrx_word' id='word_1_27' title='bbox 575 847 601 887; x_wconf 88' lang='lat' dir='ltr'>et</span> <span class='ocrx_word' id='word_1_28' title='bbox 613 838 678 887; x_wconf 88' lang='lat' dir='ltr'>emit</span> <span class='ocrx_word' id='word_1_29' title='bbox 690 837 771 887; x_wconf 87' lang='lat' dir='ltr'>eam’&#39;</span> <span class='ocrx_word' id='word_1_30' title='bbox 783 838 848 897; x_wconf 85' lang='lat' dir='ltr'>(xiii.</span> <span class='ocrx_word' id='word_1_31' title='bbox 859 851 900 898; x_wconf 84' lang='lat'>45,</span> <span class='ocrx_word' id='word_1_32' title='bbox 912 839 969 899; x_wconf 79' lang='lat'><strong>46):</strong></span> 
     </span>
    </p>
   </div>
   <div class='ocr_carea' id='block_1_3' title="bbox 104 962 1140 1049">
    <p class='ocr_par' dir='ltr' id='par_1_3' title="bbox 104 962 1140 1049">
     <span class='ocr_line' id='line_1_5' title="bbox 104 962 1140 1049; baseline 0.001 -19"><span class='ocrx_word' id='word_1_33' title='bbox 104 966 266 1048; x_wconf 80' lang='lat' dir='ltr'>trgarlta”</span> <span class='ocrx_word' id='word_1_34' title='bbox 291 967 461 1049; x_wconf 75' lang='lat' dir='ltr'>Significat</span> <span class='ocrx_word' id='word_1_35' title='bbox 487 987 615 1032; x_wconf 82' lang='lat' dir='ltr'>verum.</span> <span class='ocrx_word' id='word_1_36' title='bbox 666 973 751 1042; x_wconf 77' lang='lat' dir='ltr'>(Quod</span> <span class='ocrx_word' id='word_1_37' title='bbox 765 998 814 1029; x_wconf 92' lang='lat' dir='ltr'>non</span> <span class='ocrx_word' id='word_1_38' title='bbox 828 962 925 1030; x_wconf 83' lang='lat' dir='ltr'>aliunde</span> <span class='ocrx_word' id='word_1_39' title='bbox 941 985 971 1030; x_wconf 88' lang='lat' dir='ltr'>sit</span> <span class='ocrx_word' id='word_1_40' title='bbox 987 985 1078 1030; x_wconf 88' lang='lat' dir='ltr'>homini</span> <span class='ocrx_word' id='word_1_41' title='bbox 1092 986 1140 1031; x_wconf 80' lang='lat' dir='ltr'>vita</span> 
     </span>
    </p>
   </div>
   <div class='ocr_carea' id='block_1_4' title="bbox 104 1060 1140 1144">
    <p class='ocr_par' dir='ltr' id='par_1_4' title="bbox 104 1060 1140 1144">
     <span class='ocr_line' id='line_1_6' title="bbox 104 1060 1140 1144; baseline 0.002 -40"><span class='ocrx_word' id='word_1_42' title='bbox 104 1073 121 1104; x_wconf 78' lang='grc' dir='ltr'>ιι</span> <span class='ocrx_word' id='word_1_43' title='bbox 130 1073 200 1117; x_wconf 85' lang='lat' dir='ltr'>quam</span> <span class='ocrx_word' id='word_1_44' title='bbox 212 1073 257 1119; x_wconf 86' lang='lat' dir='ltr'>per</span> <span class='ocrx_word' id='word_1_45' title='bbox 267 1073 324 1105; x_wconf 86' lang='lat' dir='ltr'>vera</span> <span class='ocrx_word' id='word_1_46' title='bbox 339 1074 368 1104; x_wconf 85' lang='lat' dir='ltr'>ex</span> <span class='ocrx_word' id='word_1_47' title='bbox 384 1060 449 1105; x_wconf 87' lang='lat' dir='ltr'>bono</span> <span class='ocrx_word' id='word_1_48' title='bbox 482 1061 531 1105; x_wconf 89' lang='lat' dir='ltr'>uod</span> <span class='ocrx_word' id='word_1_49' title='bbox 547 1061 692 1144; x_wconf 65' lang='lat' dir='ltr'>²}„D⁰¹.¹¹³¹¹⁰·</span> <span class='ocrx_word' id='word_1_50' title='bbox 703 1060 812 1105; x_wconf 73' lang='lat' dir='ltr'>videatur</span> <span class='ocrx_word' id='word_1_51' title='bbox 822 1060 846 1104; x_wconf 92' lang='lat' dir='ltr'>in</span> <span class='ocrx_word' id='word_1_52' title='bbox 858 1061 978 1104; x_wconf 68' lang='lat' dir='ltr'>Dalmata</span> <span class='ocrx_word' id='word_1_53' title='bbox 988 1062 1072 1106; x_wconf 85' lang='lat' dir='ltr'>Novae</span> <span class='ocrx_word' id='word_1_54' title='bbox 1082 1061 1140 1106; x_wconf 81' lang='lat' dir='ltr'>Hie·</span> 
     </span>
    </p>
   </div>
   <div class='ocr_carea' id='block_1_5' title="bbox 104 1116 1138 1387">
    <p class='ocr_par' dir='ltr' id='par_1_5' title="bbox 104 1116 1138 1387">
     <span class='ocr_line' id='line_1_7' title="bbox 104 1116 1138 1199; baseline 0.001 -20"><span class='ocrx_word' id='word_1_55' title='bbox 104 1134 280 1193; x_wconf 60' lang='lat' dir='ltr'>umam.)</span> <span class='ocrx_word' id='word_1_56' title='bbox 323 1116 426 1199; x_wconf 87' lang='lat' dir='ltr'>Quod</span> <span class='ocrx_word' id='word_1_57' title='bbox 446 1124 466 1151; x_wconf 83' lang='lat'>‘⁴</span> <span class='ocrx_word' id='word_1_58' title='bbox 507 1139 561 1180; x_wconf 82' lang='lat' dir='ltr'>evi</span> <span class='ocrx_word' id='word_1_59' title='bbox 602 1117 773 1199; x_wconf 79' lang='lat' dir='ltr'>significet</span> <span class='ocrx_word' id='word_1_60' title='bbox 796 1137 949 1180; x_wconf 90' lang='lat' dir='ltr'>amorem</span> <span class='ocrx_word' id='word_1_61' title='bbox 967 1128 1003 1181; x_wconf 90' lang='lat' dir='ltr'>et</span> <span class='ocrx_word' id='word_1_62' title='bbox 1026 1118 1138 1181; x_wconf 91' lang='lat' dir='ltr'>chari·</span> 
     </span>
     <span class='ocr_line' id='line_1_8' title="bbox 104 1210 1138 1293; baseline 0.001 -21"><span class='ocrx_word' id='word_1_63' title='bbox 104 1229 141 1285; x_wconf 91' lang='lat' dir='ltr'>m,</span> <span class='ocrx_word' id='word_1_64' title='bbox 168 1220 306 1273; x_wconf 89' lang='lat' dir='ltr'>constat</span> <span class='ocrx_word' id='word_1_65' title='bbox 334 1231 378 1272; x_wconf 90' lang='lat' dir='ltr'>ex</span> <span class='ocrx_word' id='word_1_66' title='bbox 408 1210 498 1273; x_wconf 88' lang='lat' dir='ltr'>Leae</span> <span class='ocrx_word' id='word_1_67' title='bbox 531 1211 648 1273; x_wconf 87' lang='lat' dir='ltr'>matris</span> <span class='ocrx_word' id='word_1_68' title='bbox 674 1210 744 1291; x_wconf 90' lang='lat' dir='ltr'>ejus</span> <span class='ocrx_word' id='word_1_69' title='bbox 771 1210 881 1273; x_wconf 89' lang='lat' dir='ltr'>verbis</span> <span class='ocrx_word' id='word_1_70' title='bbox 909 1229 985 1273; x_wconf 86' lang='lat' dir='ltr'>curn</span> <span class='ocrx_word' id='word_1_71' title='bbox 1009 1212 1138 1293; x_wconf 84' lang='lat' dir='ltr'>peperit</span> 
     </span>
     <span class='ocr_line' id='line_1_9' title="bbox 104 1305 443 1387; baseline 0 -21"><span class='ocrx_word' id='word_1_72' title='bbox 104 1325 129 1379; x_wconf 92' lang='lat' dir='ltr'>n,</span> <span class='ocrx_word' id='word_1_73' title='bbox 146 1324 231 1387; x_wconf 88' lang='lat' dir='ltr'>quae</span> <span class='ocrx_word' id='word_1_74' title='bbox 251 1305 333 1367; x_wconf 90' lang='lat' dir='ltr'>haec</span> <span class='ocrx_word' id='word_1_75' title='bbox 354 1315 443 1377; x_wconf 90' lang='lat' dir='ltr'>sunt,</span> 
     </span>
    </p>
   </div>
   <div class='ocr_carea' id='block_1_6' title="bbox 105 1448 1140 1641">
    <p class='ocr_par' dir='ltr' id='par_1_6' title="bbox 105 1448 1140 1641">
     <span class='ocr_line' id='line_1_10' title="bbox 105 1448 1140 1510; baseline -0.002 -11"><span class='ocrx_word' id='word_1_76' title='bbox 105 1449 191 1499; x_wconf 78' lang='lat' dir='ltr'>tLeah</span> <span class='ocrx_word' id='word_1_77' title='bbox 206 1449 354 1510; x_wconf 83' lang='lat' dir='ltr'>“concepit</span> <span class='ocrx_word' id='word_1_78' title='bbox 366 1449 451 1497; x_wconf 85' lang='lat' dir='ltr'>adhuc</span> <span class='ocrx_word' id='word_1_79' title='bbox 464 1458 490 1497; x_wconf 90' lang='lat' dir='ltr'>et</span> <span class='ocrx_word' id='word_1_80' title='bbox 505 1449 607 1510; x_wconf 89' lang='lat' dir='ltr'>peperit</span> <span class='ocrx_word' id='word_1_81' title='bbox 619 1449 711 1506; x_wconf 81' lang='lat' dir='ltr'>filium,</span> <span class='ocrx_word' id='word_1_82' title='bbox 725 1458 752 1498; x_wconf 93' lang='lat' dir='ltr'>et</span> <span class='ocrx_word' id='word_1_83' title='bbox 769 1448 845 1506; x_wconf 84' lang='lat' dir='ltr'>dixit,</span> <span class='ocrx_word' id='word_1_84' title='bbox 861 1448 938 1498; x_wconf 92' lang='lat' dir='ltr'>Nunc</span> <span class='ocrx_word' id='word_1_85' title='bbox 955 1448 1005 1498; x_wconf 86' lang='lat' dir='ltr'>hac</span> <span class='ocrx_word' id='word_1_86' title='bbox 1019 1450 1076 1497; x_wconf 87' lang='lat' dir='ltr'>vice</span> <span class='ocrx_word' id='word_1_87' title='bbox 1094 1449 1140 1498; x_wconf 86' lang='lat' dir='ltr'>ad-</span> 
     </span>
     <span class='ocr_line' id='line_1_11' title="bbox 152 1514 1140 1577; baseline 0 -14"><span class='ocrx_word' id='word_1_88' title='bbox 152 1515 272 1563; x_wconf 87' lang='lat' dir='ltr'>haerebit</span> <span class='ocrx_word' id='word_1_89' title='bbox 284 1514 325 1561; x_wconf 88' lang='lat' dir='ltr'>vir</span> <span class='ocrx_word' id='word_1_90' title='bbox 338 1528 412 1561; x_wconf 90' lang='lat' dir='ltr'>meus</span> <span class='ocrx_word' id='word_1_91' title='bbox 425 1514 458 1562; x_wconf 87' lang='lat' dir='ltr'>ad</span> <span class='ocrx_word' id='word_1_92' title='bbox 473 1529 525 1569; x_wconf 90' lang='lat' dir='ltr'>me,</span> <span class='ocrx_word' id='word_1_93' title='bbox 540 1515 602 1576; x_wconf 89' lang='lat' dir='ltr'>quia</span> <span class='ocrx_word' id='word_1_94' title='bbox 619 1515 709 1577; x_wconf 84' lang='lat' dir='ltr'>peperi</span> <span class='ocrx_word' id='word_1_95' title='bbox 722 1514 746 1563; x_wconf 96' lang='lat' dir='ltr'>ei</span> <span class='ocrx_word' id='word_1_96' title='bbox 764 1523 819 1566; x_wconf 89' lang='lat' dir='ltr'>tres</span> <span class='ocrx_word' id='word_1_97' title='bbox 837 1514 920 1574; x_wconf 81' lang='lat' dir='ltr'>n1i0s;</span> <span class='ocrx_word' id='word_1_98' title='bbox 939 1523 1081 1577; x_wconf 88' lang='lat' dir='ltr'>propterea</span> <span class='ocrx_word' id='word_1_99' title='bbox 1093 1530 1140 1563; x_wconf 89' lang='lat' dir='ltr'>vo·</span> 
     </span>
     <span class='ocr_line' id='line_1_12' title="bbox 150 1578 741 1641; baseline 0 -13"><span class='ocrx_word' id='word_1_100' title='bbox 150 1581 221 1629; x_wconf 87' lang='lat' dir='ltr'>cavit</span> <span class='ocrx_word' id='word_1_101' title='bbox 234 1593 334 1627; x_wconf 91' lang='lat' dir='ltr'>nornen</span> <span class='ocrx_word' id='word_1_102' title='bbox 346 1579 406 1641; x_wconf 88' lang='lat' dir='ltr'>ejus</span> <span class='ocrx_word' id='word_1_103' title='bbox 420 1578 504 1627; x_wconf 85' lang='lat' dir='ltr'>Levi”</span> <span class='ocrx_word' id='word_1_104' title='bbox 517 1580 589 1638; x_wconf 82' lang='lat' dir='ltr'>(Gen.</span> <span class='ocrx_word' id='word_1_105' title='bbox 602 1580 673 1628; x_wconf 81' lang='lat' dir='ltr'>xxix.</span> <span class='ocrx_word' id='word_1_106' title='bbox 685 1579 741 1639; x_wconf 87' lang='lat'><strong>34):</strong></span> 
     </span>
    </p>
   </div>
   <div class='ocr_carea' id='block_1_7' title="bbox 104 1696 1140 2170">
    <p class='ocr_par' dir='ltr' id='par_1_7' title="bbox 104 1696 1140 2170">
     <span class='ocr_line' id='line_1_13' title="bbox 104 1696 1138 1795; baseline 0.002 -21"><span class='ocrx_word' id='word_1_107' title='bbox 104 1713 207 1792; x_wconf 90' lang='lat' dir='ltr'>ncepit</span> <span class='ocrx_word' id='word_1_108' title='bbox 223 1711 333 1774; x_wconf 88' lang='lat' dir='ltr'>adhuc</span> <span class='ocrx_word' id='word_1_109' title='bbox 351 1721 385 1774; x_wconf 91' lang='lat' dir='ltr'>et</span> <span class='ocrx_word' id='word_1_110' title='bbox 405 1696 535 1792; x_wconf 68' lang='lat' dir='ltr'>pepe&#39;rit</span> <span class='ocrx_word' id='word_1_111' title='bbox 553 1711 655 1774; x_wconf 87' lang='lat' dir='ltr'>filiurn</span> <span class='ocrx_word' id='word_1_112' title='bbox 666 1710 681 1735; x_wconf 86' lang='lat'>&#39;’</span> <span class='ocrx_word' id='word_1_113' title='bbox 694 1711 862 1793; x_wconf 86' lang='lat' dir='ltr'>significat</span> <span class='ocrx_word' id='word_1_114' title='bbox 879 1713 1138 1795; x_wconf 86' lang='lat' dir='ltr'>conceptionem</span> 
     </span>
     <span class='ocr_line' id='line_1_14' title="bbox 104 1806 1138 1892; baseline 0.003 -25"><span class='ocrx_word' id='word_1_115' title='bbox 104 1816 208 1869; x_wconf 69' lang='lat' dir='ltr'>»artum</span> <span class='ocrx_word' id='word_1_116' title='bbox 228 1806 458 1892; x_wconf 72' lang='lat' dir='ltr'>spiritualem,</span> <span class='ocrx_word' id='word_1_117' title='bbox 484 1814 549 1868; x_wconf 82' lang='lat' dir='ltr'>“et</span> <span class='ocrx_word' id='word_1_118' title='bbox 569 1806 667 1880; x_wconf 86' lang='lat' dir='ltr'>dixit,</span> <span class='ocrx_word' id='word_1_119' title='bbox 685 1806 783 1868; x_wconf 89' lang='lat' dir='ltr'>Nunc</span> <span class='ocrx_word' id='word_1_120' title='bbox 804 1807 866 1869; x_wconf 88' lang='lat' dir='ltr'>hac</span> <span class='ocrx_word' id='word_1_121' title='bbox 883 1808 956 1869; x_wconf 90' lang='lat' dir='ltr'>vice</span> <span class='ocrx_word' id='word_1_122' title='bbox 975 1807 1138 1870; x_wconf 86' lang='lat' dir='ltr'>adhaere·</span> 
     </span>
     <span class='ocr_line' id='line_1_15' title="bbox 105 1898 1140 1984; baseline 0.003 -22"><span class='ocrx_word' id='word_1_123' title='bbox 105 1901 147 1962; x_wconf 86' lang='lat' dir='ltr'>vir</span> <span class='ocrx_word' id='word_1_124' title='bbox 172 1920 267 1962; x_wconf 87' lang='lat' dir='ltr'>meus</span> <span class='ocrx_word' id='word_1_125' title='bbox 295 1900 338 1961; x_wconf 92' lang='lat' dir='ltr'>ad</span> <span class='ocrx_word' id='word_1_126' title='bbox 365 1898 448 1973; x_wconf 86' lang='lat' dir='ltr'>me,’&#39;</span> <span class='ocrx_word' id='word_1_127' title='bbox 476 1898 645 1981; x_wconf 83' lang='lat' dir='ltr'>significat</span> <span class='ocrx_word' id='word_1_128' title='bbox 672 1920 823 1962; x_wconf 90' lang='lat' dir='ltr'>amorem</span> <span class='ocrx_word' id='word_1_129' title='bbox 852 1902 1059 1981; x_wconf 88' lang='lat' dir='ltr'>spiritualem</span> <span class='ocrx_word' id='word_1_130' title='bbox 1082 1924 1140 1984; x_wconf 90' lang='lat' dir='ltr'>per</span> 
     </span>
     <span class='ocr_line' id='line_1_16' title="bbox 104 1990 1139 2077; baseline 0.002 -21"><span class='ocrx_word' id='word_1_131' title='bbox 104 1990 337 2074; x_wconf 69' lang='lat' dir='ltr'>nconjunfflo,</span> <span class='ocrx_word' id='word_1_132' title='bbox 351 2014 409 2055; x_wconf 91' lang='lat' dir='ltr'>seu</span> <span class='ocrx_word' id='word_1_133' title='bbox 422 1993 624 2057; x_wconf 83' lang='lat' dir='ltr'>charitatem</span> <span class='ocrx_word' id='word_1_134' title='bbox 637 2016 645 2071; x_wconf 90' lang='lat'>;</span> <span class='ocrx_word' id='word_1_135' title='bbox 667 2000 686 2026; x_wconf 83' lang='lat'>‘⁴</span> <span class='ocrx_word' id='word_1_136' title='bbox 695 1995 771 2076; x_wconf 89' lang='lat' dir='ltr'>quia</span> <span class='ocrx_word' id='word_1_137' title='bbox 784 1997 896 2077; x_wconf 87' lang='lat' dir='ltr'>peperi</span> <span class='ocrx_word' id='word_1_138' title='bbox 909 1996 938 2056; x_wconf 92' lang='lat' dir='ltr'>ei</span> <span class='ocrx_word' id='word_1_139' title='bbox 951 2005 1020 2058; x_wconf 90' lang='lat' dir='ltr'>tres</span> <span class='ocrx_word' id='word_1_140' title='bbox 1031 1996 1116 2058; x_wconf 84' lang='lat' dir='ltr'>lilios</span> <span class='ocrx_word' id='word_1_141' title='bbox 1125 1996 1139 2021; x_wconf 84' lang='lat'>&#39;¹</span> 
     </span>
     <span class='ocr_line' id='line_1_17' title="bbox 107 2086 1139 2170; baseline 0.004 -22"><span class='ocrx_word' id='word_1_142' title='bbox 107 2086 187 2151; x_wconf 83' lang='lat' dir='ltr'>licat</span> <span class='ocrx_word' id='word_1_143' title='bbox 221 2088 468 2164; x_wconf 88' lang='lat' dir='ltr'>successivum;</span> <span class='ocrx_word' id='word_1_144' title='bbox 505 2094 714 2170; x_wconf 85' lang='lat' dir='ltr'>“propterea</span> <span class='ocrx_word' id='word_1_145' title='bbox 746 2089 881 2150; x_wconf 88' lang='lat' dir='ltr'>vocavit</span> <span class='ocrx_word' id='word_1_146' title='bbox 916 2109 1039 2152; x_wconf 89' lang='lat' dir='ltr'>nomen</span> <span class='ocrx_word' id='word_1_147' title='bbox 1070 2091 1139 2170; x_wconf 87' lang='lat' dir='ltr'>ejus</span> 
     </span>
    </p>
   </div>
   <div class='ocr_carea' id='block_1_8' title="bbox 104 2180 1139 2340">
    <p class='ocr_par' dir='ltr' id='par_1_8' title="bbox 104 2180 1139 2340">
     <span class='ocr_line' id='line_1_18' title="bbox 104 2180 1138 2265; baseline 0.003 -21"><span class='ocrx_word' id='word_1_148' title='bbox 104 2181 130 2244; x_wconf 82' lang='lat' dir='ltr'>i&#39;’</span> <span class='ocrx_word' id='word_1_149' title='bbox 146 2182 316 2265; x_wconf 86' lang='lat' dir='ltr'>significat</span> <span class='ocrx_word' id='word_1_150' title='bbox 335 2180 608 2262; x_wconf 69' lang='lat' dir='ltr'>conjundtionem</span> <span class='ocrx_word' id='word_1_151' title='bbox 627 2202 687 2263; x_wconf 88' lang='lat' dir='ltr'>per</span> <span class='ocrx_word' id='word_1_152' title='bbox 705 2203 866 2258; x_wconf 89' lang='lat' dir='ltr'>amorem,</span> <span class='ocrx_word' id='word_1_153' title='bbox 886 2194 921 2245; x_wconf 91' lang='lat' dir='ltr'>et</span> <span class='ocrx_word' id='word_1_154' title='bbox 940 2183 1039 2265; x_wconf 89' lang='lat' dir='ltr'>quale</span> <span class='ocrx_word' id='word_1_155' title='bbox 1058 2185 1138 2265; x_wconf 90' lang='lat' dir='ltr'>ejus.</span> 
     </span>
     <span class='ocr_line' id='line_1_19' title="bbox 110 2279 1139 2340; baseline 0.002 -14"><span class='ocrx_word' id='word_1_156' title='bbox 110 2279 164 2326; x_wconf 77' lang='lat' dir='ltr'>haee</span> <span class='ocrx_word' id='word_1_157' title='bbox 185 2280 286 2325; x_wconf 85' lang='lat' dir='ltr'>ulterius</span> <span class='ocrx_word' id='word_1_158' title='bbox 308 2280 426 2336; x_wconf 72' lang='lat' dir='ltr'>explioeta</span> <span class='ocrx_word' id='word_1_159' title='bbox 446 2280 572 2324; x_wconf 84' lang='lat' dir='ltr'>videantur</span> <span class='ocrx_word' id='word_1_160' title='bbox 595 2281 620 2324; x_wconf 93' lang='lat' dir='ltr'>in</span> <span class='ocrx_word' id='word_1_161' title='bbox 642 2281 746 2325; x_wconf 81' lang='lat' dir='ltr'>Arcanis</span> <span class='ocrx_word' id='word_1_162' title='bbox 773 2281 918 2333; x_wconf 71' lang='lat' dir='ltr'>Caelestr&#39;bus,</span> <span class='ocrx_word' id='word_1_163' title='bbox 939 2295 963 2326; x_wconf 88' lang='lat' dir='ltr'>n.</span> <span class='ocrx_word' id='word_1_164' title='bbox 983 2284 1139 2340; x_wconf 84' lang='lat'>3873-3877.)</span> 
     </span>
    </p>
   </div>
   <div class='ocr_carea' id='block_1_9' title="bbox 104 2354 1141 3564">
    <p class='ocr_par' dir='ltr' id='par_1_9' title="bbox 104 2354 1141 3564">
     <span class='ocr_line' id='line_1_20' title="bbox 104 2354 1139 2438; baseline 0.006 -24"><span class='ocrx_word' id='word_1_165' title='bbox 104 2355 112 2414; x_wconf 87' lang='lat' dir='ltr'>i</span> <span class='ocrx_word' id='word_1_166' title='bbox 123 2354 288 2437; x_wconf 82' lang='lat' dir='ltr'>significat</span> <span class='ocrx_word' id='word_1_167' title='bbox 308 2354 560 2430; x_wconf 88' lang='lat' dir='ltr'>adhaesionem,</span> <span class='ocrx_word' id='word_1_168' title='bbox 581 2365 616 2418; x_wconf 90' lang='lat' dir='ltr'>et</span> <span class='ocrx_word' id='word_1_169' title='bbox 637 2355 849 2418; x_wconf 81' lang='lat' dir='ltr'>“adhaesio’&#39;</span> <span class='ocrx_word' id='word_1_170' title='bbox 868 2355 1139 2438; x_wconf 70' lang='lat' dir='ltr'>conjundiionem</span> 
     </span>
     <span class='ocr_line' id='line_1_21' title="bbox 118 2449 1138 2530; baseline 0.002 -18"><span class='ocrx_word' id='word_1_171' title='bbox 118 2469 263 2512; x_wconf 86' lang='lat' dir='ltr'>amorem</span> <span class='ocrx_word' id='word_1_172' title='bbox 298 2449 514 2530; x_wconf 90' lang='lat' dir='ltr'>spiritualem.</span> <span class='ocrx_word' id='word_1_173' title='bbox 574 2449 659 2512; x_wconf 90' lang='lat' dir='ltr'>Tres</span> <span class='ocrx_word' id='word_1_174' title='bbox 692 2450 748 2512; x_wconf 83' lang='lat' dir='ltr'>filii</span> <span class='ocrx_word' id='word_1_175' title='bbox 782 2451 873 2513; x_wconf 89' lang='lat' dir='ltr'>Leae</span> <span class='ocrx_word' id='word_1_176' title='bbox 907 2452 1023 2514; x_wconf 91' lang='lat' dir='ltr'>ordine</span> <span class='ocrx_word' id='word_1_177' title='bbox 1057 2453 1138 2526; x_wconf 86' lang='lat' dir='ltr'>nati,</span> 
     </span>
     <span class='ocr_line' id='line_1_22' title="bbox 104 2539 1140 2627; baseline 0.002 -21"><span class='ocrx_word' id='word_1_178' title='bbox 104 2545 223 2617; x_wconf 81' lang='lat' dir='ltr'>:uben,”</span> <span class='ocrx_word' id='word_1_179' title='bbox 245 2543 442 2615; x_wconf 83' lang='lat' dir='ltr'>“Simeon,”</span> <span class='ocrx_word' id='word_1_180' title='bbox 459 2554 493 2606; x_wconf 91' lang='lat' dir='ltr'>et</span> <span class='ocrx_word' id='word_1_181' title='bbox 513 2544 654 2618; x_wconf 76' lang='lat' dir='ltr'>“Levi’&#39;</span> <span class='ocrx_word' id='word_1_182' title='bbox 670 2543 862 2625; x_wconf 83' lang='lat' dir='ltr'>significant</span> <span class='ocrx_word' id='word_1_183' title='bbox 881 2547 914 2607; x_wconf 93' lang='lat' dir='ltr'>in</span> <span class='ocrx_word' id='word_1_184' title='bbox 934 2547 1018 2608; x_wconf 90' lang='lat' dir='ltr'>serie</span> <span class='ocrx_word' id='word_1_185' title='bbox 1035 2539 1140 2627; x_wconf 88' lang='lat' dir='ltr'>prima</span> 
     </span>
     <span class='ocr_line' id='line_1_23' title="bbox 104 2637 1139 2722; baseline 0.003 -22"><span class='ocrx_word' id='word_1_186' title='bbox 104 2639 231 2720; x_wconf 65' lang='lat' dir='ltr'>rimaria</span> <span class='ocrx_word' id='word_1_187' title='bbox 250 2637 445 2701; x_wconf 89' lang='lat' dir='ltr'>essentialia</span> <span class='ocrx_word' id='word_1_188' title='bbox 464 2638 648 2716; x_wconf 83' lang='lat' dir='ltr'>ecclesiae;</span> <span class='ocrx_word' id='word_1_189' title='bbox 672 2659 794 2722; x_wconf 90' lang='lat' dir='ltr'>nempe</span> <span class='ocrx_word' id='word_1_190' title='bbox 813 2660 929 2702; x_wconf 88' lang='lat' dir='ltr'>verum</span> <span class='ocrx_word' id='word_1_191' title='bbox 953 2638 1139 2714; x_wconf 69' lang='lat' dir='ltr'>intelle&amp;u‚</span> 
     </span>
     <span class='ocr_line' id='line_1_24' title="bbox 104 2730 1139 2816; baseline 0.002 -21"><span class='ocrx_word' id='word_1_192' title='bbox 104 2753 138 2795; x_wconf 89' lang='lat' dir='ltr'>un</span> <span class='ocrx_word' id='word_1_193' title='bbox 154 2733 343 2806; x_wconf 90' lang='lat' dir='ltr'>voluntate,</span> <span class='ocrx_word' id='word_1_194' title='bbox 357 2743 392 2794; x_wconf 90' lang='lat' dir='ltr'>et</span> <span class='ocrx_word' id='word_1_195' title='bbox 409 2753 524 2795; x_wconf 90' lang='lat' dir='ltr'>verum</span> <span class='ocrx_word' id='word_1_196' title='bbox 542 2730 629 2807; x_wconf 66' lang='lat' dir='ltr'>adiu,</span> <span class='ocrx_word' id='word_1_197' title='bbox 643 2732 763 2795; x_wconf 89' lang='lat' dir='ltr'>similia</span> <span class='ocrx_word' id='word_1_198' title='bbox 780 2754 854 2795; x_wconf 91' lang='lat' dir='ltr'>curn</span> <span class='ocrx_word' id='word_1_199' title='bbox 873 2735 978 2796; x_wconf 88' lang='lat' dir='ltr'>tribus</span> <span class='ocrx_word' id='word_1_200' title='bbox 995 2735 1139 2816; x_wconf 89' lang='lat' dir='ltr'>discipu·</span> 
     </span>
     <span class='ocr_line' id='line_1_25' title="bbox 104 2824 1140 2908; baseline 0.004 -20"><span class='ocrx_word' id='word_1_201' title='bbox 104 2824 233 2900; x_wconf 64' lang='lat' dir='ltr'>domini,</span> <span class='ocrx_word' id='word_1_202' title='bbox 258 2846 379 2908; x_wconf 87' lang='lat' dir='ltr'>nempe</span> <span class='ocrx_word' id='word_1_203' title='bbox 411 2828 522 2900; x_wconf 87' lang='lat' dir='ltr'>Petro,</span> <span class='ocrx_word' id='word_1_204' title='bbox 545 2827 673 2908; x_wconf 90' lang='lat' dir='ltr'>Jacobo</span> <span class='ocrx_word' id='word_1_205' title='bbox 705 2837 740 2889; x_wconf 90' lang='lat' dir='ltr'>et</span> <span class='ocrx_word' id='word_1_206' title='bbox 762 2827 938 2908; x_wconf 90' lang='lat' dir='ltr'>Johanne;</span> <span class='ocrx_word' id='word_1_207' title='bbox 971 2829 1140 2893; x_wconf 86' lang='lat' dir='ltr'>“Petrus’&#39;</span> 
     </span>
     <span class='ocr_line' id='line_1_26' title="bbox 104 2919 1139 3003; baseline 0.004 -20"><span class='ocrx_word' id='word_1_208' title='bbox 104 2921 298 3003; x_wconf 86' lang='lat' dir='ltr'>nsignificat</span> <span class='ocrx_word' id='word_1_209' title='bbox 314 2941 429 2984; x_wconf 91' lang='lat' dir='ltr'>verum</span> <span class='ocrx_word' id='word_1_210' title='bbox 449 2920 635 2995; x_wconf 74' lang='lat' dir='ltr'>intelleiiu,</span> <span class='ocrx_word' id='word_1_211' title='bbox 650 2919 871 3003; x_wconf 77' lang='lat' dir='ltr'>‘⁴1¹¹Jac0bus&#39;’</span> <span class='ocrx_word' id='word_1_212' title='bbox 887 2944 1003 2986; x_wconf 89' lang='lat' dir='ltr'>verum</span> <span class='ocrx_word' id='word_1_213' title='bbox 1020 2925 1139 2987; x_wconf 90' lang='lat' dir='ltr'>volun·</span> 
     </span>
     <span class='ocr_line' id='line_1_27' title="bbox 105 3013 1141 3098; baseline 0.005 -20"><span class='ocrx_word' id='word_1_214' title='bbox 105 3025 157 3087; x_wconf 87' lang='lat' dir='ltr'>,et</span> <span class='ocrx_word' id='word_1_215' title='bbox 174 3014 400 3096; x_wconf 86' lang='lat' dir='ltr'>“Johannes”</span> <span class='ocrx_word' id='word_1_216' title='bbox 416 3036 531 3078; x_wconf 88' lang='lat' dir='ltr'>verum</span> <span class='ocrx_word' id='word_1_217' title='bbox 551 3013 638 3089; x_wconf 69' lang='lat' dir='ltr'>actu,</span> <span class='ocrx_word' id='word_1_218' title='bbox 656 3015 745 3098; x_wconf 91' lang='lat' dir='ltr'>quod</span> <span class='ocrx_word' id='word_1_219' title='bbox 765 3026 818 3079; x_wconf 88' lang='lat' dir='ltr'>est</span> <span class='ocrx_word' id='word_1_220' title='bbox 834 3018 958 3080; x_wconf 87' lang='lat' dir='ltr'>bonurn</span> <span class='ocrx_word' id='word_1_221' title='bbox 975 3019 1065 3080; x_wconf 90' lang='lat' dir='ltr'>vitae</span> <span class='ocrx_word' id='word_1_222' title='bbox 1082 3039 1141 3083; x_wconf 88' lang='lat' dir='ltr'>seu</span> 
     </span>
     <span class='ocr_line' id='line_1_28' title="bbox 104 3108 1140 3192; baseline 0.005 -22"><span class='ocrx_word' id='word_1_223' title='bbox 104 3129 148 3172; x_wconf 91' lang='lat' dir='ltr'>um</span> <span class='ocrx_word' id='word_1_224' title='bbox 170 3110 366 3173; x_wconf 87' lang='lat' dir='ltr'>charitatis:</span> <span class='ocrx_word' id='word_1_225' title='bbox 391 3119 426 3172; x_wconf 89' lang='lat' dir='ltr'>et</span> <span class='ocrx_word' id='word_1_226' title='bbox 448 3108 664 3183; x_wconf 67' lang='lat' dir='ltr'>“adhaesio&#39;&#39;</span> <span class='ocrx_word' id='word_1_227' title='bbox 683 3130 768 3192; x_wconf 89' lang='lat' dir='ltr'>quae</span> <span class='ocrx_word' id='word_1_228' title='bbox 792 3111 824 3172; x_wconf 93' lang='lat' dir='ltr'>in</span> <span class='ocrx_word' id='word_1_229' title='bbox 848 3110 964 3191; x_wconf 89' lang='lat' dir='ltr'>lingua</span> <span class='ocrx_word' id='word_1_230' title='bbox 985 3112 1140 3192; x_wconf 84' lang='lat' dir='ltr'>originali</span> 
     </span>
     <span class='ocr_line' id='line_1_29' title="bbox 104 3202 1139 3286; baseline 0.005 -22"><span class='ocrx_word' id='word_1_231' title='bbox 104 3212 143 3267; x_wconf 84' lang='lat' dir='ltr'>tur</span> <span class='ocrx_word' id='word_1_232' title='bbox 157 3203 250 3278; x_wconf 84' lang='lat' dir='ltr'>Levi,</span> <span class='ocrx_word' id='word_1_233' title='bbox 264 3203 431 3286; x_wconf 85' lang='lat' dir='ltr'>significat</span> <span class='ocrx_word' id='word_1_234' title='bbox 447 3202 718 3284; x_wconf 75' lang='lat' dir='ltr'>conjundtionem</span> <span class='ocrx_word' id='word_1_235' title='bbox 735 3225 794 3286; x_wconf 91' lang='lat' dir='ltr'>per</span> <span class='ocrx_word' id='word_1_236' title='bbox 808 3224 958 3268; x_wconf 90' lang='lat' dir='ltr'>amorem</span> <span class='ocrx_word' id='word_1_237' title='bbox 975 3216 1009 3269; x_wconf 89' lang='lat' dir='ltr'>et</span> <span class='ocrx_word' id='word_1_238' title='bbox 1029 3207 1139 3269; x_wconf 91' lang='lat' dir='ltr'>chari·</span> 
     </span>
     <span class='ocr_line' id='line_1_30' title="bbox 104 3312 1139 3374; baseline 0.007 -22"><span class='ocrx_word' id='word_1_239' title='bbox 104 3313 145 3358; x_wconf 69' lang='lat' dir='ltr'>tm.</span> <span class='ocrx_word' id='word_1_240' title='bbox 187 3313 273 3370; x_wconf 84' lang='lat' dir='ltr'>(Quod</span> <span class='ocrx_word' id='word_1_241' title='bbox 287 3312 401 3358; x_wconf 79' lang='lat' dir='ltr'>adhaesio</span> <span class='ocrx_word' id='word_1_242' title='bbox 415 3312 440 3357; x_wconf 90' lang='lat' dir='ltr'>id</span> <span class='ocrx_word' id='word_1_243' title='bbox 453 3312 577 3370; x_wconf 80' lang='lat' dir='ltr'>significet.</span> <span class='ocrx_word' id='word_1_244' title='bbox 588 3313 698 3357; x_wconf 84' lang='lat' dir='ltr'>videatur</span> <span class='ocrx_word' id='word_1_245' title='bbox 708 3312 732 3357; x_wconf 91' lang='lat' dir='ltr'>in</span> <span class='ocrx_word' id='word_1_246' title='bbox 746 3313 850 3357; x_wconf 71' lang='lat' dir='ltr'>Arcana</span> <span class='ocrx_word' id='word_1_247' title='bbox 867 3314 1012 3366; x_wconf 71' lang='lat' dir='ltr'>caelestibus,</span> <span class='ocrx_word' id='word_1_248' title='bbox 1023 3327 1047 3359; x_wconf 90' lang='lat' dir='ltr'>n.</span> <span class='ocrx_word' id='word_1_249' title='bbox 1059 3316 1139 3374; x_wconf 75' lang='lat'>3875.)</span> 
     </span>
     <span class='ocr_line' id='line_1_31' title="bbox 104 3387 1140 3471; baseline 0.008 -26"><span class='ocrx_word' id='word_1_250' title='bbox 104 3387 126 3448; x_wconf 71' lang='lat' dir='ltr'>»d</span> <span class='ocrx_word' id='word_1_251' title='bbox 142 3388 256 3451; x_wconf 83' lang='lat' dir='ltr'>“Levi</span> <span class='ocrx_word' id='word_1_252' title='bbox 264 3388 279 3413; x_wconf 89' lang='lat'>&#39;’</span> <span class='ocrx_word' id='word_1_253' title='bbox 295 3389 328 3450; x_wconf 95' lang='lat' dir='ltr'>in</span> <span class='ocrx_word' id='word_1_254' title='bbox 348 3407 506 3470; x_wconf 81' lang='lat' dir='ltr'>supremo</span> <span class='ocrx_word' id='word_1_255' title='bbox 524 3407 624 3451; x_wconf 89' lang='lat' dir='ltr'>sensu</span> <span class='ocrx_word' id='word_1_256' title='bbox 640 3387 808 3470; x_wconf 85' lang='lat' dir='ltr'>significet</span> <span class='ocrx_word' id='word_1_257' title='bbox 828 3388 1011 3451; x_wconf 91' lang='lat' dir='ltr'>Dominum</span> <span class='ocrx_word' id='word_1_258' title='bbox 1027 3392 1140 3471; x_wconf 90' lang='lat' dir='ltr'>quoad</span> 
     </span>
     <span class='ocr_line' id='line_1_32' title="bbox 104 3481 1024 3564; baseline 0.007 -25"><span class='ocrx_word' id='word_1_259' title='bbox 104 3498 173 3543; x_wconf 82' lang='lat' dir='ltr'>&gt;rem</span> <span class='ocrx_word' id='word_1_260' title='bbox 192 3491 228 3544; x_wconf 93' lang='lat' dir='ltr'>et</span> <span class='ocrx_word' id='word_1_261' title='bbox 248 3481 523 3555; x_wconf 89' lang='lat' dir='ltr'>misericordiam,</span> <span class='ocrx_word' id='word_1_262' title='bbox 544 3492 682 3545; x_wconf 90' lang='lat' dir='ltr'>constat</span> <span class='ocrx_word' id='word_1_263' title='bbox 700 3483 790 3564; x_wconf 86' lang='lat' dir='ltr'>apud</span> <span class='ocrx_word' id='word_1_264' title='bbox 808 3482 1024 3558; x_wconf 80' lang='lat' dir='ltr'>Malachiam,</span> 
     </span>
    </p>
   </div>
   <div class='ocr_carea' id='block_1_10' title="bbox 108 3619 1141 4144">
    <p class='ocr_par' dir='ltr' id='par_1_10' title="bbox 108 3619 1141 4144">
     <span class='ocr_line' id='line_1_33' title="bbox 108 3619 1140 3688; baseline 0.007 -18"><span class='ocrx_word' id='word_1_265' title='bbox 108 3619 138 3672; x_wconf 91' lang='lat' dir='ltr'>Ut</span> <span class='ocrx_word' id='word_1_266' title='bbox 153 3625 322 3687; x_wconf 75' lang='lat' dir='ltr'>cognoscatis</span> <span class='ocrx_word' id='word_1_267' title='bbox 337 3625 407 3688; x_wconf 91' lang='lat' dir='ltr'>quod</span> <span class='ocrx_word' id='word_1_268' title='bbox 427 3625 544 3674; x_wconf 90' lang='lat' dir='ltr'>miserim</span> <span class='ocrx_word' id='word_1_269' title='bbox 563 3626 596 3673; x_wconf 87' lang='lat' dir='ltr'>ad</span> <span class='ocrx_word' id='word_1_270' title='bbox 616 3640 664 3673; x_wconf 89' lang='lat' dir='ltr'>vos</span> <span class='ocrx_word' id='word_1_271' title='bbox 682 3635 852 3688; x_wconf 86' lang='lat' dir='ltr'>praeceptum</span> <span class='ocrx_word' id='word_1_272' title='bbox 871 3626 930 3683; x_wconf 92' lang='lat' dir='ltr'>hoc,</span> <span class='ocrx_word' id='word_1_273' title='bbox 946 3636 975 3676; x_wconf 90' lang='lat' dir='ltr'>ut</span> <span class='ocrx_word' id='word_1_274' title='bbox 993 3627 1028 3675; x_wconf 89' lang='lat' dir='ltr'>sit</span> <span class='ocrx_word' id='word_1_275' title='bbox 1045 3628 1140 3678; x_wconf 79' lang='lat' dir='ltr'>foedus</span> 
     </span>
     <span class='ocr_line' id='line_1_34' title="bbox 153 3688 1140 3756; baseline 0.005 -18"><span class='ocrx_word' id='word_1_276' title='bbox 153 3704 240 3739; x_wconf 90' lang='lat' dir='ltr'>meum</span> <span class='ocrx_word' id='word_1_277' title='bbox 250 3704 312 3738; x_wconf 88' lang='lat' dir='ltr'>cum</span> <span class='ocrx_word' id='word_1_278' title='bbox 326 3688 390 3738; x_wconf 87' lang='lat' dir='ltr'>Levi</span> <span class='ocrx_word' id='word_1_279' title='bbox 400 3705 418 3747; x_wconf 83' lang='lat'>;.</span> <span class='ocrx_word' id='word_1_280' title='bbox 429 3729 434 3740; x_wconf 95' lang='lat'>.</span> <span class='ocrx_word' id='word_1_281' title='bbox 445 3729 451 3740; x_wconf 93' lang='lat'>.</span> <span class='ocrx_word' id='word_1_282' title='bbox 462 3691 567 3740; x_wconf 83' lang='lat' dir='ltr'>.ioedus</span> <span class='ocrx_word' id='word_1_283' title='bbox 577 3705 665 3739; x_wconf 90' lang='lat' dir='ltr'>meum</span> <span class='ocrx_word' id='word_1_284' title='bbox 676 3690 725 3739; x_wconf 89' lang='lat' dir='ltr'>luit</span> <span class='ocrx_word' id='word_1_285' title='bbox 734 3705 793 3740; x_wconf 91' lang='lat' dir='ltr'>cum</span> <span class='ocrx_word' id='word_1_286' title='bbox 804 3692 850 3740; x_wconf 91' lang='lat' dir='ltr'>illo</span> <span class='ocrx_word' id='word_1_287' title='bbox 859 3692 930 3739; x_wconf 85' lang='lat' dir='ltr'>vitae</span> <span class='ocrx_word' id='word_1_288' title='bbox 940 3702 966 3740; x_wconf 92' lang='lat' dir='ltr'>et</span> <span class='ocrx_word' id='word_1_289' title='bbox 979 3692 1060 3756; x_wconf 91' lang='lat' dir='ltr'>pacis,</span> <span class='ocrx_word' id='word_1_290' title='bbox 1073 3708 1140 3756; x_wconf 86' lang='lat' dir='ltr'>quae</span> 
     </span>
     <span class='ocr_line' id='line_1_35' title="bbox 152 3754 1140 3819; baseline 0.004 -15"><span class='ocrx_word' id='word_1_291' title='bbox 152 3755 211 3804; x_wconf 86' lang='lat' dir='ltr'>dedi</span> <span class='ocrx_word' id='word_1_292' title='bbox 227 3754 264 3802; x_wconf 91' lang='lat' dir='ltr'>illi</span> <span class='ocrx_word' id='word_1_293' title='bbox 281 3756 384 3811; x_wconf 90' lang='lat' dir='ltr'>timore,</span> <span class='ocrx_word' id='word_1_294' title='bbox 402 3766 431 3804; x_wconf 92' lang='lat' dir='ltr'>ut</span> <span class='ocrx_word' id='word_1_295' title='bbox 444 3757 550 3805; x_wconf 89' lang='lat' dir='ltr'>timeret</span> <span class='ocrx_word' id='word_1_296' title='bbox 565 3755 619 3813; x_wconf 88' lang='lat' dir='ltr'>Me,</span> <span class='ocrx_word' id='word_1_297' title='bbox 636 3756 696 3805; x_wconf 92' lang='lat' dir='ltr'>ideo</span> <span class='ocrx_word' id='word_1_298' title='bbox 711 3766 820 3819; x_wconf 90' lang='lat' dir='ltr'>propter</span> <span class='ocrx_word' id='word_1_299' title='bbox 834 3771 933 3805; x_wconf 92' lang='lat' dir='ltr'>nomen</span> <span class='ocrx_word' id='word_1_300' title='bbox 949 3771 1038 3806; x_wconf 90' lang='lat' dir='ltr'>meum</span> <span class='ocrx_word' id='word_1_301' title='bbox 1053 3759 1140 3808; x_wconf 88' lang='lat' dir='ltr'>timuit</span> 
     </span>
     <span class='ocr_line' id='line_1_36' title="bbox 152 3819 1141 3885; baseline 0.006 -17"><span class='ocrx_word' id='word_1_302' title='bbox 152 3820 194 3869; x_wconf 90' lang='lat' dir='ltr'>ille</span> <span class='ocrx_word' id='word_1_303' title='bbox 208 3820 275 3869; x_wconf 89' lang='lat' dir='ltr'>sibi:</span> <span class='ocrx_word' id='word_1_304' title='bbox 295 3819 338 3868; x_wconf 89' lang='lat' dir='ltr'>lex</span> <span class='ocrx_word' id='word_1_305' title='bbox 353 3821 471 3870; x_wconf 81' lang='lat' dir='ltr'>veritatis</span> <span class='ocrx_word' id='word_1_306' title='bbox 487 3822 536 3870; x_wconf 87' lang='lat' dir='ltr'>iuit</span> <span class='ocrx_word' id='word_1_307' title='bbox 553 3821 580 3870; x_wconf 91' lang='lat' dir='ltr'>in</span> <span class='ocrx_word' id='word_1_308' title='bbox 595 3836 641 3870; x_wconf 90' lang='lat' dir='ltr'>ore</span> <span class='ocrx_word' id='word_1_309' title='bbox 656 3821 722 3883; x_wconf 73' lang='lat' dir='ltr'>ejuS.</span> <span class='ocrx_word' id='word_1_310' title='bbox 740 3831 766 3871; x_wconf 90' lang='lat' dir='ltr'>et</span> <span class='ocrx_word' id='word_1_311' title='bbox 784 3823 944 3885; x_wconf 86' lang='lat' dir='ltr'>perversitas</span> <span class='ocrx_word' id='word_1_312' title='bbox 959 3837 1014 3871; x_wconf 91' lang='lat' dir='ltr'>non</span> <span class='ocrx_word' id='word_1_313' title='bbox 1030 3823 1141 3874; x_wconf 82' lang='lat' dir='ltr'>inventa</span> 
     </span>
     <span class='ocr_line' id='line_1_37' title="bbox 151 3884 1139 3949; baseline 0.004 -16"><span class='ocrx_word' id='word_1_314' title='bbox 151 3894 190 3933; x_wconf 85' lang='lat' dir='ltr'>est</span> <span class='ocrx_word' id='word_1_315' title='bbox 203 3885 230 3933; x_wconf 93' lang='lat' dir='ltr'>in</span> <span class='ocrx_word' id='word_1_316' title='bbox 244 3885 322 3933; x_wconf 86' lang='lat' dir='ltr'>labiis</span> <span class='ocrx_word' id='word_1_317' title='bbox 331 3885 389 3947; x_wconf 89' lang='lat' dir='ltr'>ejus</span> <span class='ocrx_word' id='word_1_318' title='bbox 401 3900 406 3942; x_wconf 86' lang='lat'>;</span> <span class='ocrx_word' id='word_1_319' title='bbox 425 3886 451 3934; x_wconf 93' lang='lat' dir='ltr'>in</span> <span class='ocrx_word' id='word_1_320' title='bbox 465 3901 529 3949; x_wconf 85' lang='lat' dir='ltr'>pace</span> <span class='ocrx_word' id='word_1_321' title='bbox 539 3895 566 3934; x_wconf 90' lang='lat' dir='ltr'>et</span> <span class='ocrx_word' id='word_1_322' title='bbox 578 3884 736 3935; x_wconf 73' lang='lat' dir='ltr'>rectitudine</span> <span class='ocrx_word' id='word_1_323' title='bbox 744 3887 891 3935; x_wconf 85' lang='lat' dir='ltr'>ambulavit</span> <span class='ocrx_word' id='word_1_324' title='bbox 902 3886 1017 3945; x_wconf 89' lang='lat' dir='ltr'>Mecum,</span> <span class='ocrx_word' id='word_1_325' title='bbox 1029 3890 1139 3938; x_wconf 88' lang='lat' dir='ltr'>multos·</span> 
     </span>
     <span class='ocr_line' id='line_1_38' title="bbox 151 3950 1138 4016; baseline 0.004 -17"><span class='ocrx_word' id='word_1_326' title='bbox 151 3965 200 4014; x_wconf 86' lang='lat' dir='ltr'>que</span> <span class='ocrx_word' id='word_1_327' title='bbox 211 3951 310 3999; x_wconf 84' lang='lat' dir='ltr'>avertit</span> <span class='ocrx_word' id='word_1_328' title='bbox 321 3952 356 3998; x_wconf 87' lang='lat' dir='ltr'>ab</span> <span class='ocrx_word' id='word_1_329' title='bbox 368 3950 520 4013; x_wconf 87' lang='lat' dir='ltr'>iniquitate:</span> <span class='ocrx_word' id='word_1_330' title='bbox 540 3952 610 4000; x_wconf 82' lang='lat' dir='ltr'>labia</span> <span class='ocrx_word' id='word_1_331' title='bbox 621 3953 779 4001; x_wconf 84' lang='lat' dir='ltr'>sacerdotis.</span> <span class='ocrx_word' id='word_1_332' title='bbox 790 3989 795 4001; x_wconf 92' lang='lat'><em>.</em></span> <span class='ocrx_word' id='word_1_333' title='bbox 806 3990 811 4001; x_wconf 94' lang='lat'><em>.</em></span> <span class='ocrx_word' id='word_1_334' title='bbox 823 3962 963 4014; x_wconf 88' lang='lat' dir='ltr'>.quaerent</span> <span class='ocrx_word' id='word_1_335' title='bbox 978 3950 1089 4016; x_wconf 77' lang='lat' dir='ltr'>[legem]</span> <span class='ocrx_word' id='word_1_336' title='bbox 1105 3970 1138 4004; x_wconf 90' lang='lat' dir='ltr'>ex</span> 
     </span>
     <span class='ocr_line' id='line_1_39' title="bbox 151 4015 1140 4080; baseline 0.006 -17"><span class='ocrx_word' id='word_1_337' title='bbox 151 4030 197 4064; x_wconf 91' lang='lat' dir='ltr'>ore</span> <span class='ocrx_word' id='word_1_338' title='bbox 215 4016 283 4078; x_wconf 85' lang='lat' dir='ltr'>ejus,</span> <span class='ocrx_word' id='word_1_339' title='bbox 297 4016 360 4078; x_wconf 90' lang='lat' dir='ltr'>quia</span> <span class='ocrx_word' id='word_1_340' title='bbox 374 4016 496 4077; x_wconf 80' lang='lat' dir='ltr'>Angelus</span> <span class='ocrx_word' id='word_1_341' title='bbox 510 4015 629 4080; x_wconf 87' lang='lat' dir='ltr'>Jehovae</span> <span class='ocrx_word' id='word_1_342' title='bbox 643 4016 761 4066; x_wconf 89' lang='lat' dir='ltr'>Zebaoth</span> <span class='ocrx_word' id='word_1_343' title='bbox 777 4017 834 4067; x_wconf 88' lang='lat' dir='ltr'>ille.</span> <span class='ocrx_word' id='word_1_344' title='bbox 871 4018 908 4066; x_wconf 87' lang='lat' dir='ltr'>At</span> <span class='ocrx_word' id='word_1_345' title='bbox 926 4033 974 4066; x_wconf 93' lang='lat' dir='ltr'>vos</span> <span class='ocrx_word' id='word_1_346' title='bbox 992 4022 1140 4069; x_wconf 87' lang='lat' dir='ltr'>recessistis</span> 
     </span>
     <span class='ocr_line' id='line_1_40' title="bbox 151 4081 1139 4144; baseline 0.005 -16"><span class='ocrx_word' id='word_1_347' title='bbox 151 4095 166 4128; x_wconf 92' lang='lat' dir='ltr'>a</span> <span class='ocrx_word' id='word_1_348' title='bbox 179 4082 231 4135; x_wconf 85' lang='lat' dir='ltr'>via.</span> <span class='ocrx_word' id='word_1_349' title='bbox 250 4081 399 4143; x_wconf 80' lang='lat' dir='ltr'>impingere</span> <span class='ocrx_word' id='word_1_350' title='bbox 414 4081 514 4131; x_wconf 80' lang='lat' dir='ltr'>lecistis</span> <span class='ocrx_word' id='word_1_351' title='bbox 529 4082 627 4130; x_wconf 90' lang='lat' dir='ltr'>multos</span> <span class='ocrx_word' id='word_1_352' title='bbox 642 4081 669 4130; x_wconf 91' lang='lat' dir='ltr'>in</span> <span class='ocrx_word' id='word_1_353' title='bbox 685 4082 752 4144; x_wconf 81' lang='lat' dir='ltr'>lege,</span> <span class='ocrx_word' id='word_1_354' title='bbox 769 4081 923 4144; x_wconf 85' lang='lat' dir='ltr'>corrupistis</span> <span class='ocrx_word' id='word_1_355' title='bbox 938 4083 1033 4132; x_wconf 78' lang='lat' dir='ltr'>foedus</span> <span class='ocrx_word' id='word_1_356' title='bbox 1053 4084 1117 4134; x_wconf 89' lang='lat' dir='ltr'>Levi</span> <span class='ocrx_word' id='word_1_357' title='bbox 1126 4085 1139 4104; x_wconf 85' lang='lat'>&#39;¹</span> 
     </span>
    </p>
   </div>
   <div class='ocr_carea' id='block_1_11' title="bbox 111 4142 1138 4362">
    <p class='ocr_par' dir='ltr' id='par_1_11' title="bbox 111 4142 1138 4362">
     <span class='ocr_line' id='line_1_41' title="bbox 149 4142 336 4210; baseline 0.011 -3"><span class='ocrx_word' id='word_1_358' title='bbox 149 4146 185 4207; x_wconf 78' lang='lat' dir='ltr'>(a.</span> <span class='ocrx_word' id='word_1_359' title='bbox 197 4143 269 4210; x_wconf 77' lang='lat' dir='ltr'>⁴·7i·</span> <span class='ocrx_word' id='word_1_360' title='bbox 283 4142 336 4210; x_wconf 74' lang='lat' dir='ltr'>⁸il:</span> 
     </span>
     <span class='ocr_line' id='line_1_42' title="bbox 111 4278 1138 4362; baseline 0.004 -20"><span class='ocrx_word' id='word_1_361' title='bbox 111 4278 248 4343; x_wconf 81' lang='lat' dir='ltr'>“Levi‘&#39;</span> <span class='ocrx_word' id='word_1_362' title='bbox 276 4279 329 4342; x_wconf 93' lang='lat' dir='ltr'>hic</span> <span class='ocrx_word' id='word_1_363' title='bbox 361 4280 393 4342; x_wconf 91' lang='lat' dir='ltr'>in</span> <span class='ocrx_word' id='word_1_364' title='bbox 424 4299 581 4362; x_wconf 88' lang='lat' dir='ltr'>supremo</span> <span class='ocrx_word' id='word_1_365' title='bbox 611 4301 711 4344; x_wconf 89' lang='lat' dir='ltr'>sensu</span> <span class='ocrx_word' id='word_1_366' title='bbox 741 4279 944 4362; x_wconf 88' lang='lat' dir='ltr'>intelligitur</span> <span class='ocrx_word' id='word_1_367' title='bbox 971 4280 1138 4346; x_wconf 89' lang='lat' dir='ltr'>Dominus</span> 
     </span>
    </p>
   </div>
   <div class='ocr_carea' id='block_1_12' title="bbox 104 4373 1138 4552">
    <p class='ocr_par' dir='ltr' id='par_1_12' title="bbox 104 4373 1138 4552">
     <span class='ocr_line' id='line_1_43' title="bbox 104 4373 1138 4458; baseline 0.004 -22"><span class='ocrx_word' id='word_1_368' title='bbox 104 4373 131 4436; x_wconf 74' lang='lat' dir='ltr'>td</span> <span class='ocrx_word' id='word_1_369' title='bbox 146 4375 306 4437; x_wconf 90' lang='lat' dir='ltr'>Divinum</span> <span class='ocrx_word' id='word_1_370' title='bbox 324 4374 532 4449; x_wconf 88' lang='lat' dir='ltr'>Humanum,</span> <span class='ocrx_word' id='word_1_371' title='bbox 549 4395 627 4438; x_wconf 88' lang='lat' dir='ltr'>nam</span> <span class='ocrx_word' id='word_1_372' title='bbox 644 4376 765 4439; x_wconf 87' lang='lat' dir='ltr'>dicitur</span> <span class='ocrx_word' id='word_1_373' title='bbox 781 4375 824 4438; x_wconf 87' lang='lat' dir='ltr'>de</span> <span class='ocrx_word' id='word_1_374' title='bbox 841 4375 925 4439; x_wconf 92' lang='lat' dir='ltr'>Levi</span> <span class='ocrx_word' id='word_1_375' title='bbox 941 4376 1031 4458; x_wconf 94' lang='lat' dir='ltr'>quod</span> <span class='ocrx_word' id='word_1_376' title='bbox 1050 4377 1138 4440; x_wconf 87' lang='lat' dir='ltr'>“lex</span> 
     </span>
     <span class='ocr_line' id='line_1_44' title="bbox 104 4469 1137 4552; baseline 0.003 -20"><span class='ocrx_word' id='word_1_377' title='bbox 104 4470 173 4532; x_wconf 86' lang='lat' dir='ltr'>:atis</span> <span class='ocrx_word' id='word_1_378' title='bbox 196 4469 350 4532; x_wconf 75' lang='lat' dir='ltr'>fueritin</span> <span class='ocrx_word' id='word_1_379' title='bbox 374 4490 432 4533; x_wconf 91' lang='lat' dir='ltr'>ore</span> <span class='ocrx_word' id='word_1_380' title='bbox 455 4469 536 4550; x_wconf 90' lang='lat' dir='ltr'>ejus,</span> <span class='ocrx_word' id='word_1_381' title='bbox 560 4480 596 4533; x_wconf 90' lang='lat' dir='ltr'>et</span> <span class='ocrx_word' id='word_1_382' title='bbox 620 4471 823 4552; x_wconf 88' lang='lat' dir='ltr'>perversitas</span> <span class='ocrx_word' id='word_1_383' title='bbox 846 4491 915 4533; x_wconf 92' lang='lat' dir='ltr'>non</span> <span class='ocrx_word' id='word_1_384' title='bbox 937 4471 1078 4534; x_wconf 88' lang='lat' dir='ltr'>inventa</span> <span class='ocrx_word' id='word_1_385' title='bbox 1104 4473 1137 4535; x_wconf 89' lang='lat' dir='ltr'>in</span> 
     </span>
    </p>
   </div>
   <div class='ocr_carea' id='block_1_13' title="bbox 0 0 1346 4988">
    <p class='ocr_par' dir='ltr' id='par_1_13' title="bbox 0 0 1346 4988">
     <span class='ocr_line' id='line_1_45' title="bbox 0 0 1346 4988; baseline 0 0"><span class='ocrx_word' id='word_1_386' title='bbox 0 0 1346 4988; x_wconf 95' lang='lat' dir='ltr'> </span> 
     </span>
    </p>
   </div>
  </div>
 </body>
</html>
