2716 4986
354 497 434 548 cac.
452 497 512 559 v1.,
529 497 634 547 vans.
652 485 762 547 8.-N.
781 482 905 568 386[b].
1126 498 1187 568 795

115 668 245 725 “Gladio.
261 669 336 717 fame
350 678 376 717 et
391 680 466 730 peste
485 667 542 730 Ego
556 683 718 717 consumens
733 683 795 718 eos:
814 669 868 716 dixi
884 679 983 726 tamen,
1000 668 1052 726 Ah.
1072 667 1190 717 Domine

190 734 321 798 Jehovih,
333 749 394 782 ecce
407 735 552 797 prophetae
561 733 652 781 dicunt
665 734 704 790 iis,
719 733 778 781 Non
790 734 913 782 videbitis
926 733 1052 794 gladium.
1064 743 1090 781 et
1103 732 1189 782 lamen

191 814 251 847 non
266 799 318 848 erit
334 800 438 847 vobis:.
449 837 455 847 .
465 836 471 848 .
482 813 574 861 ,quare
588 800 626 847 sic
640 799 707 846 dixit
721 798 842 862 Jehovah
856 808 951 846 contra
968 798 1112 860 prophetas
1130 813 1190 860 pro·

193 866 340 927 phetantes
350 865 377 911 in
389 864 498 912 nomine
508 878 576 920 meo,
586 877 645 911 cum
657 878 711 911 non
721 864 837 912 miserim
847 878 902 920 eos,
914 863 951 910 illi
962 873 1051 911 tamen
1060 864 1188 920 dicentes,

194 929 311 977 Gladius
322 941 348 977 et
358 929 443 977 fames
454 944 507 977 non
518 929 569 977 erit
579 929 605 976 in
616 939 687 976 terra
696 929 744 976 hac
756 943 761 985 ;
777 928 873 976 Gladio
883 938 909 976 et
920 928 989 976 lame
999 938 1191 977 consumentur

196 997 346 1057 prophetae
364 995 407 1050 hi;
429 995 551 1056 populus,
565 995 660 1056 quibus
679 994 716 1041 illi
736 994 933 1054 prophetantes,
950 1003 1028 1042 erunt
1045 991 1142 1055 abjedli
1161 994 1188 1042 in

195 1060 294 1122 plateis
310 1059 516 1122 Hierosolymae
519 1095 588 1117 .....
594 1073 643 1107 nec
655 1059 789 1120 sepeliens
802 1058 855 1107 iis'’
868 1061 931 1119 (xiv.
944 1071 1033 1118 12,13,
1046 1071 1083 1118 15,
1096 1060 1150 1120 16):

71 1205 122 1265 per
146 1183 343 1264 “gladium
373 1183 495 1245 samem
524 1193 559 1245 et
586 1182 747 1263 pestem,''
771 1181 978 1263 significatur
1001 1183 1190 1263 deprivatio

71 1280 132 1341 veri
151 1290 189 1340 et
208 1278 299 1347 boni,
318 1288 353 1340 et
372 1278 450 1339 inde
468 1279 557 1339 vitae
574 1276 754 1356 spiritualis
773 1297 832 1357 per
847 1276 930 1337 laisa
947 1286 980 1338 et
998 1276 1107 1352 mala;
1131 1297 1189 1357 per

70 1373 246 1453 “gladium
255 1373 270 1396 ”
280 1373 469 1453 deprivatio
481 1372 549 1433 veri
564 1391 621 1451 per
634 1371 726 1441 falsa,
741 1391 799 1451 per
814 1378 833 1402 '⁴
843 1370 964 1433 samem
974 1370 988 1393 ”
1001 1370 1189 1451 deprivatio

69 1467 142 1529 boni
161 1487 220 1548 per
238 1467 337 1540 mala,
352 1477 386 1528 et
404 1487 461 1547 per
476 1474 635 1546 “pestem
645 1465 660 1488 ’'
676 1467 864 1546 deprivatio
881 1468 971 1527 vitae
987 1466 1186 1546 spiritualis:

68 1581 123 1641 per
137 1569 157 1592 ‘⁴
167 1562 352 1643 prophetas
361 1561 375 1584 ”
388 1561 623 1641 intelliguntur
640 1559 685 1622 illi
699 1562 753 1641 qui
770 1561 896 1622 docent
910 1581 988 1622 vera
1004 1558 1187 1633 doctrinae,

67 1656 152 1718 etin
173 1677 273 1718 sensu
293 1653 466 1718 abstraCto
485 1653 685 1717 doilrinalia
704 1656 792 1731 veri;
816 1655 894 1716 inde
914 1664 1009 1735 patet
1029 1655 1108 1736 quid
1131 1673 1189 1735 per

66 1752 181 1813 omnia
197 1751 257 1812 illa
276 1748 493 1830 significatur,
514 1768 636 1831 nempe
655 1750 746 1830 quod
765 1750 820 1830 qui
844 1746 1030 1811 doitrinam
1055 1749 1128 1811 salsi
1152 1760 1186 1811 et

67 1842 145 1907 mali
174 1845 312 1918 docent,
341 1845 477 1925 perituri
508 1845 575 1906 sint
605 1865 664 1926 per
690 1864 730 1905 ea
757 1864 842 1926 qnae
870 1841 1100 1923 significantur
1130 1863 1189 1923 per

66 1939 247 2020 “gladium
257 1939 272 1962 ''
291 1949 326 2001 et
347 1937 535 2000 “famem'’
557 1938 647 2019 quod
665 1940 769 2000 etiam
789 1937 835 1998 illi
855 1938 910 2018 qui
929 1938 1092 2017 recipiunt
1113 1958 1187 1999 eam
1245 1974 1249 1980 -

65 2031 255 2096 dottrinam
280 2054 325 2096 ex
349 2032 414 2095 illis
433 2032 476 2094 ab
495 2034 587 2094 omni
609 2032 772 2095 ecclesiae
792 2052 871 2094 vero
891 2033 1037 2112 separati
1060 2033 1127 2093 sint
1151 2044 1185 2095 et

66 2128 229 2199 damnati,
258 2126 466 2208 significatur
494 2148 553 2208 per
579 2127 669 2208 quod
699 2133 826 2189 “erunt
853 2124 974 2206 abjecti
1002 2127 1035 2187 in
1066 2126 1188 2206 plateis

69 2221 340 2302 Hierosolymae,
359 2242 420 2283 nec
440 2221 606 2303 sepeliens
626 2223 664 2282 iis
677 2221 702 2295 ;''
722 2220 885 2303 “plateae
907 2220 1187 2299 Hierosolymae”

67 2327 145 2378 sunt
162 2336 241 2378 vera
257 2315 432 2387 ecclesiae,
448 2315 572 2396 “abjici
589 2317 621 2377 in
638 2314 726 2377 illis”
742 2326 794 2378 est
811 2317 957 2397 separari
973 2335 993 2376 a
1009 2316 1095 2377 veris
1111 2314 1185 2388 illis,

68 2421 101 2473 et
129 2417 229 2472 “non
258 2410 413 2491 sepeliri’'
440 2420 492 2473 est
522 2411 683 2472 damnari.
737 2408 863 2472 Similia
891 2430 949 2490 per
977 2409 1187 2490 “gladium‘’

70 2506 218 2568 “samem
228 2505 243 2528 ”
257 2516 292 2567 et
307 2512 326 2536 “
336 2514 467 2586 pestem
477 2505 491 2527 ”
501 2503 731 2584 significantur
744 2507 776 2567 in
793 2505 1009 2586 sequentibus
1026 2505 1076 2566 his
1093 2505 1185 2580 locis,

70 2620 189 2681 nempe
202 2621 261 2681 per
272 2600 450 2680 “gladium
460 2600 474 2622 ”
485 2600 673 2680 deprivatio
685 2601 752 2662 veri
767 2620 825 2680 per
838 2599 930 2673 falsa,
945 2620 1002 2681 per
1014 2606 1033 2631 “
1042 2599 1162 2661 famem
1172 2600 1186 2623 ”

70 2694 256 2775 deprivatio
269 2695 347 2757 boni
361 2715 419 2775 per
430 2694 528 2766 mala,
541 2705 575 2757 et
590 2715 647 2775 per
658 2701 677 2726 ⁴⁸
687 2704 817 2775 pestem
827 2694 841 2716 '¹
852 2695 1065 2775 consumptio
1078 2704 1112 2756 et
1127 2695 1185 2757 de·

70 2789 211 2869 privatio
230 2790 320 2851 vitae
339 2789 519 2870 spiritualis
538 2789 615 2850 inde
627 2787 783 2870 1—Apud
802 2788 998 2861 Jeremiam,

118 2920 240 2969 “Gladio
258 2930 284 2970 et
302 2921 373 2969 lame
386 2932 585 2979 consumentur,
600 2930 629 2969 ut
646 2921 691 2968 fiat
705 2921 819 2969 cadaver
830 2935 922 2969 eorum
942 2921 968 2968 in
986 2921 1073 2968 cibum
1091 2921 1186 2970 avibus

198 2987 333 3035 caelorum
345 2997 372 3034 et
384 2988 484 3034 bestiae
498 2996 583 3035 terrae
591 2985 604 3004 ”
617 2987 678 3046 (xvi.
688 2988 728 3047 ul:

73 3109 244 3172 “cadaver
254 3110 287 3171 in
300 3110 410 3171 cibum
424 3110 538 3172 avibus
550 3108 718 3172 caelorum
727 3109 743 3132 ”
753 3109 919 3191 significat
931 3110 1185 3171 damnationem

72 3222 126 3284 per
148 3203 242 3275 salsa,
262 3214 297 3266 et
322 3206 384 3265 “in
409 3205 519 3266 cibum
543 3203 672 3267 bestiae
695 3204 827 3267 terrae”
849 3205 1102 3267 damnationem
1127 3225 1186 3285 per

73 3297 167 3360 mala.
213 3297 317 3380 Apud
336 3298 491 3372 eundem,

118 3411 321 3471 ‘'Abnegarunt
332 3409 462 3474 Jehovam
475 3411 582 3473 quando
598 3411 731 3467 dixerunt,
747 3410 807 3459 Non
828 3411 885 3468 Ille,
900 3426 986 3474 neque
998 3413 1088 3460 veniet
1105 3427 1185 3475 super

199 3490 249 3524 nos
261 3476 369 3533 malum,
383 3490 414 3523 ac
425 3476 543 3537 gladium
556 3475 706 3539 famemque
719 3491 773 3524 non
786 3477 934 3525 videbimus
942 3476 956 3495 ''
967 3477 1003 3538 (v.
1016 3476 1070 3538 12):

72 3589 156 3671 apud
175 3589 332 3662 eundem,

118 3700 135 3722 ¹⁸
145 3697 213 3747 Ecce
233 3696 291 3759 Ego
303 3699 415 3747 visitans
432 3713 512 3760 super
524 3699 564 3756 iis,
578 3698 690 3760 juvenes
708 3699 855 3748 morientur
872 3699 970 3762 gladio,
986 3699 1031 3749 tilii
1048 3715 1141 3750 eorum
1158 3711 1185 3752 et

198 3762 268 3812 filiae
281 3778 373 3813 eornm
386 3765 533 3813 morientur
545 3764 615 3813 lame
623 3763 637 3781 ''
649 3764 694 3825 (xi.
705 3765 762 3825 22):

73 3878 155 3960 apud
172 3878 330 3951 eundem,

118 3987 188 4037 “Da
201 3987 269 4036 lilios
280 3985 397 4037 meorum
409 3989 482 4045 lami,
494 3997 521 4037 et
532 3989 647 4037 defluere
660 3988 701 4037 iac
714 3989 773 4037 illos
783 4003 863 4050 super
873 4004 967 4037 manus
977 3989 1066 4051 gladii.
1078 3999 1107 4039 ut
1120 3991 1184 4041 fiant

198 4067 295 4101 uxores
312 4055 393 4101 orbae
411 4064 438 4102 ct
456 4054 558 4111 viduae,
579 4063 606 4102 et
626 4055 750 4102 homines
769 4050 886 4102 ωτεοτιττιτ
908 4055 973 4103 fiant
990 4055 1070 4103 occisi
1087 4067 1182 4114 morte,

196 4117 310 4180 juvenes
322 4133 414 4166 eorum
428 4119 545 4181 percussi
557 4119 647 4181 gladio
659 4118 686 4166 in
700 4118 791 4167 bello''
803 4118 885 4179 (xviii.
896 4121 950 4181 21):

72 4233 153 4313 apud
172 4231 330 4305 eundem,

117 4340 252 4391 “Mittam
266 4341 293 4389 in
306 4355 353 4389 eos
364 4340 489 4402 gladium.
501 4341 610 4398 laniem,
624 4351 651 4389 et
662 4351 774 4403 pestem,
789 4353 814 4390 et
827 4343 896 4390 dabo
908 4358 955 4391 eos
968 4343 1034 4391 sicut
1048 4343 1111 4391 licus
1124 4345 1183 4392 hor·

196 4407 277 4462 fidas,
290 4421 356 4468 quae
369 4420 423 4453 non
433 4406 536 4454 comedi
550 4415 661 4467 possunt
675 4421 737 4467 prae
747 4408 857 4465 malitia,
869 4418 896 4456 ct
908 4423 1051 4471 persequar
1062 4419 1123 4470 post
1135 4424 1182 4460 eos

194 4471 295 4534 gladio,
310 4471 381 4520 lame
393 4480 419 4520 et
431 4482 506 4534 peste
513 4471 527 4490 ”
539 4471 620 4532 (xxix.
633 4483 670 4531 17,
682 4472 736 4534 τ8);
