2716 4986
186 462 250 543 976
496 475 746 527 moensmsrs
769 457 995 527 estruem.

187 665 259 718 nes,
284 645 337 708 hic
360 646 576 726 cognitiones
599 656 635 710 et
659 647 896 729 perceptiones
918 645 1012 710 salsi:
1041 655 1078 710 et
1101 667 1162 730 per
1184 651 1306 710 “mac·'

187 749 259 802 tare
287 750 388 801 natos
415 741 448 802 in
478 740 584 803 fluviis
612 741 674 803 sub
702 741 850 822 scopulis
880 740 1071 823 petrarum''
1097 739 1308 822 significatur

186 834 408 914 exstinguere
424 855 503 897 vera
520 855 579 916 per
591 834 676 897 falsa
692 855 737 897 ex
754 836 890 916 propria
905 833 1160 916 intelligentia;
1182 840 1203 866 ‘⁴
1213 834 1308 898 nati”

186 936 265 989 sunt
298 948 387 997 vera.
420 927 563 990 “fluvii''
589 939 668 990 sunt
702 929 838 1010 propria
870 928 1113 1010 intelligentia,
1146 929 1308 1011 “scopuli

186 1021 382 1101 petrarum”
400 1031 479 1084 sunt
499 1021 593 1096 falsa,
616 1022 708 1084 “sub
726 1023 874 1104 scopulis
893 1021 1050 1086 illarum”
1068 1022 1243 1105 significat
1262 1043 1307 1087 ex

187 1113 333 1176 sensuali
353 1114 384 1176 in
408 1135 475 1197 quo
495 1114 608 1178 lumen
629 1116 784 1178 ultimum
809 1116 963 1180 naturale
983 1126 1056 1194 est;
1079 1117 1137 1200 qui
1160 1119 1253 1181 enim
1275 1119 1308 1180 in

187 1206 253 1270 hoc
277 1208 352 1270 solo
374 1206 498 1271 lumine
526 1219 616 1283 sunt,
641 1219 737 1272 stant
764 1210 826 1272 sub
852 1211 1008 1292 abruptis
1034 1212 1151 1293 petris,
1176 1221 1213 1275 et
1240 1233 1307 1275 non

187 1301 323 1384 aliquod
342 1322 457 1365 verum
477 1302 606 1375 vident,
624 1324 663 1367 ac
682 1305 708 1365 si
728 1303 850 1367 dicitur
867 1324 934 1367 non
955 1306 1168 1387 percipiunt:
1195 1307 1229 1368 in
1248 1307 1308 1370 tali

187 1397 336 1459 statione
355 1395 401 1458 illi
421 1398 525 1460 etiam
545 1397 626 1460 mihi
642 1398 703 1459 visi
720 1407 799 1460 sunt
818 1399 851 1461 in
872 1399 1000 1461 mundo
1015 1399 1204 1481 spirituali:
1229 1401 1307 1465 inde

189 1499 286 1571 patet
319 1490 408 1572 quod
439 1511 498 1572 per
529 1487 707 1554 “madtare
739 1491 863 1554 natos'’
890 1513 958 1555 non
987 1491 1204 1574 intelligatur
1233 1494 1309 1556 illos

188 1580 347 1657 madtare,
365 1584 424 1647 sed
444 1605 524 1648 vera
542 1585 773 1666 exstinguere.
820 1584 983 1649 Similiter
1001 1587 1092 1668 apud
1111 1585 1290 1662 Davidem,

241 1719 365 1770 “Beatus
383 1720 426 1798 qui
445 1721 628 1846 apprehendet
645 1730 672 1770 et
688 1720 827 1782 disperget
843 1718 961 1770 iniautes
978 1729 1040 1770 tuos
1058 1720 1093 1769 ad
1111 1731 1217 1784 petram
1225 1720 1240 1741 '⁹
1251 1721 1306 1783 (Ps.

321 1800 490 1847 cxxxvn.9:

190 1921 249 1983 per
277 1900 476 1963 “infantes''
503 1899 556 1963 hic
585 1920 647 1963 nec
676 1898 915 1980 intelliguntur
942 1898 1101 1972 infantes,
1132 1899 1194 1962 sed
1224 1899 1308 1962 falsa

189 1997 386 2071 nascentia;
410 1995 521 2075 agitur
540 1995 628 2057 enim
648 1994 691 2057 de
715 1992 853 2066 Babele,
874 2013 1053 2076 perquam
1074 1991 1309 2075 significantur

189 2089 271 2152 falsa
291 2090 370 2151 mali
390 2089 599 2151 destruentia
618 2108 697 2150 vera
715 2087 794 2149 boni
810 2087 996 2150 ecclesiae:
1021 2084 1212 2150 destructio
1231 2087 1305 2149 illo·

189 2203 262 2246 rum
278 2183 486 2265 significatur
499 2204 557 2265 per
571 2183 794 2264 “dispergere
811 2180 888 2243 illos
904 2181 946 2243 ad
965 2191 1099 2263 petram
1112 2180 1140 2258 ;''
1160 2188 1286 2264 “petra
1294 2181 1308 2207 '²

190 2289 243 2340 est
266 2278 386 2340 falsum
415 2278 494 2340 mali
521 2296 679 2358 regnans,
704 2286 739 2338 et
765 2275 989 2357 “dispergere
1000 2275 1016 2299 ‘’
1038 2284 1093 2338 est
1122 2275 1306 2339 destruere.

192 2370 258 2452 Qui
277 2371 387 2434 solum
410 2373 443 2433 in
462 2391 563 2433 sensu
587 2370 722 2433 litterae
742 2368 848 2432 Verbi
868 2379 995 2441 manet,
1016 2378 1051 2432 et
1075 2389 1146 2432 non
1169 2368 1307 2433 ulterius

191 2466 335 2546 cogitat,
363 2465 460 2528 iacile
491 2474 605 2546 potest
632 2464 744 2526 induci
767 2463 810 2525 ad
838 2462 1044 2527 credendum
1069 2464 1163 2545 quod
1190 2464 1306 2526 beatus

192 2560 324 2621 dicatur
339 2561 394 2640 qui
411 2559 480 2621 tale
497 2578 574 2620 cum
591 2557 773 2620 infantibus
790 2557 939 2619 hostium
956 2576 1092 2619 suorum
1109 2557 1212 2634 iacit3
1231 2576 1305 2620 cum

191 2661 307 2715 tamen
327 2653 359 2714 id
376 2672 514 2715 enorme
533 2652 660 2714 facinus
679 2661 751 2714 est:
776 2662 812 2714 at
834 2651 983 2714 “beatus
991 2650 1007 2674 ‘'
1025 2650 1150 2714 dicitur
1166 2653 1222 2734 qui
1240 2652 1304 2714 dis·

191 2747 304 2828 pergit
334 2746 418 2808 falsa
449 2745 529 2807 mali
559 2747 735 2808 nascentia
766 2747 798 2807 in
829 2744 985 2819 ecclesia,
1016 2765 1103 2826 quae
1134 2745 1220 2808 falsa
1251 2766 1306 2827 per

194 2839 367 2902 “infantes
388 2839 545 2901 Babelis”
564 2839 616 2902 hic
638 2837 880 2920 significantur.
925 2838 1029 2920 Apud
1048 2838 1251 2914 Jeremiam,

242 2971 334 3036 “Quis
346 2972 448 3021 audivit
459 2972 497 3020 sic
511 2972 579 3021 boc?
602 2985 658 3019 rem
672 2971 777 3019 foedam
791 2971 853 3020 lecit
871 2972 948 3033 virgo
963 2971 1079 3020 Israelis.
1118 2971 1190 3021 Num
1203 2973 1305 3022 deseret

321 3052 336 3085 e
354 3047 429 3099 petra
445 3051 525 3098 agros
544 3051 619 3085 meos
638 3037 684 3084 nix
703 3036 814 3085 Libani?
836 3051 899 3084 num
917 3037 1083 3098 abripientur
1100 3052 1187 3100 aquae
1205 3039 1305 3088 alienae

320 3102 432 3163 trigidae
444 3101 608 3151 defluentes?
641 3100 724 3150 Obliti
737 3111 800 3150 sunt
813 3101 868 3150 Mei
881 3101 995 3164 populus
1008 3117 1093 3161 meus,
1107 3103 1224 3153 vanitati
1238 3102 1306 3152 suffi-

320 3178 416 3216 verunt
425 3167 439 3186 '¹
451 3167 534 3227 (xviii.
549 3166 651 3227 13·15):

191 3312 251 3374 per
276 3291 471 3371 “virginem
500 3288 658 3352 Israelis”
681 3289 885 3371 intelligitur
909 3290 961 3352 hic
990 3298 1025 3352 et
1056 3289 1138 3353 alibi
1164 3289 1307 3354 ecclesia

191 3384 382 3467 spiritualis,
408 3383 495 3446 hanc
519 3384 608 3445 enim
632 3394 973 3465 repraesentaverunt
1000 3384 1199 3462 Israelitae;
1230 3391 1307 3449 “res

192 3479 291 3542 foeda
300 3479 314 3503 ”
330 3498 430 3559 quam
447 3477 609 3552 iecerunt,
628 3488 679 3540 est
696 3478 786 3558 quod
806 3477 895 3539 bona
912 3476 1077 3540 ecclesiae
1094 3480 1262 3542 verterint
1278 3480 1308 3540 in

193 3571 291 3643 mala,
312 3583 347 3634 et
364 3592 442 3633 vera
461 3571 626 3633 ecclesiae
646 3573 678 3633 in
697 3570 791 3644 falsa,
812 3581 846 3633 et
867 3592 912 3633 ex
932 3572 984 3633 his
1003 3582 1038 3634 et
1057 3571 1123 3634 illis
1140 3572 1307 3636 coluerint

189 3665 375 3746 Jehovam:
402 3664 490 3727 mala
509 3686 554 3727 ex
570 3667 688 3748 quibus
705 3666 827 3738 cultus,
846 3665 1078 3746 significantur
1094 3686 1155 3748 per
1173 3666 1307 3730 “Obliti

191 3771 269 3822 sunt
284 3759 351 3821 Mei
365 3758 507 3840 populus
524 3779 618 3822 meus
631 3759 656 3836 ;”
676 3779 753 3821 nam
770 3760 825 3840 qui
842 3760 1052 3822 obliviscitur
1069 3759 1145 3831 Dei,
1160 3761 1194 3822 in
1212 3762 1307 3824 malis

193 3865 265 3916 est:
290 3865 325 3916 et
345 3853 428 3915 salsa
447 3873 490 3914 ex
510 3855 629 3934 quibus
648 3854 770 3926 cultus,
791 3853 1023 3934 significantur
1042 3874 1101 3935 per
1120 3854 1306 3919 “Vanitati

194 3942 392 4007 suffiverunt
406 3943 432 4018 ;”
450 3950 468 3974 ¹⁶
479 3946 612 4006 vanitas
621 3944 636 3968 ”
649 3954 701 4006 est
718 3943 850 4017 salsum,
865 3955 900 4007 et
918 3945 1057 4009 “suffire
1066 3945 1081 3969 '‘
1101 3957 1155 4011 est
1175 3949 1304 4014 cultus:

193 4039 312 4100 “Num
329 4038 463 4099 deseret
483 4057 501 4099 e
521 4048 619 4119 petra
637 4057 738 4118 agros
758 4058 851 4100 meos
872 4041 930 4101 nix
952 4039 1072 4102 Libani
1082 4040 1112 4101 ?”
1136 4042 1304 4124 significat

191 4151 305 4196 annon
330 4152 409 4193 vera
437 4130 602 4194 ecclesiae
629 4132 694 4194 illis
722 4143 800 4193 sunt
830 4153 874 4194 ex
903 4132 1039 4209 Verbo;
1074 4136 1227 4216 “petra’'
1253 4137 1301 4199 hic

190 4223 359 4305 significat
385 4222 538 4285 Verbum
565 4224 643 4304 quia
673 4223 833 4285 Divinum
864 4223 993 4286 Verum
1022 4243 1181 4304 innuptam
1215 4229 1301 4289 “nix

191 4316 333 4380 Libani”
356 4315 523 4396 significat
552 4336 630 4378 vera
657 4315 822 4377 ecclesiae
851 4317 948 4392 inde;
982 4317 1093 4378 “nix’'
1117 4318 1171 4382 hic
1196 4319 1300 4381 simile

190 4410 358 4494 significat
375 4430 451 4472 cum
467 4430 565 4491 aqua,
584 4429 705 4491 nempe
722 4430 811 4485 vera,
830 4410 890 4472 sed
910 4416 928 4441 ‘⁴
939 4412 997 4472 nix
1007 4411 1022 4433 ”
1038 4411 1209 4493 significat
1228 4432 1301 4476 vera
