<?xml version="1.0" encoding="UTF-8"?>
<!DOCTYPE html PUBLIC "-//W3C//DTD XHTML 1.0 Transitional//EN"
    "http://www.w3.org/TR/xhtml1/DTD/xhtml1-transitional.dtd">
<html xmlns="http://www.w3.org/1999/xhtml" xml:lang="en" lang="en">
 <head>
  <title>
</title>
<meta http-equiv="Content-Type" content="text/html;charset=utf-8" />
  <meta name='ocr-system' content='tesseract 3.04.00' />
  <meta name='ocr-capabilities' content='ocr_page ocr_carea ocr_par ocr_line ocrx_word'/>
</head>
<body>
  <div class='ocr_page' id='page_1' title='image "./apocalypsisexpl00swedgoog_0541.png"; bbox 0 0 2684 4988; ppageno 0'>
   <div class='ocr_carea' id='block_1_1' title="bbox 329 512 1172 597">
    <p class='ocr_par' dir='ltr' id='par_1_1' title="bbox 329 512 1172 597">
     <span class='ocr_line' id='line_1_1' title="bbox 329 512 1172 597; baseline -0.002 -18"><span class='ocrx_word' id='word_1_1' title='bbox 329 512 908 597; x_wconf 77' lang='lat' dir='ltr'>cna.v11.,vuns.17.-u.483[b].</span> <span class='ocrx_word' id='word_1_2' title='bbox 1095 527 1172 595; x_wconf 78' lang='lat'>1205</span> 
     </span>
    </p>
   </div>
   <div class='ocr_carea' id='block_1_2' title="bbox 104 697 1175 1252">
    <p class='ocr_par' dir='ltr' id='par_1_2' title="bbox 104 697 1175 1252">
     <span class='ocr_line' id='line_1_2' title="bbox 104 697 1174 783; baseline 0 -23"><span class='ocrx_word' id='word_1_3' title='bbox 104 716 175 780; x_wconf 85' lang='lat' dir='ltr'>supra</span> <span class='ocrx_word' id='word_1_4' title='bbox 189 703 217 765; x_wconf 91' lang='lat' dir='ltr'>in</span> <span class='ocrx_word' id='word_1_5' title='bbox 234 702 299 766; x_wconf 92' lang='lat' dir='ltr'>hoc</span> <span class='ocrx_word' id='word_1_6' title='bbox 314 700 453 766; x_wconf 92' lang='lat' dir='ltr'>articulo</span> <span class='ocrx_word' id='word_1_7' title='bbox 463 699 488 783; x_wconf 80' lang='lat' dir='ltr'>t)</span> <span class='ocrx_word' id='word_1_8' title='bbox 509 699 598 783; x_wconf 92' lang='lat' dir='ltr'>quod</span> <span class='ocrx_word' id='word_1_9' title='bbox 618 699 784 763; x_wconf 87' lang='lat' dir='ltr'>Dominus</span> <span class='ocrx_word' id='word_1_10' title='bbox 802 699 886 763; x_wconf 88' lang='lat' dir='ltr'>haec</span> <span class='ocrx_word' id='word_1_11' title='bbox 903 698 1028 762; x_wconf 86' lang='lat' dir='ltr'>dixerit</span> <span class='ocrx_word' id='word_1_12' title='bbox 1046 697 1174 760; x_wconf 90' lang='lat' dir='ltr'>mulieri</span> 
     </span>
     <span class='ocr_line' id='line_1_3' title="bbox 104 788 1173 876; baseline 0 -22"><span class='ocrx_word' id='word_1_13' title='bbox 104 788 267 868; x_wconf 78' lang='lat' dir='ltr'>Samaritidi,</span> <span class='ocrx_word' id='word_1_14' title='bbox 287 816 359 858; x_wconf 90' lang='lat' dir='ltr'>cum</span> <span class='ocrx_word' id='word_1_15' title='bbox 380 794 533 859; x_wconf 85' lang='lat' dir='ltr'>consedit</span> <span class='ocrx_word' id='word_1_16' title='bbox 553 794 652 876; x_wconf 86' lang='lat' dir='ltr'>juxta</span> <span class='ocrx_word' id='word_1_17' title='bbox 675 795 803 857; x_wconf 87' lang='lat' dir='ltr'>fontem</span> <span class='ocrx_word' id='word_1_18' title='bbox 821 794 949 875; x_wconf 92' lang='lat' dir='ltr'>Jacobi,</span> <span class='ocrx_word' id='word_1_19' title='bbox 970 801 1042 856; x_wconf 89' lang='lat' dir='ltr'>erat</span> <span class='ocrx_word' id='word_1_20' title='bbox 1062 812 1173 865; x_wconf 92' lang='lat' dir='ltr'>causa,</span> 
     </span>
     <span class='ocr_line' id='line_1_4' title="bbox 104 887 1173 970; baseline 0.001 -22"><span class='ocrx_word' id='word_1_21' title='bbox 104 887 153 966; x_wconf 65' lang='lat' dir='ltr'>luia</span> <span class='ocrx_word' id='word_1_22' title='bbox 164 909 214 970; x_wconf 91' lang='lat' dir='ltr'>per</span> <span class='ocrx_word' id='word_1_23' title='bbox 226 896 245 921; x_wconf 87' lang='lat'>“</span> <span class='ocrx_word' id='word_1_24' title='bbox 254 889 460 953; x_wconf 86' lang='lat' dir='ltr'>Samaritas”</span> <span class='ocrx_word' id='word_1_25' title='bbox 472 888 643 953; x_wconf 84' lang='lat' dir='ltr'>intellexit</span> <span class='ocrx_word' id='word_1_26' title='bbox 657 888 822 951; x_wconf 88' lang='lat' dir='ltr'>Dominus</span> <span class='ocrx_word' id='word_1_27' title='bbox 838 898 971 969; x_wconf 84' lang='lat' dir='ltr'>gentes,</span> <span class='ocrx_word' id='word_1_28' title='bbox 985 888 1041 968; x_wconf 92' lang='lat' dir='ltr'>qui</span> <span class='ocrx_word' id='word_1_29' title='bbox 1056 906 1173 968; x_wconf 88' lang='lat' dir='ltr'>recep·</span> 
     </span>
     <span class='ocr_line' id='line_1_5' title="bbox 104 980 1175 1066; baseline 0.003 -25"><span class='ocrx_word' id='word_1_30' title='bbox 104 983 142 1044; x_wconf 82' lang='lat' dir='ltr'>:uri</span> <span class='ocrx_word' id='word_1_31' title='bbox 155 982 266 1047; x_wconf 86' lang='lat' dir='ltr'>Divina</span> <span class='ocrx_word' id='word_1_32' title='bbox 284 1005 362 1047; x_wconf 89' lang='lat' dir='ltr'>vera</span> <span class='ocrx_word' id='word_1_33' title='bbox 380 985 423 1046; x_wconf 94' lang='lat' dir='ltr'>ab</span> <span class='ocrx_word' id='word_1_34' title='bbox 442 983 541 1065; x_wconf 87' lang='lat' dir='ltr'>Ipso;</span> <span class='ocrx_word' id='word_1_35' title='bbox 564 994 599 1046; x_wconf 91' lang='lat' dir='ltr'>et</span> <span class='ocrx_word' id='word_1_36' title='bbox 616 1003 675 1066; x_wconf 88' lang='lat' dir='ltr'>per</span> <span class='ocrx_word' id='word_1_37' title='bbox 692 989 710 1014; x_wconf 82' lang='lat'>‘⁴</span> <span class='ocrx_word' id='word_1_38' title='bbox 721 982 893 1045; x_wconf 89' lang='lat' dir='ltr'>mulierem</span> <span class='ocrx_word' id='word_1_39' title='bbox 914 980 1175 1044; x_wconf 88' lang='lat' dir='ltr'>Samaritidem‘’</span> 
     </span>
     <span class='ocr_line' id='line_1_6' title="bbox 104 1074 1175 1161; baseline 0.002 -25"><span class='ocrx_word' id='word_1_40' title='bbox 104 1075 237 1141; x_wconf 75' lang='lat' dir='ltr'>ecclesiam</span> <span class='ocrx_word' id='word_1_41' title='bbox 260 1099 304 1141; x_wconf 86' lang='lat' dir='ltr'>ex</span> <span class='ocrx_word' id='word_1_42' title='bbox 328 1077 411 1156; x_wconf 90' lang='lat' dir='ltr'>illis;</span> <span class='ocrx_word' id='word_1_43' title='bbox 434 1089 469 1142; x_wconf 99' lang='lat' dir='ltr'>et</span> <span class='ocrx_word' id='word_1_44' title='bbox 488 1079 564 1161; x_wconf 93' lang='lat' dir='ltr'>quia</span> <span class='ocrx_word' id='word_1_45' title='bbox 587 1099 646 1160; x_wconf 91' lang='lat' dir='ltr'>per</span> <span class='ocrx_word' id='word_1_46' title='bbox 665 1077 822 1141; x_wconf 82' lang='lat' dir='ltr'>“iontem</span> <span class='ocrx_word' id='word_1_47' title='bbox 842 1075 982 1158; x_wconf 87' lang='lat' dir='ltr'>Jacobi&#39;’</span> <span class='ocrx_word' id='word_1_48' title='bbox 1002 1074 1175 1138; x_wconf 89' lang='lat' dir='ltr'>intellexit</span> 
     </span>
     <span class='ocr_line' id='line_1_7' title="bbox 104 1164 1025 1252; baseline 0.003 -24"><span class='ocrx_word' id='word_1_49' title='bbox 104 1164 218 1236; x_wconf 79' lang='lat' dir='ltr'>livinum</span> <span class='ocrx_word' id='word_1_50' title='bbox 237 1171 365 1235; x_wconf 91' lang='lat' dir='ltr'>Verum</span> <span class='ocrx_word' id='word_1_51' title='bbox 383 1193 404 1236; x_wconf 89' lang='lat' dir='ltr'>a</span> <span class='ocrx_word' id='word_1_52' title='bbox 422 1170 477 1248; x_wconf 90' lang='lat' dir='ltr'>Se,</span> <span class='ocrx_word' id='word_1_53' title='bbox 493 1193 552 1235; x_wconf 91' lang='lat' dir='ltr'>seu</span> <span class='ocrx_word' id='word_1_54' title='bbox 570 1171 732 1235; x_wconf 89' lang='lat' dir='ltr'>Verbum.</span> <span class='ocrx_word' id='word_1_55' title='bbox 777 1170 881 1252; x_wconf 86' lang='lat' dir='ltr'><strong>Apud</strong></span> <span class='ocrx_word' id='word_1_56' title='bbox 898 1169 1025 1244; x_wconf 85' lang='lat' dir='ltr'>Mosen,</span> 
     </span>
    </p>
   </div>
   <div class='ocr_carea' id='block_1_3' title="bbox 104 1301 1176 2338">
    <p class='ocr_par' dir='ltr' id='par_1_3' title="bbox 126 1301 1173 1433">
     <span class='ocr_line' id='line_1_8' title="bbox 126 1301 1173 1433; baseline 0.02 -100"><span class='ocrx_word' id='word_1_57' title='bbox 126 1303 179 1354; x_wconf 73' lang='grc' dir='ltr'>ιιῐιι</span> <span class='ocrx_word' id='word_1_58' title='bbox 196 1306 333 1433; x_wconf 46' lang='lat' dir='ltr'>habitarat)</span> <span class='ocrx_word' id='word_1_59' title='bbox 347 1305 430 1356; x_wconf 79' lang='lat' dir='ltr'>israel</span> <span class='ocrx_word' id='word_1_60' title='bbox 450 1320 542 1356; x_wconf 82' lang='lat' dir='ltr'>secute</span> <span class='ocrx_word' id='word_1_61' title='bbox 562 1306 697 1364; x_wconf 76' lang='lat' dir='ltr'>solitarius</span> <span class='ocrx_word' id='word_1_62' title='bbox 717 1305 788 1368; x_wconf 91' lang='lat' dir='ltr'>apud</span> <span class='ocrx_word' id='word_1_63' title='bbox 808 1303 911 1354; x_wconf 79' lang='lat' dir='ltr'>iontem</span> <span class='ocrx_word' id='word_1_64' title='bbox 931 1301 1048 1369; x_wconf 82' lang='lat' dir='ltr'>Jacobi&#39;&#39;</span> <span class='ocrx_word' id='word_1_65' title='bbox 1068 1302 1173 1364; x_wconf 74' lang='lat' dir='ltr'>(Dente.</span> 
     </span>
     <span class='ocr_line' id='line_1_9' title="bbox 187 1386 347 1421; baseline 0.006 -1"><span class='ocrx_word' id='word_1_66' title='bbox 187 1386 278 1421; x_wconf 70' lang='lat' dir='ltr'>mill.</span> <span class='ocrx_word' id='word_1_67' title='bbox 340 1388 347 1421; x_wconf 75' lang='lat'>2</span> 
     </span>
    </p>

    <p class='ocr_par' dir='ltr' id='par_1_4' title="bbox 104 1500 1176 2338">
     <span class='ocr_line' id='line_1_10' title="bbox 104 1500 1176 1584; baseline 0 -22"><span class='ocrx_word' id='word_1_68' title='bbox 104 1518 148 1565; x_wconf 88' lang='lat' dir='ltr'>aec</span> <span class='ocrx_word' id='word_1_69' title='bbox 166 1503 197 1566; x_wconf 89' lang='lat' dir='ltr'>in</span> <span class='ocrx_word' id='word_1_70' title='bbox 224 1503 402 1584; x_wconf 86' lang='lat' dir='ltr'>prophetia</span> <span class='ocrx_word' id='word_1_71' title='bbox 426 1502 530 1566; x_wconf 84' lang='lat' dir='ltr'>Musis</span> <span class='ocrx_word' id='word_1_72' title='bbox 553 1503 594 1566; x_wconf 89' lang='lat' dir='ltr'>de</span> <span class='ocrx_word' id='word_1_73' title='bbox 617 1502 691 1566; x_wconf 89' lang='lat' dir='ltr'>filiis</span> <span class='ocrx_word' id='word_1_74' title='bbox 715 1501 860 1577; x_wconf 85' lang='lat' dir='ltr'>israelis,</span> <span class='ocrx_word' id='word_1_75' title='bbox 884 1521 970 1584; x_wconf 90' lang='lat' dir='ltr'>quae</span> <span class='ocrx_word' id='word_1_76' title='bbox 997 1500 1176 1583; x_wconf 85' lang='lat' dir='ltr'>prophetia</span> 
     </span>
     <span class='ocr_line' id='line_1_11' title="bbox 104 1594 1175 1678; baseline 0.003 -24"><span class='ocrx_word' id='word_1_77' title='bbox 104 1612 129 1655; x_wconf 85' lang='lat' dir='ltr'>er</span> <span class='ocrx_word' id='word_1_78' title='bbox 146 1595 222 1660; x_wconf 86' lang='lat' dir='ltr'>haec</span> <span class='ocrx_word' id='word_1_79' title='bbox 245 1596 466 1660; x_wconf 82' lang='lat' dir='ltr'>concluditur.</span> <span class='ocrx_word' id='word_1_80' title='bbox 511 1595 598 1678; x_wconf 87' lang='lat' dir='ltr'>Quia</span> <span class='ocrx_word' id='word_1_81' title='bbox 621 1595 781 1660; x_wconf 85' lang='lat' dir='ltr'>“lsrael&#39;&#39;</span> <span class='ocrx_word' id='word_1_82' title='bbox 803 1597 846 1659; x_wconf 94' lang='lat' dir='ltr'>ibi</span> <span class='ocrx_word' id='word_1_83' title='bbox 874 1595 1041 1678; x_wconf 85' lang='lat' dir='ltr'>significat</span> <span class='ocrx_word' id='word_1_84' title='bbox 1065 1594 1175 1658; x_wconf 91' lang='lat' dir='ltr'>eccle·</span> 
     </span>
     <span class='ocr_line' id='line_1_12' title="bbox 105 1689 1175 1773; baseline 0.001 -23"><span class='ocrx_word' id='word_1_85' title='bbox 105 1706 147 1752; x_wconf 86' lang='lat' dir='ltr'>am</span> <span class='ocrx_word' id='word_1_86' title='bbox 163 1711 245 1773; x_wconf 90' lang='lat' dir='ltr'>quae</span> <span class='ocrx_word' id='word_1_87' title='bbox 269 1692 302 1754; x_wconf 91' lang='lat' dir='ltr'>in</span> <span class='ocrx_word' id='word_1_88' title='bbox 327 1691 456 1753; x_wconf 87' lang='lat' dir='ltr'>Divinis</span> <span class='ocrx_word' id='word_1_89' title='bbox 474 1692 560 1754; x_wconf 90' lang='lat' dir='ltr'>veris</span> <span class='ocrx_word' id='word_1_90' title='bbox 583 1712 627 1753; x_wconf 86' lang='lat' dir='ltr'>ex</span> <span class='ocrx_word' id='word_1_91' title='bbox 647 1690 764 1755; x_wconf 89' lang='lat' dir='ltr'>Verbo</span> <span class='ocrx_word' id='word_1_92' title='bbox 782 1701 846 1765; x_wconf 91' lang='lat' dir='ltr'>est,</span> <span class='ocrx_word' id='word_1_93' title='bbox 867 1690 944 1753; x_wconf 90' lang='lat' dir='ltr'>ideo</span> <span class='ocrx_word' id='word_1_94' title='bbox 963 1689 1084 1752; x_wconf 91' lang='lat' dir='ltr'>dicitur</span> <span class='ocrx_word' id='word_1_95' title='bbox 1104 1689 1175 1751; x_wconf 85' lang='lat' dir='ltr'>“ad</span> 
     </span>
     <span class='ocr_line' id='line_1_13' title="bbox 104 1784 1175 1868; baseline 0.003 -25"><span class='ocrx_word' id='word_1_96' title='bbox 104 1792 187 1847; x_wconf 84' lang='lat' dir='ltr'>ntem</span> <span class='ocrx_word' id='word_1_97' title='bbox 204 1785 351 1866; x_wconf 89' lang='lat' dir='ltr'>Jacobi,”</span> <span class='ocrx_word' id='word_1_98' title='bbox 370 1805 429 1866; x_wconf 90' lang='lat' dir='ltr'>per</span> <span class='ocrx_word' id='word_1_99' title='bbox 447 1805 546 1868; x_wconf 92' lang='lat' dir='ltr'>quem</span> <span class='ocrx_word' id='word_1_100' title='bbox 564 1784 765 1866; x_wconf 86' lang='lat' dir='ltr'>intelligitur</span> <span class='ocrx_word' id='word_1_101' title='bbox 780 1784 953 1861; x_wconf 90' lang='lat' dir='ltr'>Verbum;</span> <span class='ocrx_word' id='word_1_102' title='bbox 977 1785 1025 1847; x_wconf 94' lang='lat' dir='ltr'>ita</span> <span class='ocrx_word' id='word_1_103' title='bbox 1041 1804 1175 1866; x_wconf 91' lang='lat' dir='ltr'>quoque</span> 
     </span>
     <span class='ocr_line' id='line_1_14' title="bbox 104 1878 1176 1962; baseline 0.003 -25"><span class='ocrx_word' id='word_1_104' title='bbox 104 1880 224 1942; x_wconf 73' lang='lat' dir='ltr'>lominus</span> <span class='ocrx_word' id='word_1_105' title='bbox 244 1879 354 1962; x_wconf 92' lang='lat' dir='ltr'>quoad</span> <span class='ocrx_word' id='word_1_106' title='bbox 378 1878 539 1953; x_wconf 90' lang='lat' dir='ltr'>Verbum,</span> <span class='ocrx_word' id='word_1_107' title='bbox 560 1879 636 1961; x_wconf 90' lang='lat' dir='ltr'>Ipse</span> <span class='ocrx_word' id='word_1_108' title='bbox 659 1881 748 1942; x_wconf 91' lang='lat' dir='ltr'>enim</span> <span class='ocrx_word' id='word_1_109' title='bbox 772 1888 824 1943; x_wconf 90' lang='lat' dir='ltr'>est</span> <span class='ocrx_word' id='word_1_110' title='bbox 844 1878 1007 1953; x_wconf 89' lang='lat' dir='ltr'>Verbum,</span> <span class='ocrx_word' id='word_1_111' title='bbox 1027 1879 1103 1961; x_wconf 90' lang='lat' dir='ltr'>quia</span> <span class='ocrx_word' id='word_1_112' title='bbox 1122 1888 1176 1941; x_wconf 89' lang='lat' dir='ltr'>est</span> 
     </span>
     <span class='ocr_line' id='line_1_15' title="bbox 104 1967 1174 2055; baseline 0.003 -24"><span class='ocrx_word' id='word_1_113' title='bbox 104 1967 217 2036; x_wconf 84' lang='lat' dir='ltr'>ivinum</span> <span class='ocrx_word' id='word_1_114' title='bbox 234 1973 373 2049; x_wconf 89' lang='lat' dir='ltr'>Verum,</span> <span class='ocrx_word' id='word_1_115' title='bbox 391 1985 426 2037; x_wconf 92' lang='lat' dir='ltr'>ut</span> <span class='ocrx_word' id='word_1_116' title='bbox 444 1974 520 2055; x_wconf 91' lang='lat' dir='ltr'>Ipse</span> <span class='ocrx_word' id='word_1_117' title='bbox 537 1975 637 2037; x_wconf 88' lang='lat' dir='ltr'>docet</span> <span class='ocrx_word' id='word_1_118' title='bbox 654 1975 742 2055; x_wconf 91' lang='lat' dir='ltr'>apud</span> <span class='ocrx_word' id='word_1_119' title='bbox 759 1973 949 2048; x_wconf 77' lang='lat' dir='ltr'>Johannem</span> <span class='ocrx_word' id='word_1_120' title='bbox 967 1973 1088 2054; x_wconf 87' lang='lat' dir='ltr'>(capi.</span> <span class='ocrx_word' id='word_1_121' title='bbox 1106 1989 1174 2052; x_wconf 87' lang='lat'>1-3,</span> 
     </span>
     <span class='ocr_line' id='line_1_16' title="bbox 104 2060 1174 2150; baseline -0.002 -20"><span class='ocrx_word' id='word_1_122' title='bbox 104 2060 134 2144; x_wconf 80' lang='lat' dir='ltr'>t).</span> <span class='ocrx_word' id='word_1_123' title='bbox 172 2067 265 2131; x_wconf 91' lang='lat' dir='ltr'>Haec</span> <span class='ocrx_word' id='word_1_124' title='bbox 283 2066 466 2132; x_wconf 74' lang='lat' dir='ltr'>dictasunt</span> <span class='ocrx_word' id='word_1_125' title='bbox 485 2069 517 2131; x_wconf 91' lang='lat' dir='ltr'>in</span> <span class='ocrx_word' id='word_1_126' title='bbox 538 2067 601 2132; x_wconf 88' lang='lat' dir='ltr'>fine</span> <span class='ocrx_word' id='word_1_127' title='bbox 622 2069 818 2150; x_wconf 91' lang='lat' dir='ltr'>prophetiae</span> <span class='ocrx_word' id='word_1_128' title='bbox 835 2068 933 2142; x_wconf 90' lang='lat' dir='ltr'>illius,</span> <span class='ocrx_word' id='word_1_129' title='bbox 950 2069 1028 2150; x_wconf 91' lang='lat' dir='ltr'>quia</span> <span class='ocrx_word' id='word_1_130' title='bbox 1046 2069 1079 2129; x_wconf 91' lang='lat' dir='ltr'>in</span> <span class='ocrx_word' id='word_1_131' title='bbox 1097 2087 1174 2148; x_wconf 89' lang='lat' dir='ltr'>pro·</span> 
     </span>
     <span class='ocr_line' id='line_1_17' title="bbox 104 2160 1175 2247; baseline 0.003 -29"><span class='ocrx_word' id='word_1_132' title='bbox 104 2160 176 2223; x_wconf 79' lang='lat' dir='ltr'>ietia</span> <span class='ocrx_word' id='word_1_133' title='bbox 200 2160 257 2225; x_wconf 91' lang='lat' dir='ltr'>illa</span> <span class='ocrx_word' id='word_1_134' title='bbox 284 2163 395 2243; x_wconf 88' lang='lat' dir='ltr'>agitur</span> <span class='ocrx_word' id='word_1_135' title='bbox 418 2163 459 2225; x_wconf 91' lang='lat' dir='ltr'>de</span> <span class='ocrx_word' id='word_1_136' title='bbox 483 2161 608 2225; x_wconf 91' lang='lat' dir='ltr'>Verbo.</span> <span class='ocrx_word' id='word_1_137' title='bbox 654 2161 769 2225; x_wconf 90' lang='lat' dir='ltr'>Simile</span> <span class='ocrx_word' id='word_1_138' title='bbox 795 2182 855 2247; x_wconf 89' lang='lat' dir='ltr'>per</span> <span class='ocrx_word' id='word_1_139' title='bbox 878 2161 1058 2225; x_wconf 85' lang='lat' dir='ltr'>“fontem&#39;’</span> <span class='ocrx_word' id='word_1_140' title='bbox 1081 2160 1175 2235; x_wconf 88' lang='lat' dir='ltr'>illum</span> 
     </span>
     <span class='ocr_line' id='line_1_18' title="bbox 106 2250 1142 2338; baseline 0.005 -25"><span class='ocrx_word' id='word_1_141' title='bbox 106 2250 163 2318; x_wconf 88' lang='lat' dir='ltr'>iam</span> <span class='ocrx_word' id='word_1_142' title='bbox 182 2256 381 2338; x_wconf 86' lang='lat' dir='ltr'>intelligitur</span> <span class='ocrx_word' id='word_1_143' title='bbox 399 2257 431 2319; x_wconf 92' lang='lat' dir='ltr'>in</span> <span class='ocrx_word' id='word_1_144' title='bbox 451 2257 627 2338; x_wconf 88' lang='lat' dir='ltr'>prophetia</span> <span class='ocrx_word' id='word_1_145' title='bbox 645 2257 778 2320; x_wconf 89' lang='lat' dir='ltr'>Israelis</span> <span class='ocrx_word' id='word_1_146' title='bbox 797 2257 901 2338; x_wconf 92' lang='lat' dir='ltr'>patris</span> <span class='ocrx_word' id='word_1_147' title='bbox 920 2256 962 2319; x_wconf 90' lang='lat' dir='ltr'>de</span> <span class='ocrx_word' id='word_1_148' title='bbox 980 2255 1142 2337; x_wconf 87' lang='lat' dir='ltr'>Josepho,</span> 
     </span>
    </p>
   </div>
   <div class='ocr_carea' id='block_1_4' title="bbox 118 2395 1184 2465">
    <p class='ocr_par' dir='ltr' id='par_1_5' title="bbox 118 2395 1184 2465">
     <span class='ocr_line' id='line_1_19' title="bbox 118 2395 1184 2465; baseline 0 -17"><span class='ocrx_word' id='word_1_149' title='bbox 118 2398 217 2449; x_wconf 74' lang='lat' dir='ltr'>“Filius</span> <span class='ocrx_word' id='word_1_150' title='bbox 225 2400 357 2450; x_wconf 72' lang='lat' dir='ltr'>fecundae</span> <span class='ocrx_word' id='word_1_151' title='bbox 366 2399 507 2465; x_wconf 80' lang='lat' dir='ltr'>Josephus,</span> <span class='ocrx_word' id='word_1_152' title='bbox 519 2400 589 2449; x_wconf 82' lang='lat' dir='ltr'>filius</span> <span class='ocrx_word' id='word_1_153' title='bbox 598 2400 728 2450; x_wconf 84' lang='lat' dir='ltr'>iecundae</span> <span class='ocrx_word' id='word_1_154' title='bbox 739 2399 815 2463; x_wconf 80' lang='lat' dir='ltr'>juxta</span> <span class='ocrx_word' id='word_1_155' title='bbox 826 2399 929 2449; x_wconf 82' lang='lat' dir='ltr'>iontem</span> <span class='ocrx_word' id='word_1_156' title='bbox 937 2398 951 2418; x_wconf 83' lang='lat'>&#39;&#39;</span> <span class='ocrx_word' id='word_1_157' title='bbox 960 2398 1033 2461; x_wconf 85' lang='lat' dir='ltr'>(Gen.</span> <span class='ocrx_word' id='word_1_158' title='bbox 1044 2399 1106 2448; x_wconf 81' lang='lat' dir='ltr'>xlix.</span> <span class='ocrx_word' id='word_1_159' title='bbox 1118 2395 1160 2459; x_wconf 86' lang='lat'>22)</span> <span class='ocrx_word' id='word_1_160' title='bbox 1168 2412 1184 2448; x_wconf 74' lang='grc' dir='ltr'>ε.</span> 
     </span>
    </p>
   </div>
   <div class='ocr_carea' id='block_1_5' title="bbox 104 2531 1176 3082">
    <p class='ocr_par' dir='ltr' id='par_1_6' title="bbox 104 2531 1176 3082">
     <span class='ocr_line' id='line_1_20' title="bbox 104 2531 1176 2614; baseline -0.001 -21"><span class='ocrx_word' id='word_1_161' title='bbox 104 2548 125 2592; x_wconf 72' lang='lat' dir='ltr'>tr</span> <span class='ocrx_word' id='word_1_162' title='bbox 138 2531 316 2594; x_wconf 83' lang='lat' dir='ltr'>“iontem”</span> <span class='ocrx_word' id='word_1_163' title='bbox 333 2531 385 2594; x_wconf 92' lang='lat' dir='ltr'>hic</span> <span class='ocrx_word' id='word_1_164' title='bbox 404 2532 604 2614; x_wconf 86' lang='lat' dir='ltr'>intelligitur</span> <span class='ocrx_word' id='word_1_165' title='bbox 621 2532 695 2595; x_wconf 82' lang='lat' dir='ltr'>lons</span> <span class='ocrx_word' id='word_1_166' title='bbox 713 2532 841 2613; x_wconf 93' lang='lat' dir='ltr'>Jacobi,</span> <span class='ocrx_word' id='word_1_167' title='bbox 862 2550 939 2594; x_wconf 89' lang='lat' dir='ltr'>nam</span> <span class='ocrx_word' id='word_1_168' title='bbox 959 2551 1041 2612; x_wconf 90' lang='lat' dir='ltr'>ager</span> <span class='ocrx_word' id='word_1_169' title='bbox 1059 2531 1091 2593; x_wconf 92' lang='lat' dir='ltr'>in</span> <span class='ocrx_word' id='word_1_170' title='bbox 1108 2550 1176 2612; x_wconf 88' lang='lat' dir='ltr'>quo</span> 
     </span>
     <span class='ocr_line' id='line_1_21' title="bbox 105 2623 1175 2708; baseline -0.001 -21"><span class='ocrx_word' id='word_1_171' title='bbox 105 2644 123 2686; x_wconf 90' lang='lat' dir='ltr'>e</span> <span class='ocrx_word' id='word_1_172' title='bbox 138 2625 218 2699; x_wconf 89' lang='lat' dir='ltr'>fons,</span> <span class='ocrx_word' id='word_1_173' title='bbox 236 2624 337 2688; x_wconf 89' lang='lat' dir='ltr'>datus</span> <span class='ocrx_word' id='word_1_174' title='bbox 355 2636 427 2689; x_wconf 92' lang='lat' dir='ltr'>erat</span> <span class='ocrx_word' id='word_1_175' title='bbox 442 2625 590 2707; x_wconf 89' lang='lat' dir='ltr'>Josepho</span> <span class='ocrx_word' id='word_1_176' title='bbox 608 2647 628 2689; x_wconf 90' lang='lat' dir='ltr'>a</span> <span class='ocrx_word' id='word_1_177' title='bbox 647 2637 743 2706; x_wconf 89' lang='lat' dir='ltr'>patre</span> <span class='ocrx_word' id='word_1_178' title='bbox 762 2626 831 2708; x_wconf 86' lang='lat' dir='ltr'>ejus</span> <span class='ocrx_word' id='word_1_179' title='bbox 850 2625 1019 2706; x_wconf 87' lang='lat' dir='ltr'>(videatur</span> <span class='ocrx_word' id='word_1_180' title='bbox 1035 2624 1116 2698; x_wconf 76' lang='lat' dir='ltr'>Joh.</span> <span class='ocrx_word' id='word_1_181' title='bbox 1133 2623 1175 2686; x_wconf 92' lang='lat' dir='ltr'>iv.</span> 
     </span>
     <span class='ocr_line' id='line_1_22' title="bbox 109 2718 1175 2803; baseline -0.001 -22"><span class='ocrx_word' id='word_1_182' title='bbox 109 2718 158 2801; x_wconf 91' lang='lat'>6):</span> <span class='ocrx_word' id='word_1_183' title='bbox 182 2721 259 2803; x_wconf 89' lang='lat' dir='ltr'>quid</span> <span class='ocrx_word' id='word_1_184' title='bbox 277 2719 484 2802; x_wconf 87' lang='lat' dir='ltr'>significatur</span> <span class='ocrx_word' id='word_1_185' title='bbox 498 2741 555 2802; x_wconf 91' lang='lat' dir='ltr'>per</span> <span class='ocrx_word' id='word_1_186' title='bbox 569 2721 702 2783; x_wconf 79' lang='lat' dir='ltr'>“Filius</span> <span class='ocrx_word' id='word_1_187' title='bbox 718 2721 881 2784; x_wconf 82' lang='lat' dir='ltr'>secundae</span> <span class='ocrx_word' id='word_1_188' title='bbox 896 2719 1074 2802; x_wconf 90' lang='lat' dir='ltr'>Josephus,</span> <span class='ocrx_word' id='word_1_189' title='bbox 1088 2718 1175 2781; x_wconf 88' lang='lat' dir='ltr'>filius</span> 
     </span>
     <span class='ocr_line' id='line_1_23' title="bbox 104 2811 1174 2894; baseline 0.001 -22"><span class='ocrx_word' id='word_1_190' title='bbox 104 2812 223 2875; x_wconf 89' lang='lat' dir='ltr'>cundae</span> <span class='ocrx_word' id='word_1_191' title='bbox 232 2812 334 2892; x_wconf 89' lang='lat' dir='ltr'>juxta</span> <span class='ocrx_word' id='word_1_192' title='bbox 345 2812 507 2886; x_wconf 84' lang='lat' dir='ltr'>fontem,”</span> <span class='ocrx_word' id='word_1_193' title='bbox 518 2813 676 2876; x_wconf 92' lang='lat' dir='ltr'>videatur</span> <span class='ocrx_word' id='word_1_194' title='bbox 686 2833 788 2894; x_wconf 91' lang='lat' dir='ltr'>supra</span> <span class='ocrx_word' id='word_1_195' title='bbox 800 2814 965 2891; x_wconf 79' lang='lat' dir='ltr'>(n.448[t]).</span> <span class='ocrx_word' id='word_1_196' title='bbox 995 2811 1174 2874; x_wconf 83' lang='lat' dir='ltr'>Per“lon-</span> 
     </span>
     <span class='ocr_line' id='line_1_24' title="bbox 104 2904 1175 2987; baseline 0 -21"><span class='ocrx_word' id='word_1_197' title='bbox 104 2904 152 2966; x_wconf 88' lang='lat' dir='ltr'>m”</span> <span class='ocrx_word' id='word_1_198' title='bbox 174 2907 276 2968; x_wconf 89' lang='lat' dir='ltr'>etiam</span> <span class='ocrx_word' id='word_1_199' title='bbox 304 2905 503 2986; x_wconf 89' lang='lat' dir='ltr'>intelligitur</span> <span class='ocrx_word' id='word_1_200' title='bbox 526 2904 689 2978; x_wconf 90' lang='lat' dir='ltr'>Verbum,</span> <span class='ocrx_word' id='word_1_201' title='bbox 713 2926 753 2970; x_wconf 92' lang='lat' dir='ltr'>ac</span> <span class='ocrx_word' id='word_1_202' title='bbox 781 2925 841 2987; x_wconf 89' lang='lat' dir='ltr'>per</span> <span class='ocrx_word' id='word_1_203' title='bbox 864 2905 1028 2967; x_wconf 85' lang='lat' dir='ltr'>“fontes&#39;‘</span> <span class='ocrx_word' id='word_1_204' title='bbox 1052 2904 1175 2967; x_wconf 90' lang='lat' dir='ltr'>Divina</span> 
     </span>
     <span class='ocr_line' id='line_1_25' title="bbox 105 2999 587 3082; baseline 0 -21"><span class='ocrx_word' id='word_1_205' title='bbox 105 3018 137 3062; x_wconf 89' lang='lat' dir='ltr'>ra</span> <span class='ocrx_word' id='word_1_206' title='bbox 154 3020 198 3062; x_wconf 86' lang='lat' dir='ltr'>ex</span> <span class='ocrx_word' id='word_1_207' title='bbox 217 2999 287 3074; x_wconf 93' lang='lat' dir='ltr'>illo,</span> <span class='ocrx_word' id='word_1_208' title='bbox 307 3001 395 3082; x_wconf 89' lang='lat' dir='ltr'>apud</span> <span class='ocrx_word' id='word_1_209' title='bbox 414 3000 587 3074; x_wconf 78' lang='lat' dir='ltr'>Davidem,</span> 
     </span>
    </p>
   </div>
   <div class='ocr_carea' id='block_1_6' title="bbox 112 3129 1172 3263">
    <p class='ocr_par' dir='ltr' id='par_1_7' title="bbox 112 3129 1172 3263">
     <span class='ocr_line' id='line_1_26' title="bbox 112 3129 1172 3196; baseline 0.003 -16"><span class='ocrx_word' id='word_1_210' title='bbox 112 3129 166 3181; x_wconf 83' lang='lat' dir='ltr'>“lu</span> <span class='ocrx_word' id='word_1_211' title='bbox 183 3133 437 3196; x_wconf 81' lang='lat' dir='ltr'>congregationibus</span> <span class='ocrx_word' id='word_1_212' title='bbox 454 3133 602 3183; x_wconf 86' lang='lat' dir='ltr'>benedicite</span> <span class='ocrx_word' id='word_1_213' title='bbox 621 3133 688 3192; x_wconf 89' lang='lat' dir='ltr'>Deo,</span> <span class='ocrx_word' id='word_1_214' title='bbox 709 3132 827 3182; x_wconf 84' lang='lat' dir='ltr'>Domino</span> <span class='ocrx_word' id='word_1_215' title='bbox 844 3147 859 3183; x_wconf 93' lang='lat' dir='ltr'>e</span> <span class='ocrx_word' id='word_1_216' title='bbox 877 3132 952 3182; x_wconf 78' lang='lat' dir='ltr'>toute</span> <span class='ocrx_word' id='word_1_217' title='bbox 971 3131 1078 3183; x_wconf 79' lang='lat' dir='ltr'>Israelis</span> <span class='ocrx_word' id='word_1_218' title='bbox 1085 3129 1100 3151; x_wconf 88' lang='lat'><strong>”</strong></span> <span class='ocrx_word' id='word_1_219' title='bbox 1114 3129 1172 3194; x_wconf 77' lang='lat' dir='ltr'>(Pe.</span> 
     </span>
     <span class='ocr_line' id='line_1_27' title="bbox 186 3194 527 3263; baseline 0 -17"><span class='ocrx_word' id='word_1_220' title='bbox 186 3198 269 3247; x_wconf 81' lang='lat' dir='ltr'>lxviii.</span> <span class='ocrx_word' id='word_1_221' title='bbox 282 3194 338 3258; x_wconf 75' lang='lat'>¹¹¹27</span> <span class='ocrx_word' id='word_1_222' title='bbox 352 3195 397 3263; x_wconf 90' lang='lat' dir='ltr'>[B.</span> <span class='ocrx_word' id='word_1_223' title='bbox 408 3200 443 3248; x_wconf 83' lang='lat' dir='ltr'>A.</span> <span class='ocrx_word' id='word_1_224' title='bbox 456 3195 527 3263; x_wconf 80' lang='lat'><strong>26]);</strong></span> 
     </span>
    </p>
   </div>
   <div class='ocr_carea' id='block_1_7' title="bbox 111 3292 1001 3487">
    <p class='ocr_par' dir='ltr' id='par_1_8' title="bbox 111 3292 1001 3487">
     <span class='ocr_line' id='line_1_28' title="bbox 111 3292 323 3393; baseline 0.009 -21"><span class='ocrx_word' id='word_1_225' title='bbox 111 3292 323 3393; x_wconf 63' lang='lat' dir='ltr'>Apocalypsi,</span> 
     </span>
     <span class='ocr_line' id='line_1_29' title="bbox 232 3420 1001 3487; baseline 0.001 -17"><span class='ocrx_word' id='word_1_226' title='bbox 232 3421 362 3471; x_wconf 84' lang='lat' dir='ltr'>“sitienti</span> <span class='ocrx_word' id='word_1_227' title='bbox 373 3421 444 3471; x_wconf 90' lang='lat' dir='ltr'>dabo</span> <span class='ocrx_word' id='word_1_228' title='bbox 456 3436 489 3471; x_wconf 88' lang='lat' dir='ltr'>ex</span> <span class='ocrx_word' id='word_1_229' title='bbox 501 3420 577 3472; x_wconf 84' lang='lat' dir='ltr'>lonte</span> <span class='ocrx_word' id='word_1_230' title='bbox 588 3437 673 3487; x_wconf 81' lang='lat' dir='ltr'>aquae</span> <span class='ocrx_word' id='word_1_231' title='bbox 685 3423 756 3472; x_wconf 85' lang='lat' dir='ltr'>vitae</span> <span class='ocrx_word' id='word_1_232' title='bbox 768 3420 873 3484; x_wconf 81' lang='lat' dir='ltr'>gratie”</span> <span class='ocrx_word' id='word_1_233' title='bbox 885 3421 948 3484; x_wconf 85' lang='lat' dir='ltr'>(xxi.</span> <span class='ocrx_word' id='word_1_234' title='bbox 960 3421 1001 3484; x_wconf 70' lang='lat'>6):</span> 
     </span>
    </p>
   </div>
   <div class='ocr_carea' id='block_1_8' title="bbox 104 3533 1072 3707">
    <p class='ocr_par' dir='ltr' id='par_1_9' title="bbox 104 3533 1072 3707">
     <span class='ocr_line' id='line_1_30' title="bbox 104 3533 316 3619; baseline 0.009 -24"><span class='ocrx_word' id='word_1_235' title='bbox 104 3533 146 3597; x_wconf 88' lang='lat' dir='ltr'>ud</span> <span class='ocrx_word' id='word_1_236' title='bbox 164 3533 316 3619; x_wconf 70' lang='lat' dir='ltr'>Esaiam,</span> 
     </span>
     <span class='ocr_line' id='line_1_31' title="bbox 144 3643 1072 3707; baseline -0.002 -13"><span class='ocrx_word' id='word_1_237' title='bbox 144 3643 244 3694; x_wconf 85' lang='lat' dir='ltr'>“Tunc</span> <span class='ocrx_word' id='word_1_238' title='bbox 255 3645 383 3693; x_wconf 72' lang='lat' dir='ltr'>haurietis</span> <span class='ocrx_word' id='word_1_239' title='bbox 395 3657 478 3707; x_wconf 64' lang='lat' dir='ltr'>aqum</span> <span class='ocrx_word' id='word_1_240' title='bbox 490 3659 550 3694; x_wconf 84' lang='lat' dir='ltr'>cum</span> <span class='ocrx_word' id='word_1_241' title='bbox 563 3645 665 3694; x_wconf 85' lang='lat' dir='ltr'>laetitia</span> <span class='ocrx_word' id='word_1_242' title='bbox 675 3659 690 3694; x_wconf 98' lang='lat' dir='ltr'>e</span> <span class='ocrx_word' id='word_1_243' title='bbox 702 3643 823 3694; x_wconf 81' lang='lat' dir='ltr'>lontibus</span> <span class='ocrx_word' id='word_1_244' title='bbox 834 3643 950 3694; x_wconf 78' lang='lat' dir='ltr'>salutie”</span> <span class='ocrx_word' id='word_1_245' title='bbox 961 3643 1017 3705; x_wconf 84' lang='lat' dir='ltr'>(xii.</span> <span class='ocrx_word' id='word_1_246' title='bbox 1030 3646 1072 3706; x_wconf 77' lang='lat'>3);</span> 
     </span>
    </p>
   </div>
   <div class='ocr_carea' id='block_1_9' title="bbox 104 3758 1009 3933">
    <p class='ocr_par' dir='ltr' id='par_1_10' title="bbox 104 3758 1009 3933">
     <span class='ocr_line' id='line_1_32' title="bbox 104 3758 338 3834; baseline 0.009 -14"><span class='ocrx_word' id='word_1_247' title='bbox 104 3758 146 3821; x_wconf 89' lang='lat' dir='ltr'>ud</span> <span class='ocrx_word' id='word_1_248' title='bbox 162 3758 338 3834; x_wconf 82' lang='lat' dir='ltr'>Davidem,</span> 
     </span>
     <span class='ocr_line' id='line_1_33' title="bbox 226 3867 1009 3933; baseline 0.003 -15"><span class='ocrx_word' id='word_1_249' title='bbox 226 3871 243 3893; x_wconf 81' lang='lat'>‘⁶</span> <span class='ocrx_word' id='word_1_250' title='bbox 251 3868 354 3919; x_wconf 81' lang='lat' dir='ltr'>Omnes</span> <span class='ocrx_word' id='word_1_251' title='bbox 365 3867 455 3919; x_wconf 76' lang='lat' dir='ltr'>tontes</span> <span class='ocrx_word' id='word_1_252' title='bbox 468 3869 520 3918; x_wconf 85' lang='lat' dir='ltr'>mei</span> <span class='ocrx_word' id='word_1_253' title='bbox 533 3868 560 3918; x_wconf 93' lang='lat' dir='ltr'>in</span> <span class='ocrx_word' id='word_1_254' title='bbox 573 3867 640 3928; x_wconf 85' lang='lat' dir='ltr'>Te,”</span> <span class='ocrx_word' id='word_1_255' title='bbox 651 3867 774 3933; x_wconf 78' lang='lat' dir='ltr'>Jehouah</span> <span class='ocrx_word' id='word_1_256' title='bbox 786 3867 842 3929; x_wconf 88' lang='lat' dir='ltr'>(Pa.</span> <span class='ocrx_word' id='word_1_257' title='bbox 853 3867 963 3918; x_wconf 76' lang='lat' dir='ltr'>lxxxvii</span> <span class='ocrx_word' id='word_1_258' title='bbox 976 3867 1009 3928; x_wconf 85' lang='lat'>7).</span> 
     </span>
    </p>
   </div>
   <div class='ocr_carea' id='block_1_10' title="bbox 104 3997 1174 4268">
    <p class='ocr_par' dir='ltr' id='par_1_11' title="bbox 104 3997 1174 4268">
     <span class='ocr_line' id='line_1_34' title="bbox 104 3997 1173 4084; baseline 0.001 -25"><span class='ocrx_word' id='word_1_259' title='bbox 104 4002 226 4065; x_wconf 91' lang='lat' dir='ltr'>uoniam</span> <span class='ocrx_word' id='word_1_260' title='bbox 250 4000 408 4084; x_wconf 89' lang='lat' dir='ltr'>pleraque</span> <span class='ocrx_word' id='word_1_261' title='bbox 431 4002 464 4064; x_wconf 92' lang='lat' dir='ltr'>in</span> <span class='ocrx_word' id='word_1_262' title='bbox 484 3999 600 4064; x_wconf 92' lang='lat' dir='ltr'>Verbo</span> <span class='ocrx_word' id='word_1_263' title='bbox 618 4001 721 4064; x_wconf 92' lang='lat' dir='ltr'>etiam</span> <span class='ocrx_word' id='word_1_264' title='bbox 740 4018 876 4063; x_wconf 90' lang='lat' dir='ltr'>sensum</span> <span class='ocrx_word' id='word_1_265' title='bbox 895 3998 1089 4080; x_wconf 89' lang='lat' dir='ltr'>oppositum</span> <span class='ocrx_word' id='word_1_266' title='bbox 1112 3997 1173 4060; x_wconf 93' lang='lat' dir='ltr'>ha·</span> 
     </span>
     <span class='ocr_line' id='line_1_35' title="bbox 104 4092 1174 4177; baseline 0 -23"><span class='ocrx_word' id='word_1_267' title='bbox 104 4104 150 4167; x_wconf 88' lang='lat' dir='ltr'>nt,</span> <span class='ocrx_word' id='word_1_268' title='bbox 166 4097 213 4160; x_wconf 89' lang='lat' dir='ltr'>ita</span> <span class='ocrx_word' id='word_1_269' title='bbox 230 4098 334 4159; x_wconf 90' lang='lat' dir='ltr'>etiarn</span> <span class='ocrx_word' id='word_1_270' title='bbox 352 4095 476 4159; x_wconf 87' lang='lat' dir='ltr'>“sons”</span> <span class='ocrx_word' id='word_1_271' title='bbox 494 4107 529 4160; x_wconf 91' lang='lat' dir='ltr'>et</span> <span class='ocrx_word' id='word_1_272' title='bbox 547 4095 715 4169; x_wconf 84' lang='lat' dir='ltr'>“lontes,”</span> <span class='ocrx_word' id='word_1_273' title='bbox 730 4096 764 4157; x_wconf 91' lang='lat' dir='ltr'>in</span> <span class='ocrx_word' id='word_1_274' title='bbox 780 4115 847 4177; x_wconf 93' lang='lat' dir='ltr'>quo</span> <span class='ocrx_word' id='word_1_275' title='bbox 866 4115 966 4157; x_wconf 90' lang='lat' dir='ltr'>sensu</span> <span class='ocrx_word' id='word_1_276' title='bbox 982 4092 1174 4175; x_wconf 85' lang='lat' dir='ltr'>significant</span> 
     </span>
     <span class='ocr_line' id='line_1_36' title="bbox 104 4183 1171 4268; baseline -0.003 -17"><span class='ocrx_word' id='word_1_277' title='bbox 104 4183 241 4253; x_wconf 67' lang='lat' dir='ltr'>&amp;tinam</span> <span class='ocrx_word' id='word_1_278' title='bbox 254 4191 414 4253; x_wconf 81' lang='lat' dir='ltr'>salsorum</span> <span class='ocrx_word' id='word_1_279' title='bbox 426 4209 465 4253; x_wconf 92' lang='lat' dir='ltr'>ac</span> <span class='ocrx_word' id='word_1_280' title='bbox 477 4191 561 4253; x_wconf 82' lang='lat' dir='ltr'>salsa</span> <span class='ocrx_word' id='word_1_281' title='bbox 571 4187 744 4253; x_wconf 75' lang='lat' dir='ltr'>dodlrinae</span> <span class='ocrx_word' id='word_1_282' title='bbox 756 4188 859 4252; x_wconf 90' lang='lat' dir='ltr'>:-Ut</span> <span class='ocrx_word' id='word_1_283' title='bbox 872 4187 962 4268; x_wconf 87' lang='lat' dir='ltr'>apud</span> <span class='ocrx_word' id='word_1_284' title='bbox 975 4186 1171 4261; x_wconf 81' lang='lat' dir='ltr'>Jereme&#39;am,</span> 
     </span>
    </p>
   </div>
   <div class='ocr_carea' id='block_1_11' title="bbox 186 4319 1042 4386">
    <p class='ocr_par' dir='ltr' id='par_1_12' title="bbox 186 4319 1042 4386">
     <span class='ocr_line' id='line_1_37' title="bbox 186 4319 1042 4386; baseline -0.002 -14"><span class='ocrx_word' id='word_1_285' title='bbox 186 4324 203 4347; x_wconf 82' lang='lat'>¹¹</span> <span class='ocrx_word' id='word_1_286' title='bbox 211 4322 358 4372; x_wconf 82' lang='lat' dir='ltr'>Exsiccabo</span> <span class='ocrx_word' id='word_1_287' title='bbox 369 4337 442 4372; x_wconf 86' lang='lat' dir='ltr'>mare</span> <span class='ocrx_word' id='word_1_288' title='bbox 454 4322 521 4386; x_wconf 81' lang='lat' dir='ltr'>ejus,</span> <span class='ocrx_word' id='word_1_289' title='bbox 535 4331 563 4372; x_wconf 93' lang='lat' dir='ltr'>et</span> <span class='ocrx_word' id='word_1_290' title='bbox 573 4322 715 4372; x_wconf 83' lang='lat' dir='ltr'>arefaciam</span> <span class='ocrx_word' id='word_1_291' title='bbox 727 4321 830 4372; x_wconf 83' lang='lat' dir='ltr'>iontem</span> <span class='ocrx_word' id='word_1_292' title='bbox 843 4319 925 4384; x_wconf 84' lang='lat' dir='ltr'>ejua”</span> <span class='ocrx_word' id='word_1_293' title='bbox 936 4319 974 4384; x_wconf 90' lang='lat' dir='ltr'>(li.</span> <span class='ocrx_word' id='word_1_294' title='bbox 986 4319 1042 4381; x_wconf 78' lang='lat'><strong>36):</strong></span> 
     </span>
    </p>
   </div>
   <div class='ocr_carea' id='block_1_12' title="bbox 104 4449 1172 4537">
    <p class='ocr_par' dir='ltr' id='par_1_13' title="bbox 104 4449 1172 4537">
     <span class='ocr_line' id='line_1_38' title="bbox 104 4449 1172 4537; baseline -0.002 -22"><span class='ocrx_word' id='word_1_295' title='bbox 104 4466 143 4515; x_wconf 80' lang='lat' dir='ltr'>ec</span> <span class='ocrx_word' id='word_1_296' title='bbox 162 4455 203 4519; x_wconf 90' lang='lat' dir='ltr'>de</span> <span class='ocrx_word' id='word_1_297' title='bbox 226 4454 364 4531; x_wconf 88' lang='lat' dir='ltr'>Babele‚</span> <span class='ocrx_word' id='word_1_298' title='bbox 384 4465 420 4519; x_wconf 97' lang='lat' dir='ltr'>et</span> <span class='ocrx_word' id='word_1_299' title='bbox 443 4476 502 4537; x_wconf 91' lang='lat' dir='ltr'>per</span> <span class='ocrx_word' id='word_1_300' title='bbox 521 4454 664 4518; x_wconf 83' lang='lat' dir='ltr'>“mare”</span> <span class='ocrx_word' id='word_1_301' title='bbox 686 4453 757 4537; x_wconf 89' lang='lat' dir='ltr'>ejus</span> <span class='ocrx_word' id='word_1_302' title='bbox 779 4451 1011 4537; x_wconf 86' lang='lat' dir='ltr'>significantur</span> <span class='ocrx_word' id='word_1_303' title='bbox 1032 4449 1116 4515; x_wconf 83' lang='lat' dir='ltr'>salsa</span> <span class='ocrx_word' id='word_1_304' title='bbox 1137 4451 1172 4513; x_wconf 91' lang='lat' dir='ltr'>in</span> 
     </span>
    </p>
   </div>
   <div class='ocr_carea' id='block_1_13' title="bbox 0 0 1347 4988">
    <p class='ocr_par' dir='ltr' id='par_1_14' title="bbox 0 0 1347 4988">
     <span class='ocr_line' id='line_1_39' title="bbox 0 0 1347 4988; baseline 0 0"><span class='ocrx_word' id='word_1_305' title='bbox 0 0 1347 4988; x_wconf 95' lang='lat' dir='ltr'> </span> 
     </span>
    </p>
   </div>
  </div>
 </body>
</html>
