2684 4988
275 505 355 556 can.
371 505 447 567 vu,
463 503 568 555 vans.
589 503 716 570 14-n.
731 488 859 574 475[a].
1045 492 1126 573 1183

104 695 172 736 nem
182 673 361 754 salsorum
374 671 546 754 perillus,
564 681 701 737 constat
720 694 765 736 ex
784 671 1030 755 significatione
1048 672 1125 738 “la-

104 769 114 790 ''
124 768 215 851 quod
231 769 277 832 sit
293 766 465 848 purificare
480 788 500 830 a
516 765 607 830 salsis
622 775 658 830 et
675 766 782 842 malis,
797 767 938 848 proinde
951 787 1126 832 removere

110 882 181 925 nam
194 861 288 925 mala
299 871 334 924 et
349 860 433 924 salsa
448 861 537 942 apud
554 860 737 934 hominem,
751 862 903 942 spiritum
917 870 953 924 et
965 861 1126 943 angelum

104 956 294 1029 auferuntur,
310 955 370 1018 sed
389 964 616 1029 removentur,
633 964 667 1019 et
684 973 761 1018 cum
778 965 909 1018 remota
925 966 1004 1019 sunt
1020 974 1125 1037 appa·

112 1049 195 1110 sicut
219 1047 340 1109 ablata
362 1062 405 1119 (oe
418 1075 467 1120 qua
480 1075 506 1108 re
519 1063 628 1108 viaeatur
641 1063 665 1107 ru
680 1063 799 1108 nvom
812 1063 895 1108 Novae
909 1063 1091 1122 nomam,
1101 1076 1126 1111 a

104 1153 143 1210 ol:
165 1135 247 1198 inde
260 1156 319 1218 per
334 1143 353 1168 ‘⁶
363 1135 479 1197 lavare
488 1134 504 1159 '’
516 1134 727 1217 significatur
739 1156 917 1198 removere
930 1133 1016 1198 salsa
1027 1145 1064 1199 et
1075 1136 1124 1198 sic
1159 1143 1162 1149 '

106 1248 195 1291 care:
225 1237 261 1291 et
279 1248 324 1290 ex
344 1224 592 1309 significatione
609 1230 629 1258 ‘⁴
640 1225 835 1302 stolarum,''
851 1227 941 1308 quod
960 1227 1028 1290 sint
1044 1248 1125 1291 vera

104 1320 155 1381 itia
169 1321 202 1382 in
216 1320 390 1381 communi
405 1335 505 1394 (nequa
514 1344 628 1392 septen.
639 1332 727 1399 395„
750 1317 804 1380 hic
817 1328 934 1381 autem
947 1339 1007 1401 per
1022 1325 1124 1382 “sto-

104 1421 282 1492 antequam
300 1411 414 1473 lavata
430 1420 465 1473 et
482 1408 641 1474 dealbata
657 1418 747 1484 sunt,
761 1408 993 1491 significantur
1005 1409 1088 1473 falsa
1104 1431 1124 1474 a

104 1525 124 1566 rs
138 1503 318 1587 [nondum]
334 1503 508 1585 purificata
524 1515 622 1581 sunt3
647 1504 793 1585 namqui
809 1504 842 1566 in
858 1503 949 1568 salsis
965 1526 1009 1568 ex
1026 1506 1123 1586 igno·

104 1610 215 1672 asunt,
227 1601 261 1661 in
275 1599 402 1661 mundo
415 1598 577 1679 spirituali
590 1609 756 1679 apparent
773 1599 914 1678 primum
928 1599 961 1661 in
975 1601 1124 1664 vestibus

104 1693 153 1754 iris
175 1692 478 1765 diversicoloribus,
500 1701 536 1756 et
559 1693 639 1755 dum
662 1691 696 1754 in
720 1693 967 1756 tentationibus
989 1704 1067 1758 sunt
1090 1695 1137 1758 in·

104 1807 154 1849 aus
171 1787 366 1870 squallidis;
394 1797 428 1850 at
448 1806 524 1849 cum
543 1808 561 1849 e
580 1786 827 1849 tentationibus
846 1788 999 1862 veniunt,
1018 1807 1123 1870 appa·

109 1881 139 1943 in
166 1881 264 1944 stolis
287 1881 372 1942 albis
396 1881 581 1944 nitentibus
604 1879 789 1943 secundum
816 1877 1080 1960 purificationem
1104 1904 1125 1947 a

104 2021 107 2037 .
148 1975 298 2058 Quisque
322 1975 355 2037 in
378 1975 486 2038 altera
507 1976 578 2038 vita
599 1975 750 2037 vestibus
773 1983 913 2054 apparet
938 1976 1122 2040 secundum

108 2079 140 2133 et
162 2070 346 2132 secundum
370 2069 454 2131 salsa
476 2088 561 2150 quae
584 2066 672 2149 apud
692 2064 831 2144 ¹¹¹illum;
858 2067 936 2130 inde
959 2078 1012 2132 est
1032 2071 1123 2151 quod

104 2168 149 2223 tes
158 2160 174 2185 ”
189 2160 385 2242 significent
401 2180 493 2234 vera,
510 2171 545 2224 et
561 2161 595 2223 in
611 2159 773 2242 opposito
788 2178 889 2222 sensu
905 2157 990 2223 falsa
1005 2177 1125 2235 (videatur

104 2279 122 2311 n.
139 2265 205 2331 195,
222 2266 315 2329 271):
343 2271 388 2312 ex
411 2249 464 2311 his
486 2258 646 2311 constare
669 2257 786 2329 potest
808 2247 888 2329 quid
911 2249 1123 2330 significatur

104 2342 168 2422 ¹uod
186 2343 360 2405 “laverint
377 2340 484 2404 stolas
500 2361 587 2413 suas,
601 2351 636 2403 et
652 2340 885 2403 dealbaverint
901 2340 1003 2403 illas.’'
1046 2342 1122 2406 An-

104 2457 107 2495 r
127 2437 345 2517 temporibus,
371 2435 506 2517 quando
532 2435 645 2497 omnia
671 2433 835 2497 ecclesiae
858 2445 1003 2498 externa
1025 2447 1122 2502 erant

105 2530 291 2591 esentativa
313 2538 349 2592 et
372 2527 594 2609 significativa
613 2528 834 2610 spiritualium
853 2539 888 2591 et
912 2529 1120 2608 caelestium,

104 2642 124 2684 u
148 2622 282 2685 fuerunt
311 2621 509 2696 lavationes,
533 2633 569 2685 et
597 2642 656 2704 per
680 2622 754 2685 illas
781 2625 1122 2703 repraesentabantur

104 2718 251 2780 cationes
270 2737 289 2779 a
309 2717 399 2780 salsis
417 2727 452 2780 et
471 2738 491 2780 a
510 2717 627 2793 malis,
651 2737 751 2779 causa
770 2716 860 2799 quod
880 2716 1098 2783 “lavationes
1106 2720 1121 2744 ’¹

104 2808 265 2874 icaverint
290 2811 375 2885 illas,
399 2821 471 2874 erat
495 2813 571 2893 quia
595 2810 753 2893 “aquae”
771 2810 1007 2891 significabant
1030 2833 1121 2889 vera,

104 2904 232 2967 rordes''
250 2905 334 2968 salsa
357 2916 391 2969 et
415 2904 515 2979 mala,
535 2915 570 2968 et
590 2905 700 2967 omnis
723 2903 909 2985 purificatio
929 2926 950 2968 a
971 2905 1063 2969 falsis
1085 2918 1121 2971 et

120 2995 157 3059 fit
176 3017 236 3078 per
254 3017 335 3059 Vera
348 3018 356 3074 3
380 3012 457 3071 (quod
468 3009 481 3027 '¹
490 3027 568 3070 aquae
577 3013 589 3028 '¹
601 3013 734 3070 significent
743 3026 806 3066 vera,
816 3013 924 3059 videatur
931 3027 1010 3073 supra,
1020 3027 1043 3060 n.
1053 3013 1090 3080 71
1103 3015 1121 3075 ;)

104 3099 154 3152 est
177 3088 267 3171 quod
296 3088 484 3151 lavationes
507 3090 595 3170 apud
624 3088 708 3152 filios
733 3081 866 3152 Isra‘elis
888 3111 933 3152 ex
958 3091 1121 3155 mandato

104 3193 176 3246 ntae
195 3184 337 3259 fuerint;
361 3185 542 3247 eratenim
563 3183 651 3264 apud
671 3183 747 3246 illos
765 3183 908 3246 ecclesia
923 3204 1120 3267 repraesen-

104 3302 120 3352 ι,
132 3276 224 3357 cujus
240 3278 353 3340 omnia
369 3276 606 3359 significabant
619 3277 814 3358 spiritualia,
827 3297 866 3341 ac
881 3283 900 3309 “
910 3277 1097 3342 lavationes
1106 3279 1121 3303 ”

104 3372 250 3434 tationes
279 3392 299 3434 a
327 3371 419 3435 salsis
448 3380 483 3435 et
511 3372 619 3446 malis,
647 3381 682 3434 et
712 3371 790 3434 inde
816 3373 1120 3453 regenerationem.

104 3465 168 3529 lum
188 3465 288 3530 finem

104 3614 293 3713 rrurgn-aeneum
305 3600 421 3662 positum
431 3609 488 3650 erat
499 3601 533 3649 ad
545 3601 644 3649 ostium
656 3600 778 3649 Tentorii
790 3608 938 3650 conventus
950 3597 1044 3662 (Exod.
1055 3615 1118 3653 xxx.

104 3677 214 3794 quiqui)
212 3665 326 3779 lavacra
339 3744 424 3778 aenea
438 3729 526 3792 posita
540 3738 615 3779 erant
630 3738 706 3778 extra
717 3730 870 3793 Templum,
884 3745 967 3780 unum
980 3746 1117 3794 magnum,

130 3797 199 3858 quod
208 3796 354 3844 vocabatur
362 3799 379 3817 ‘¹
387 3810 460 3844 mare
468 3795 609 3853 aeneum,”
616 3805 643 3844 et
650 3796 743 3844 decem
752 3797 857 3844 minora
866 3795 889 3855 (1
898 3797 1008 3860 Reguli.
1018 3799 1117 3861 232-39).

108 3927 344 3990 “lavationes''
360 3927 442 3990 talia
460 3927 709 4010 significabant,
731 3927 807 3991 ideo
826 3946 902 3991 cum
921 3927 1063 3991 Aharon
1082 3939 1119 3994 et

104 4019 143 4088 lus
161 4023 440 4103 inaugurarentur
459 4023 491 4084 in
511 4023 738 4085 sacerdotium

104 4170 147 4206 sus
156 4166 197 4205 est
207 4154 299 4205 Moses
312 4156 372 4204 illos
381 4156 472 4205 lavare
481 4157 557 4220 aquis
566 4157 601 4206 ad
610 4157 709 4206 ostium
718 4155 848 4214 Tentorii,
860 4165 888 4206 et
900 4155 939 4206 sic
951 4153 1119 4208 sanctificare

129 4221 220 4283 (Exod.
232 4221 304 4270 xxix.
315 4234 348 4281 4ς
366 4236 423 4284 cap.
436 4221 471 4270 xl.
486 4234 529 4271 12:
547 4220 630 4270 Levit.
643 4221 696 4270 viii.
708 4222 749 4282 6);

104 4344 190 4410 dotes
206 4346 296 4409 enim
313 4345 614 4427 repraesentabant
631 4343 814 4409 Dominum
827 4346 938 4428 quoad
955 4344 1115 4410 Divinum

104 4457 141 4514 m,
153 4441 239 4506 sicut
255 4460 354 4522 reges
371 4439 485 4520 lpsum
499 4439 611 4522 quoad
629 4439 788 4503 Divinum
801 4439 950 4521 Verum3
974 4439 1115 4523 proinde
