2684 4988
116 477 193 542 1262
421 490 671 543 arocauvrsrs
694 492 920 543 exscreare.

111 665 278 728 scendunt
309 684 428 746 aquae,
460 663 693 746 significantur
719 664 840 728 ultima
866 666 953 729 caeli
983 674 1017 728 et
1044 664 1175 736 ecclesiae,

110 779 196 841 quae
215 758 304 839 apud
325 758 480 821 homines
498 758 664 822 ecclesiae
683 769 762 822 sunt
781 759 839 821 illa
858 780 945 842 quae
964 770 1040 823 sunt
1058 757 1177 821 naturalis

110 863 146 916 et
173 850 338 915 sensualis
366 851 522 925 hominis,
549 872 607 934 per
636 853 842 935 “planitiem
853 853 868 877 ”
896 855 1054 917 interiora
1077 853 1138 933 ejus.
1156 861 1179 915 et
1223 907 1225 929 ,

111 966 169 1028 per
184 953 203 978 “
212 966 304 1009 mare
312 945 327 970 ”
340 947 512 1008 exteriora
525 945 595 1026 ejus
607 967 615 1024 ;
634 948 724 1028 quod
739 957 811 1010 tarn
823 949 1038 1028 cognitiones
1050 968 1089 1010 ex
1100 946 1180 1010 Verbo
1220 936 1225 1000 ³.

111 1059 212 1122 quam
231 1038 417 1103 scientifica
435 1038 672 1104 confirmantia
690 1041 797 1104 vitam
816 1039 1027 1122 spiritualem
1049 1062 1101 1123 per
1116 1040 1180 1102 Divi·
1221 1030 1225 1089 ἶ

111 1153 191 1197 num
218 1135 250 1197 id
279 1132 408 1196 Verum
435 1135 615 1214 accipiant,
643 1132 853 1215 significatur
881 1155 940 1216 per
971 1135 1058 1216 quod
1085 1142 1181 1216 “aquae

111 1229 212 1291 maris
235 1226 421 1290 sanentur”
440 1228 528 1300 inde,
553 1238 588 1291 et
612 1228 703 1310 quod
725 1230 845 1291 “vivet
869 1230 980 1291 omnis
1003 1231 1180 1310 animaque

111 1320 255 1402 reptat‚”
278 1332 313 1384 et
341 1321 430 1402 quod
456 1321 548 1383 “erit
579 1323 679 1403 piscis
707 1321 833 1384 multus
860 1322 961 1384 valde
974 1322 1001 1384 :'’
1029 1322 1108 1404 quod
1130 1319 1181 1383 inde

110 1416 220 1477 omnis
239 1417 373 1496 generis
393 1413 579 1477 scientifica
595 1436 674 1478 vera
690 1426 725 1478 et
743 1417 819 1478 viva
838 1417 918 1487 sint.
936 1415 1129 1497 significatur
1142 1432 1181 1494 per

112 1508 245 1590 “Juxta
263 1510 411 1590 speciem
428 1509 490 1570 erit
511 1510 612 1590 piscis
628 1529 754 1583 eorum,
773 1511 873 1590 piscis
890 1511 977 1572 sicut
994 1511 1089 1573 maris
1102 1505 1181 1586 magni

111 1605 236 1668 multus
255 1603 355 1666 valde
366 1601 392 1666 :”
416 1603 463 1666 illi
490 1603 546 1683 qui
569 1602 794 1666 reformantur
820 1614 854 1666 et
883 1605 962 1666 inde
992 1602 1181 1683 intelligentes

111 1692 205 1768 fiunt,
230 1695 468 1776 intelliguntur
490 1717 549 1782 per
574 1698 790 1779 “piscatores
812 1698 856 1759 ab
879 1696 1034 1778 En-gedi
1054 1690 1181 1777 usquead

111 1787 309 1869 En·eglaim
323 1788 349 1864 ;”
372 1791 428 1872 qui
447 1809 514 1852 non
534 1790 705 1853 reformari
725 1801 868 1874 possunt
888 1793 965 1874 quia
984 1792 1016 1853 in
1035 1790 1114 1853 salsis
1129 1785 1181 1849 nali

110 1894 200 1956 sunt,
220 1882 453 1964 significantur
472 1904 531 1964 per
552 1890 727 1947 “caenosa
749 1895 785 1947 et
808 1884 950 1967 paludes
974 1905 1057 1966 quae
1079 1902 1132 1945 non
1145 1899 1181 1941 sa·

110 1987 244 2051 nantur,
265 1986 299 2038 et
319 1977 446 2039 abeunt
470 1978 503 2038 in
523 1977 659 2040 salem.'‘
704 1977 804 2060 Quod
829 1979 883 2040 hic
903 1998 971 2040 non
991 1977 1181 2057 intelligantur

111 2073 231 2154 pisces,
245 2073 300 2153 qui
314 2092 358 2134 ex
375 2073 470 2153 aquis
483 2073 688 2134 exeuntibus
704 2093 723 2135 e
738 2073 850 2134 Domo
864 2072 928 2135 Dei
946 2072 1180 2154 multiplicantur,

110 2167 249 2249 quisque
266 2166 380 2228 videre
397 2176 512 2247 potest
526 2188 534 2240 ;
558 2167 618 2228 sed
631 2167 721 2248 quod
741 2188 801 2249 per
815 2168 953 2249 “pisces
962 2167 977 2192 ”
990 2167 1181 2246 intelligantur

111 2259 169 2322 illa
188 2260 276 2341 apud
300 2259 473 2322 hominem
496 2281 582 2341 quae
602 2260 773 2323 reformari
797 2271 962 2342 possunt;
987 2262 1126 2344 quoniam
1143 2271 1181 2334 per

112 2354 290 2416 “Domum
322 2353 408 2415 Dei”
437 2353 642 2435 intelligitur
674 2354 806 2417 caelum
840 2356 1063 2429 et·ecclesia,
1089 2362 1117 2416 et
1143 2362 1181 2429 ptr

111 2447 267 2530 “aquas”
286 2448 364 2509 inde
384 2458 550 2510 exeuntes
572 2448 730 2511 Divinum
751 2448 880 2511 Verum
901 2449 1091 2512 reformans.

174 2537 236 2621 [ln]
270 2539 309 2600 ln
332 2538 450 2600 Verbo
483 2541 609 2619 passim
639 2540 762 2603 dicitur
788 2541 929 2602 “bestia
956 2540 1091 2613 terrae”
1112 2530 1182 2596 “alls

110 2631 218 2694 caeli''
238 2640 273 2693 et
295 2632 426 2711 “piscis
446 2633 546 2692 maris
560 2631 586 2706 ;”
609 2641 644 2694 et
668 2634 722 2713 qui
748 2652 815 2694 non
840 2634 905 2694 scit
925 2634 1016 2714 quod
1039 2654 1092 2714 per
1108 2629 1182 2689 “bes·

111 2725 194 2786 tiam
214 2734 323 2786 terrae
333 2724 348 2746 ”
368 2745 425 2785 seu
444 2726 544 2804 “agri
554 2723 569 2746 ”
588 2725 800 2805 intelligatur
819 2725 1048 2789 voluntarium
1067 2717 1186 2787 hominis,

110 2838 170 2899 per
188 2825 313 2879 “avem
331 2817 438 2879 caeli”
455 2812 687 2880 intellectuale
705 2818 785 2898 ejus,
801 2829 835 2881 et
856 2840 916 2900 per
932 2822 1084 2901 “piscem
1096 2801 1188 2880 mari⁵''

110 2910 331 2973 scientificum
346 2911 425 2991 ejus,
441 2932 575 2992 prorsus
589 2932 656 2973 non
670 2913 754 2974 scire
770 2922 885 2993 potest
900 2914 974 2994 quis
988 2913 1111 2975 illorum
1121 2910 1195 2972 loco·

111 3025 182 3067 rum
202 3025 320 3067 sensus
340 3015 412 3080 est;
437 3015 472 3066 ut
491 3007 523 3067 in
543 3006 762 3086 sequentibus
776 3005 933 3087 :-Apud
954 3006 1136 3076 Hosclrcam,

163 3138 233 3187 “Lis
247 3137 366 3202 Jehovae
381 3152 441 3185 cum
459 3138 655 3186 habitatoribus
671 3147 767 3196 terrae,
781 3138 844 3201 quia
859 3153 914 3186 non
930 3141 1038 3197 veritas,
1054 3155 1105 3189 non
1118 3131 1213 3187 misefl'

242 3203 341 3259 cordia,
357 3213 383 3251 et
399 3218 452 3250 non
467 3204 587 3263 cognitio
601 3203 651 3251 Dei
670 3204 696 3250 in
716 3214 787 3251 terra
797 3218 814 3259 ;.
826 3241 832 3252 .
842 3241 848 3252 .
859 3215 1016 3267 ,propterea
1034 3205 1127 3266 lugebit
1137 3193 1218 3252 ιαμ

241 3278 268 3316 et
283 3270 455 3317 contabescet
469 3268 559 3316 omnis
573 3269 698 3316 habitans
717 3269 744 3317 in
763 3283 802 3325 ea,
818 3269 889 3317 inter
903 3271 1018 3318 bestiam
1033 3272 1097 3332 agri,
1109 3280 1133 3318 et
1147 3264 1198 3316 int

241 3348 319 3382 avem
332 3334 477 3391 caelorum,
492 3333 627 3397 etiamque
642 3334 729 3394 pisces
742 3335 825 3382 maris
837 3334 1021 3396 colligentur''
1033 3336 1077 3395 (iv.
1091 3349 1110 3392 1,
1121 3336 1156 3395 3);

111 3459 200 3540 apud
219 3457 436 3538 Zeplram'am‚

162 3573 178 3593 “
187 3571 353 3619 Consumam
364 3571 501 3618 bominem
512 3580 538 3619 er
547 3571 670 3628 bestiam,
683 3586 842 3620 consumam
853 3587 932 3621 avem
943 3574 1088 3633 caelorum,
1098 3582 1124 3623 et
1134 3571 1212 3636 pis6
1218 3564 1225 3587 ⁴

241 3637 330 3693 maris,
345 3646 371 3684 et
384 3635 548 3685 offendicula
559 3651 620 3685 cum
633 3636 745 3699 impiis²’
758 3636 785 3697 (i.
798 3638 823 3697 3)
834 3652 839 3695 ;

110 3759 198 3840 apud
218 3757 430 3833 Euclidem,

161 3871 218 3920 “In
237 3872 280 3920 die
298 3887 351 3935 quo
369 3873 459 3921 veniet
476 3873 538 3935 Gog
554 3889 636 3936 super
653 3884 752 3922 terram
771 3873 881 3924 Israelis
884 3912 956 3932 .....
962 3877 1014 3926 erit
1031 3887 1115 3926 reme
1131 3869 1225 3924 ιιιοί1

241 3951 355 3998 magnus
372 3952 453 3999 super
470 3948 542 3986 terra
561 3939 676 3995 Israelis.
694 3950 720 3987 et
738 3940 949 3989 contremiscent
966 3957 1058 3991 coram
1076 3942 1119 3990 Me
1135 3941 1225 4003 pisa·

240 4003 330 4060 maris,
345 4012 372 4051 er
383 4004 441 4051 avis
454 4004 598 4062 caelorum,
612 4014 639 4053 et
652 4005 738 4053 bestia
750 4004 829 4066 agri''
841 4005 964 4065 (xxxviii.
979 4007 1083 4069 18-20);

109 4124 197 4203 apud
216 4123 370 4198 Hiobum,

157 4230 284 4296 “Quaere
303 4233 402 4283 marias
421 4241 448 4283 et
467 4233 601 4283 docebunt
620 4241 654 4294 te,
674 4239 721 4284 aut
742 4249 806 4285 aves
825 4234 891 4285 caeli
913 4242 941 4286 et
960 4236 1148 4287 annuntiabunt
1163 4218 1225 4281 ἅ

237 4307 283 4348 aut
296 4299 438 4360 virgultum
453 4307 538 4348 terrae
552 4306 579 4348 et
595 4299 700 4349 docebit
716 4307 750 4359 te,
764 4308 791 4349 et
805 4301 950 4350 narrabunt
966 4301 1014 4351 tibi
1030 4301 1112 4365 pisces
1127 4299 1225 4348 mas

237 4362 296 4425 quis
310 4377 364 4411 non
378 4364 453 4413 novit
467 4378 501 4413 ex
514 4364 556 4414 his
569 4365 702 4424 omnibus,
714 4366 786 4429 quod
799 4379 897 4415 munus
908 4364 1029 4431 Jehovae
1040 4365 1115 4416 iaciat
1126 4348 1225 4415 illud

237 4427 290 4489 (zu
303 4428 370 4492 rs)
