2684 4988
323 115 402 166 can
418 115 508 178 v111.,
525 113 629 164 vans.
650 113 776 163 12.-u.
796 97 920 184 526[a].
1101 117 1180 182 1303

57 287 152 349 enim
163 285 330 349 Dominus
340 294 480 366 apparet
493 294 529 347 ut
546 282 605 347 Sol
622 301 735 347 coram
752 282 887 365 illisqui
903 283 936 346 in
952 282 1043 348 bono
1058 284 1182 348 amoris

55 379 199 461 abipso
214 382 247 442 in
263 379 376 461 Ipsum
388 389 477 453 sunt,
489 398 529 442 ac
546 388 584 441 ut
596 376 694 440 Luna
706 394 820 440 coram
835 375 901 440 illis
916 378 972 459 qui
988 378 1021 440 in
1038 377 1129 442 bono
1145 390 1182 443 et

56 485 144 538 vero
161 474 260 537 fidei:
284 475 361 537 inde
379 484 432 538 est
455 473 547 556 quod
569 491 629 555 per
649 471 808 535 “solem’'
826 471 1033 553 significetur
1055 474 1181 538 bonum

55 571 195 641 amoris,
205 579 241 632 et
255 588 313 649 per
322 575 341 600 ‘⁶
350 567 462 631 lunam
471 568 486 591 ”
495 568 621 631 bonum
634 576 669 630 et
680 586 795 630 verum
810 565 896 636 fidei.
928 565 1028 648 Quod
1041 568 1097 630 ille
1110 566 1180 645 Sol,

56 662 119 727 illa
130 664 227 726 Luna
239 674 275 726 et
288 662 365 726 illae
374 662 495 724 stellae
506 663 720 744 apparuerint
729 661 886 742 Johanni,
898 671 1055 725 constare
1066 672 1181 744 potest

56 775 106 817 ex
118 777 171 830 eo,
181 756 272 837 quod
284 757 317 817 in
329 755 449 836 spiritu
459 754 558 817 suerit
569 773 645 816 cum
659 753 717 816 iila
727 755 823 817 vidit.
851 770 935 827 (Quod
946 770 1064 815 Dominus
1073 771 1149 817 uts01
1158 778 1183 816 et

57 858 87 895 nt
95 851 167 896 Luna
174 851 200 896 in
208 851 280 896 caelis
287 851 399 908 angelicis
406 857 527 908 appareat,
535 851 643 895 videatur
650 850 673 894 in
680 863 754 908 opere
762 851 799 895 De
809 850 876 895 Caelo
884 855 908 895 et
915 850 1017 910 Inserno,
1025 863 1048 896 n.
1058 850 1181 909 116-125.)

61 924 163 1008 Quod
183 928 314 991 dicatur
329 928 421 1009 quod
437 927 495 990 illa
512 933 698 1008 “percussa
717 925 814 1000 sint,’'
829 937 883 990 est
901 948 946 989 ex
963 928 1181 1008 apparentia;

60 1041 137 1083 cum
155 1024 244 1084 enirn
261 1023 386 1084 bonum
403 1022 526 1083 amoris
545 1032 579 1083 et
597 1021 721 1083 bonum
741 1030 775 1084 et
792 1040 906 1084 verum
926 1019 1004 1083 fidei
1023 1040 1091 1084 non
1107 1040 1180 1083 am-

62 1115 149 1195 plius
173 1128 251 1178 sunt
275 1117 362 1196 apud
387 1116 569 1189 hominem,
594 1123 759 1196 apparent
782 1116 811 1177 ei
839 1116 925 1178 sicut
948 1135 1016 1177 non
1043 1117 1121 1191 sint,
1145 1125 1180 1179 et

61 1212 148 1273 sicut
172 1212 342 1293 perierint,
361 1222 396 1273 et
416 1210 567 1272 Verbum
592 1211 624 1272 in
648 1230 748 1272 sensu
771 1209 905 1273 litterae
925 1220 978 1273 est
997 1211 1180 1284 secundum

62 1307 290 1387 apparentias.

122 1410 286 1495 526[a].
314 1411 373 1473 “fr
394 1411 650 1473 obtenebratum·
670 1410 763 1472 tortia
787 1431 865 1491 pm
885 1409 1181 1491 illorum.''-Quod

63 1504 230 1586 significet
250 1505 339 1585 quod
354 1504 464 1566 omnia
480 1503 542 1566 illa
560 1524 718 1566 conversa
737 1504 809 1566 sint
825 1503 971 1582 insalsa
991 1503 1075 1566 mali
1094 1515 1125 1565 et
1147 1503 1182 1564 iu

65 1599 154 1662 mala
167 1598 270 1679 salsi,
295 1607 432 1661 constat
456 1620 500 1660 ex
524 1597 770 1678 significatione
795 1597 1068 1671 “tenebrarum‚''
1090 1597 1182 1680 quod

65 1691 241 1767 sint'salsa,
258 1704 292 1756 et
309 1693 387 1755 inde
405 1699 423 1724 “
434 1691 677 1767 obtenebrari‚'’
692 1692 783 1773 quod
800 1693 842 1754 sit
859 1693 1011 1755 converti
1027 1692 1061 1754 in
1077 1692 1180 1754 salsa:

66 1787 152 1868 quod
176 1786 312 1850 insalsa
334 1786 412 1848 mali
435 1796 470 1849 et
494 1787 526 1848 in
550 1785 640 1848 mala
663 1785 745 1859 salsi,
771 1795 823 1848 est
846 1787 923 1868 quia
946 1787 1067 1848 dicitur
1089 1785 1180 1868 quod

66 1882 319 1945 “obtenebrata
338 1882 380 1943 sit
402 1882 502 1942 tertia
519 1900 595 1960 pars
611 1880 702 1954 solis
720 1881 821 1943 tertia
838 1900 914 1960 pars
930 1880 1041 1953 lunae,
1058 1890 1092 1942 et
1113 1891 1180 1942 ter·

63 1978 108 2040 tia
137 1996 217 2057 pars
245 1974 419 2038 stellarum
432 1974 458 2051 ;”
488 1986 522 2038 et
552 1994 611 2055 per
636 1973 795 2036 “solem‘'
823 1972 1030 2055 significatur
1056 1975 1181 2036 bonum

58 2066 200 2142 amoris
215 2089 274 2150 per
287 2075 306 2100 ‘¹
318 2069 432 2131 lunam
440 2067 456 2092 ’⁹
468 2069 593 2131 bonurn
607 2078 641 2130 et
658 2087 773 2131 verum
787 2067 875 2141 fidei,
889 2078 925 2131 et
941 2088 1001 2149 per
1014 2068 1159 2131 “stellas
1168 2067 1182 2092 ’'

54 2164 280 2245 cognitiones
300 2163 378 2224 boni
398 2174 432 2225 et
456 2163 545 2237 veri;
573 2161 651 2224 inde
675 2182 734 2243 per
753 2163 841 2243 quod
862 2163 1116 2225 “obtenebrata
1138 2165 1182 2225 sit

50 2258 175 2322 tertia‘
190 2276 265 2337 pars
289 2256 370 2319 solis
378 2255 393 2279 ’⁹
412 2254 619 2336 significatur
641 2256 731 2337 quod
754 2257 879 2318 bonum
898 2258 1022 2319 amoris
1041 2277 1182 2320 conver·

47 2368 136 2417 sum
160 2353 205 2413 sit
228 2352 261 2413 in
284 2351 410 2413 malum
433 2361 468 2413 et
491 2350 570 2413 inde
593 2349 725 2423 salsum,
751 2351 841 2432 quod
864 2361 917 2413 est
940 2351 1058 2414 salsum
1083 2352 1181 2414 mali:

45 2443 190 2511 bonurn
204 2445 293 2506 enim
307 2445 515 2507 convertitur
528 2445 560 2505 in
574 2443 699 2506 malurn
714 2455 748 2506 et
761 2445 839 2508 inde
852 2445 972 2507 salsum
986 2467 993 2522 ;
1017 2457 1053 2509 at
1066 2466 1181 2509 verum

45 2540 151 2613 fidei,
172 2539 262 2620 quod
282 2536 488 2619 significatur
508 2558 566 2619 per
587 2538 760 2611 “iunam,”
780 2542 989 2603 convertitur
1012 2542 1044 2602 in
1064 2540 1183 2604 salsum

43 2645 94 2698 et
115 2633 197 2696 inde
217 2632 353 2705 malum,
370 2632 459 2714 quod
479 2642 532 2694 est
552 2633 676 2695 malum
697 2632 788 2695 salsi:
814 2634 939 2697 malum
957 2634 1030 2697 salsi
1050 2645 1102 2697 est
1121 2635 1183 2697 sal·

48 2747 138 2792 sum
158 2725 330 2789 dottrinae
349 2748 393 2789 ex
411 2747 477 2808 quo
493 2726 617 2790 malum
634 2729 735 2801 vitae,
752 2737 787 2790 et
807 2728 926 2791 salsum
943 2730 1023 2791 mali
1039 2738 1091 2791 est
1111 2749 1183 2792 ma·

51 2821 134 2885 lum
163 2822 253 2882 vitae
283 2841 329 2883 ex
359 2840 428 2902 quo
459 2819 578 2883 salsum
610 2818 793 2884 doftrinae.
839 2820 939 2903 Quod
972 2823 1185 2886 “tenebrae'’

53 2914 257 2997 significent
276 2913 407 2988 salsum,
428 2924 481 2977 est
503 2915 581 2996 quia
602 2914 689 2977 “lux
699 2914 714 2939 ”
733 2913 899 2996 significat
920 2937 1046 2991 verum,
1064 2927 1099 2980 et
1122 2917 1183 2980 sal·

58 3029 139 3072 sum
156 3020 209 3072 est
225 3009 418 3090 oppositum
432 3028 512 3071 vero
525 3011 611 3071 sicut
624 3010 784 3071 tenebrae
797 3020 875 3072 sunt
893 3009 977 3072 luci:
1002 3021 1037 3073 et
1050 3032 1183 3094 quoque

61 3105 145 3167 dum
170 3103 229 3165 lux
253 3104 354 3176 vitae,
379 3122 465 3184 quae
492 3113 546 3166 est
573 3102 732 3166 Divinum
757 3103 896 3178 Verum,
921 3125 988 3168 non
1015 3115 1068 3170 est
1094 3108 1184 3188 apud

64 3199 249 3270 hominem,
271 3207 350 3260 tunc
370 3207 422 3259 est
439 3198 527 3276 apud
547 3197 639 3259 illum
660 3198 777 3260 umbra
795 3200 924 3274 mortis,
944 3220 1029 3281 quae
1046 3211 1099 3264 est
1122 3202 1183 3264 sal-

65 3311 139 3355 sum
152 3312 160 3369 ;
184 3290 287 3353 homo
303 3293 392 3354 enirn
409 3312 454 3355 ex
471 3293 605 3372 proprio
620 3301 672 3355 est
689 3293 721 3353 in
735 3293 826 3355 omni
840 3294 930 3356 malo
942 3305 977 3357 et
994 3294 1072 3359 inde
1087 3295 1183 3370 salso

66 3397 101 3450 et
124 3387 168 3448 ab
192 3385 256 3448 illis
275 3396 468 3448 removetur
486 3387 582 3465 unice
606 3404 665 3466 per
688 3406 767 3448 vera
790 3386 974 3464 ecclesiae;
1002 3409 1104 3471 quare
1129 3389 1182 3451 ubi

66 3495 134 3539 non
158 3497 240 3539 vera
254 3487 346 3551 sunt,
363 3477 407 3539 ibi
430 3484 510 3539 sunt
532 3476 619 3539 falsa
640 3476 732 3539 mali.
777 3493 861 3551 (Quod
875 3495 949 3540 homo
963 3497 1034 3540 unice
1047 3510 1091 3554 per
1104 3510 1185 3542 veras

67 3573 134 3619 malis
139 3581 297 3624 removeatur.
305 3573 443 3630 purificetur
448 3580 471 3617 et
480 3572 627 3624 reformetur.
634 3573 743 3618 videatur
751 3574 775 3618 in
784 3575 902 3620 Doctrina
910 3577 993 3621 Novae
1001 3577 1184 3636 Hierosolyma,

68 3669 131 3715 ιω
144 3658 197 3715 fin.)
240 3641 342 3722 Quod
363 3641 556 3703 “tenebrae
565 3640 580 3665 '⁵
596 3642 630 3703 in
649 3640 768 3704 Verbo
786 3642 981 3723 significent
999 3644 1085 3707 salsa
1100 3645 1184 3709 varii

68 3735 211 3815 generis,
232 3743 389 3797 constare
409 3745 525 3815 potest
547 3755 568 3796 a
590 3735 809 3817 sequentibus
832 3735 1084 3819 locis:-Apud
1102 3737 1183 3812 Joe-

69 3826 139 3902 lem,

119 3997 191 4047 “Sol
205 4005 324 4045 vertetur
341 3997 367 4045 in
383 3999 516 4055 tenebras,
530 4007 557 4046 et
574 3997 639 4046 luna
653 3999 680 4047 in
696 4014 744 4048 san
783 3999 863 4057 inem.
881 4010 1022 4064 antequam
1037 4003 1111 4050 venit
1125 4001 1184 4052 dies

198 4061 317 4127 Jebovae
332 4076 446 4125 magnus
458 4075 485 4111 et
499 4063 624 4112 terribilis
632 4063 646 4082 ’¹
656 4064 702 4126 (iii.
713 4077 730 4125 4
752 4065 786 4114 B.
797 4067 832 4115 A.
844 4066 871 4116 ii.
884 4061 955 4130 31]):
