2684 4988
108 457 170 523 862
418 473 667 528 neocatvmts
690 476 916 529 Extucrtttt.

108 661 203 705 amor
215 662 296 722 erga
312 643 503 724 proximum
516 666 523 720 ;
543 665 644 707 causa
659 655 712 708 est
724 646 800 728 quia
812 645 927 727 angeli
939 646 994 728 qui
1009 645 1041 708 in
1056 666 1160 709 amore
1172 641 1203 704 itt

109 735 290 799 Dominum
315 749 393 800 sunt
417 738 572 801 habitant
596 760 694 821 super
715 741 896 816 montibus,
916 751 951 803 et
974 741 1028 822 qui
1049 742 1081 803 in
1100 753 1196 803 amore

107 850 189 911 erga
207 832 397 912 proximum
415 852 513 913 super
529 833 689 896 collibus:
713 834 849 915 quando
866 833 943 897 loco
958 836 1077 897 amoris
1093 836 1120 921 in
1135 834 1188 895 Dn-

109 925 235 986 minum
263 936 384 1005 regnat
411 947 506 988 amor
528 929 587 998 sui,
611 938 645 989 et
673 927 749 1006 loco
775 929 899 990 amoris
925 948 1006 1008 erga
1032 930 1185 1009 proximum

107 1030 229 1100 regnat
246 1040 340 1083 amor
357 1021 482 1093 mundi,
496 1030 575 1083 tunc
589 1022 744 1098 dicuntur
757 1033 892 1084 montes
906 1016 1184 1091 “contremiscere,'

108 1124 143 1186 et
162 1113 268 1176 colles
288 1113 475 1195 “liquefieri
488 1113 514 1190 ;’'
537 1115 584 1177 ita
602 1117 691 1177 enim
715 1113 752 1179 nt
771 1117 803 1177 in
824 1116 950 1178 mundo
969 1115 1128 1196 spirituali,
1142 1111 1183 1176 sed
1224 1112 1228 1199 J

108 1228 175 1271 non
195 1209 283 1290 apud
307 1209 448 1290 angelos
467 1211 522 1291 qui
545 1211 577 1271 in
599 1210 694 1272 caelo
713 1219 801 1283 sunt,
822 1210 881 1272 sed
904 1211 993 1291 apud
1017 1211 1134 1291 spiritus
1147 1207 1183 1290 qui

108 1303 169 1365 sibi
192 1303 298 1365 instar
320 1303 404 1365 caeli
431 1303 581 1366 lecerunt
605 1324 704 1385 super
726 1304 897 1366 montibus
920 1315 955 1366 et
979 1304 1110 1366 collibus
1129 1313 1183 1364 ante

108 1395 262 1459 ultimum
277 1396 453 1477 judicium:
478 1398 555 1479 quia
570 1418 664 1460 amor
676 1399 725 1461 sui
741 1408 776 1460 et
793 1398 906 1459 mundi
923 1398 1122 1479 intelligitur,
1132 1397 1183 1458 ideo
1214 1436 1217 1441 -

107 1492 227 1554 dicitur
239 1499 258 1522 “
268 1491 454 1572 liquefieri,’'
465 1503 499 1554 et
513 1513 644 1574 quoque
656 1493 890 1555 “comburitur
902 1502 992 1555 terra
1006 1512 1110 1554 coram
1121 1490 1183 1572 Ipso,
1215 1532 1219 1547 ι

108 1596 142 1647 et
161 1586 250 1648 orbis
270 1598 304 1647 et
324 1606 441 1647 omnes
462 1586 655 1650 habitantes
674 1588 707 1649 in
727 1586 796 1658 e0,”
815 1597 886 1648 turn
907 1583 1184 1651 “excandescentia

108 1679 188 1760 Ejus
215 1679 393 1742 effunditur
420 1682 505 1742 sicut
532 1680 646 1761 ignis,’'
671 1680 810 1761 “ignis”
836 1681 926 1743 enim
955 1678 1113 1761 significat
1132 1677 1184 1738 illus
1220 1712 1228 1721 -

107 1793 249 1846 amores,
261 1785 294 1836 et
307 1782 325 1805 “
336 1774 494 1855 liquefieri
503 1775 517 1797 '¹
527 1794 566 1837 ac
579 1782 599 1806 “
608 1775 757 1838 comburi
765 1774 780 1797 ”
790 1773 957 1854 significat
968 1775 1010 1836 ab
1020 1772 1081 1837 illis
1090 1773 1184 1854 perire:
1217 1830 1228 1869 ,

108 1889 166 1949 per
186 1868 351 1949 “petras'’
370 1890 455 1950 quae
479 1880 685 1941 evertuntur,
710 1868 942 1949 significantur
964 1889 1042 1930 vera
1063 1866 1137 1939 fidei,
1154 1881 1184 1925 ex
1217 1878 1228 1985 J

107 1981 208 2024 causa
230 1963 307 2043 quia
329 1962 376 2024 illi
400 1964 454 2044 qui
478 1963 510 2024 in
533 1962 599 2025 fide
622 1975 710 2035 sunt,
731 1975 765 2024 et
789 1983 833 2025 ex
857 1962 1059 2036 obedientia,
1080 1956 1185 2022 tametsi
1219 1974 1228 2043 ἔ

108 2075 176 2117 non
204 2077 248 2117 ex
273 2057 449 2129 charitate,
474 2057 598 2118 bonum
626 2055 761 2129 faciunt,
786 2075 885 2137 super
907 2057 1011 2137 petris
1036 2056 1067 2116 in
1092 2050 1185 2115 mundo
1226 2053 1228 2063 '

107 2151 269 2231 spirituali
289 2152 454 2213 habitant.
500 2150 602 2232 Apud
621 2150 776 2225 Hiobum,

161 2282 282 2347 Jebovah
297 2285 365 2347 “qui
384 2284 532 2333 tremefacit
546 2293 643 2335 terram
658 2298 673 2332 e
691 2283 751 2332 loco
764 2298 822 2342 suo,
839 2284 877 2332 ita
892 2292 921 2332 ut
935 2283 1072 2332 columnae
1083 2280 1132 2342 ejus
1142 2287 1186 2326 nnn·

239 2349 393 2398 tremiscant
401 2349 415 2366 ”
426 2351 471 2409 lix.
482 2350 523 2410 b);

108 2449 143 2527 et
162 2463 250 2542 apud
270 2462 465 2535 Jeremiam,

160 2574 304 2639 “Jehovah
317 2575 388 2624 Deus
401 2577 426 2624 in
439 2577 558 2632 veritate,
572 2575 620 2624 Ille
633 2575 706 2624 Deus
716 2575 794 2624 vivus
806 2585 832 2624 et
846 2575 903 2624 Rex
913 2575 1026 2631 saeculi:
1042 2567 1185 2630 abiralpsltt

239 2643 418 2689 contremiscit
433 2653 510 2698 terra,
528 2656 613 2704 neque
627 2641 759 2689 sustinere
777 2650 889 2703 possunt
903 2650 998 2703 gentes
1013 2635 1186 2701 indignationem

241 2706 305 2768 Ejus
313 2706 326 2724 '¹
339 2709 374 2767 (x.
389 2708 442 2766 10):

110 2850 169 2912 per
193 2829 368 2892 “terram'’
391 2830 493 2891 etiam
517 2830 570 2891 hic
594 2828 801 2910 significatur
824 2827 977 2903 ecclesia,
1000 2827 1057 2890 sed
1078 2818 1186 2888 eccles'u

110 2925 163 2986 ubi
187 2923 289 2999 salsa3
313 2945 398 3005 quae
419 2925 707 2985 “contremiscere
715 2923 729 2947 ’¹
748 2924 870 2985 dicitur
888 2923 1024 3004 quando
1045 2921 1117 2983 salsa
1134 2931 1184 2976 cre·

110 3017 233 3079 duntur
254 3038 292 3078 ac
317 3018 472 3079 dicuntur
491 3037 587 3079 vera:
613 3038 671 3098 per
691 3016 864 3097 “gentes'‘
883 3015 1105 3096 significantur
1122 3003 1186 3070 mala

111 3111 202 3186 salsi;
227 3109 368 3191 dejedtio
381 3131 494 3172 eorum
512 3112 545 3172 in
562 3110 725 3172 infernum
742 3121 777 3172 et
793 3112 933 3173 exitium
948 3109 1136 3190 significatur
1145 3115 1186 3182 per

110 3206 200 3287 quod
221 3214 370 3285 “gentes
395 3224 460 3265 non
482 3206 612 3285 possint
632 3205 796 3266 sustinere
819 3205 1083 3283 indignationem
1101 3188 1186 3278 Ejus?

111 3300 187 3380 quia
211 3320 269 3380 per
289 3306 441 3361 “terram
450 3298 464 3320 ’¹
484 3299 535 3364 hic
559 3297 766 3378 significatur
788 3297 931 3360 ecclesia
955 3298 1009 3358 ubi
1032 3297 1115 3366 salsa,
1132 3285 1187 3350 idtss

111 3394 231 3456 dicitur
249 3392 369 3455 “Deus
388 3394 419 3454 in
437 3394 591 3463 veritate,
610 3392 671 3454 Ille
692 3392 783 3454 Deus
799 3393 893 3452 vivus
912 3402 947 3454 et
968 3391 1045 3453 Rex
1064 3372 1187 3453 saecuti?

110 3487 262 3568 Jehovah
286 3488 374 3549 enim
399 3486 540 3548 “Deus”
559 3497 593 3548 et
615 3486 720 3547 “Rex
730 3486 744 3508 '¹
763 3486 883 3548 dicitur
906 3506 950 3547 ex
976 3485 1093 3547 Divino
1112 3475 1190 3581 Veto:

113 3582 233 3644 “Deus
253 3582 369 3643 vivus”
388 3602 432 3643 ex
458 3581 580 3648 Divino
600 3579 691 3644 Vero
713 3581 746 3641 in
766 3581 877 3650 caelis,
898 3588 933 3642 et
954 3579 1061 3641 “Rex
1078 3563 1175 3639 saecul

112 3696 156 3744 ex
181 3674 304 3737 Divino
324 3675 415 3737 Vero
439 3676 470 3737 in
491 3675 607 3749 terris;
632 3684 666 3735 et
685 3675 762 3754 quia
785 3673 817 3734 in
837 3672 954 3735 Verbo
977 3674 1032 3734 ubi
1055 3671 1148 3752 agitur
1158 3654 1191 3764 ‚de

112 3790 192 3831 vero
215 3771 316 3831 etiam
340 3770 450 3849 agitur
470 3770 511 3830 de
535 3769 635 3839 bon0,
655 3768 699 3830 ob
718 3766 908 3847 conjugium
931 3766 1078 3828 caeleste
1099 3765 1126 3825 in
1144 3767 1192 3816 stn-

113 3863 199 3950 gulis
223 3863 338 3936 Verbi,
359 3875 393 3926 et
417 3864 493 3924 inde
513 3863 657 3925 uicissim
682 3861 736 3922 ubi
759 3863 801 3923 de
825 3860 909 3923 salso
933 3862 1035 3923 etiam
1059 3861 1098 3922 de
1118 3844 1192 3919 m²¹⁰=

112 3958 189 4021 ideo
216 3959 318 4020 etiam
343 3957 477 4019 additur
500 3958 542 4018 de
567 3955 781 4037 “gentibus'’
805 3975 862 4036 per
886 3975 969 4036 quas
996 3949 1195 4035 significantur

114 4051 202 4112 mala
218 4051 300 4112 salsi.
347 4050 435 4130 Quid
453 4051 540 4112 mala
556 4050 639 4122 salsi,
653 4070 738 4131 quae
754 4049 859 4110 fluunt
876 4069 920 4110 ex
937 4047 1028 4110 falsis
1045 4043 1195 4110 dollrissli·

113 4145 333 4208 illustrabitur
347 4167 405 4226 per
418 4146 480 4207 hoc
495 4166 501 4207 :
527 4146 580 4206 ubi
594 4142 745 4207 doitrina
758 4154 809 4205 est
823 4143 912 4224 quod
926 4143 998 4204 sola
1012 4142 1092 4205 fides
1103 4133 1201 4225 saltett

113 4250 148 4302 et
173 4260 239 4302 non
259 4240 382 4302 bonum
401 4242 500 4311 vitae,
518 4250 590 4300 tum
610 4239 699 4320 quod
720 4238 798 4299 nihil
819 4237 896 4299 mali
920 4238 1103 4318 imputetur
1119 4233 1144 4296 ei
1157 4232 1206 4307 qur

114 4335 213 4398 fidem
233 4335 346 4405 habet,
364 4343 398 4394 et
418 4334 507 4413 quod
526 4333 647 4394 salvari
671 4335 777 4413 possit
801 4333 902 4393 homo
924 4351 982 4411 per
1001 4331 1105 4393 solam
1124 4324 1213 4390 fidem

114 4430 215 4493 etiarn
239 4430 270 4491 in
291 4429 453 4490 extremis
472 4429 561 4489 vitae
584 4448 662 4489 suae
686 4427 788 4488 modo
808 4437 887 4488 tunc
908 4426 1024 4488 credat
1043 4425 1129 4507 quod
1150 4417 1225 4483 Dn‘
