2684 4988
115 480 178 548 9³2
424 478 675 530 anoeanvnsrs
697 480 924 532 exsucata

115 649 401 730 perturbabuntur
416 650 546 714 insulae
562 672 647 733 quae
663 651 696 714 in
713 652 796 714 mari
808 651 834 726 ;”
858 651 1040 715 “insulae'’
1054 662 1120 714 sunt
1132 651 1184 713 illae

116 745 329 824 cognitiones
340 754 375 806 et
388 744 446 806 illa
456 745 641 808 scientifica
651 766 737 827 quae
747 747 779 807 in
791 747 937 809 naturali
949 747 1090 818 homine,
1101 747 1185 826 “prin-

115 838 207 919 cipes
223 839 348 900 maris”
360 849 437 900 sunt
456 840 610 919 primaria
627 840 671 902 ibi
686 839 846 920 (⁴⁴mare”
858 839 1028 921 significat
1040 839 1186 902 naturalem

115 930 288 994 hominem
301 942 336 995 et
352 933 466 994 omnia
483 934 527 995 ibi
543 934 575 995 in
592 933 799 1013 communi):
824 935 913 1014 quod
930 935 1044 996 omnia
1058 931 1187 995 bonareri

115 1025 278 1088 naturalis
295 1026 442 1088 hominis
458 1047 501 1088 ex
519 1028 665 1089 vastatis
681 1028 933 1107 cognitionibus
946 1030 1015 1089 veri
1030 1027 1129 1109 quoad
1141 1034 1187 1088 stt·

116 1127 188 1182 tum
205 1139 300 1181 suum
318 1121 548 1192 mutabuntur,
562 1119 770 1201 significatur
786 1141 845 1202 per
860 1122 952 1202 quod
971 1128 1110 1182 “omnes
1122 1119 1188 1181 habi·

115 1221 245 1277 ta'tores
264 1213 445 1276 insularum
465 1214 722 1295 obstupuerunt,
740 1225 775 1277 et
794 1235 892 1295 reges
911 1235 1028 1278 earum
1046 1215 1188 1277 cohorrue-

114 1317 204 1381 runt,
225 1308 382 1370 turbatae
400 1318 479 1369 sunt
498 1308 601 1370 iacies
615 1308 642 1385 ;”
666 1309 907 1371 “habitatores
926 1309 1104 1370 insularum
1113 1307 1125 1331 ”
1137 1315 1188 1368 sunt

114 1399 205 1462 bona
220 1402 289 1463 veri
307 1401 468 1463 naturalis
484 1401 639 1474 hominis,
658 1423 716 1483 per
734 1401 941 1464 “habitare'’
957 1403 1048 1464 enim
1064 1403 1094 1463 in
1106 1400 1189 1463 Verbo

114 1493 322 1575 significatur
332 1496 454 1570 vivere,
464 1505 499 1557 et
512 1516 572 1576 per
583 1502 602 1527 ‘⁴
612 1495 846 1558 habitatores”
856 1496 947 1558 bona
958 1498 1049 1558 vitae
1060 1517 1068 1571 ;
1081 1490 1189 1573 “reges”

114 1598 193 1651 sunt
222 1580 336 1651 omnia
363 1609 442 1651 vera
469 1610 513 1651 ex
538 1590 648 1666 bono;
676 1590 831 1652 “iacies’'
853 1589 1048 1670 significant
1070 1588 1188 1650 interiora

114 1692 150 1745 et
173 1681 386 1759 affedliones;
412 1683 712 1764 “obstupescere''
733 1691 752 1716 ‘⁴
761 1685 941 1746 cohortere
952 1683 968 1708 ”
986 1693 1022 1746 et
1043 1677 1188 1744 “turbari.”

114 1775 306 1857 significant
334 1796 469 1857 prorsus
496 1778 618 1839 mutari
645 1778 756 1858 quoad
783 1788 921 1839 statum.
968 1776 1025 1838 Ex
1052 1776 1100 1837 his
1121 1781 1186 1855 petet

114 1871 193 1951 quid
217 1870 275 1931 illa
298 1871 330 1931 in
355 1891 455 1932 sensu
478 1871 613 1933 interno
636 1871 825 1943 involvunt,
848 1891 971 1952 nempe
994 1870 1081 1951 quod
1102 1884 1186 1930 omnes

114 1966 328 2045 cognitiones
346 1966 415 2026 veri
438 1974 473 2027 et
497 1965 587 2036 boni,
607 1985 646 2027 ac
666 1964 851 2026 scientifica
875 1963 1113 2034 confirmantia,
1129 1977 1186 2041 quae

114 2057 218 2120 homo
234 2079 278 2120 ex
296 2057 413 2119 Verbo
429 2068 464 2120 et
480 2079 524 2120 ex
542 2059 713 2138 magistris
730 2059 774 2120 ab
792 2058 933 2120 infantia
951 2058 1073 2130 hausit,
1089 2061 1185 2117 mutent

114 2171 174 2213 sua
193 2151 267 2214 loca
287 2162 321 2214 et
342 2172 436 2214 suum
456 2162 585 2214 statum
608 2154 641 2214 in
661 2151 806 2214 naturali
825 2152 973 2224 homine,
995 2162 1029 2214 et
1048 2155 1185 2232 percaute

114 2243 308 2327 conspectu,
329 2247 466 2327 quando
484 2245 567 2308 salsa
585 2247 723 2308 intrant.
770 2244 872 2326 Apud
891 2244 1043 2317 Esaiam,

165 2377 276 2426 “Ducet
295 2393 342 2426 rex
362 2379 491 2426 Aschuris
511 2378 691 2440 captiuitatem
713 2377 838 2440 Aegypti,
861 2388 888 2425 et
908 2379 1013 2425 turbam
1033 2371 1183 2438 depomrdrn

246 2441 345 2491 Kusehi
356 2457 373 2497 ς.
385 2481 390 2491 .
401 2480 406 2491 .
417 2453 492 2491 ,tunc
509 2445 750 2491 consternabuntur
766 2454 794 2490 et
811 2445 970 2490 erubescent
987 2445 1022 2490 ob
1035 2442 1184 2508 Kuschunet·

243 2505 437 2569 spectationem
450 2523 551 2564 eorum,
566 2518 592 2556 et
605 2510 640 2555 ob
651 2508 804 2570 Aegyptum
817 2508 897 2555 decus
909 2522 1017 2556 eorum:
1035 2517 1061 2555 et
1071 2507 1128 2554 dicet
1136 2501 1184 2570 habt

243 2582 314 2621 tator
326 2574 428 2621 insulae
437 2574 517 2634 hujus
530 2573 556 2622 in
569 2574 612 2620 die
624 2573 679 2628 illo,
692 2573 759 2620 Eece
771 2573 809 2620 sic
819 2570 984 2633 exspectatio
994 2584 1082 2620 nostra
1092 2585 1133 2632 quo
1140 2567 1184 2623 lutt-

243 2653 302 2686 mus
312 2639 339 2686 in
349 2638 486 2694 auxilium,
498 2649 526 2685 ut
536 2639 698 2699 eriperemur
706 2653 723 2685 a
732 2651 822 2686 corant
832 2652 894 2698 rege
904 2639 1042 2695 Asehuris,
1052 2648 1077 2685 et
1087 2627 1184 2698 quou0d⁰

243 2703 415 2751 liberabimur
427 2718 477 2751 nos
484 2703 509 2752 Υ·
522 2704 574 2763 (xx.
586 2704 635 2762 4-6
644 2703 661 2763 ι)

113 2835 214 2878 nemo
237 2818 360 2899 aliquid
385 2818 549 2879 ecclesiae
576 2839 619 2879 ex
644 2817 695 2878 his
717 2826 936 2898 percepturus
955 2826 1019 2889 est,
1040 2814 1093 2877 sed
1114 2806 1184 2874 modo

112 2910 247 2992 aliquod
268 2912 447 2973 obscurum
467 2911 675 2982 historicum,
696 2911 785 2992 quod
806 2930 873 2971 non
895 2911 999 2972 scitur
1018 2928 1092 2971 num
1108 2898 1182 2968 exsti·

112 3006 191 3067 terit
205 3027 212 3082 ;
232 3016 267 3069 ut
282 3006 370 3087 quod
382 3027 442 3067 rex
454 3005 616 3084 Assyriae
630 3007 662 3066 in
673 3006 909 3086 captivitatem
921 3005 1066 3066 abducet
1078 3001 1182 3078 Aegyp·

112 3109 231 3162 tumet
247 3100 434 3172 Kuschum,
449 3109 483 3161 et
500 3100 589 3180 quod
603 3099 814 3161 habitatores
825 3097 965 3177 alicujus
981 3097 1103 3161 insulae
1114 3086 1183 3155 corde

111 3193 266 3256 dolerent
291 3215 390 3276 super
414 3194 456 3254 id.
502 3193 552 3255 At
576 3213 680 3274 usque
699 3192 753 3254 hic
777 3204 813 3254 ut
837 3191 916 3253 alibi
940 3193 984 3254 de
1007 3213 1043 3255 re
1060 3184 1183 3254 ecclesiae

110 3288 242 3368 agitur;
272 3309 358 3370 quae
381 3309 433 3350 res
457 3297 554 3368 patet
577 3307 653 3350 cum
676 3288 781 3348 scitur
802 3286 891 3367 quod
917 3292 1011 3348 “rex
1035 3269 1183 3348 Aschuris'

110 3381 277 3462 significet
301 3380 468 3443 rationale
485 3401 687 3462 perversum,
709 3390 744 3442 et
767 3380 845 3442 inde
863 3381 1141 3442 ratiocinationem
1154 3383 1183 3428 ex

110 3474 302 3537 scientificis
329 3475 421 3537 salsis
446 3475 638 3537 faventibus
657 3474 806 3554 jucundo
828 3493 982 3535 amorum
1010 3469 1183 3536 naturalium

110 3588 209 3650 super
232 3591 298 3650 quo
321 3568 415 3631 dolet
443 3568 605 3631 naturalis
632 3568 736 3630 homo
758 3569 834 3649 quia
858 3588 917 3647 per
945 3568 978 3629 id
1003 3563 1183 3649 perventum

110 3681 189 3724 narn
212 3683 272 3744 per
291 3660 456 3724 ‘⁸¹¹¹Ducet
480 3683 540 3724 rex
561 3661 725 3723 Aschuris
745 3662 982 3742 captivitatem
1003 3654 1148 3740 Aegypti,
1161 3653 1185 3706 01

109 3755 242 3816 turbam
263 3755 509 3835 deportandam
535 3753 694 3825 Kuschi‚”
713 3751 1035 3835 significaturquod
1057 3737 1186 3815 rationale

109 3868 305 3928 perversum
325 3850 386 3910 sibi
409 3848 544 3909 addicet
565 3847 750 3909 scientifica
769 3845 932 3908 naturalis
952 3847 1103 3916 hominis,
1120 3850 1145 3903 et
1161 3846 1188 3893 Se

109 3940 321 4004 confirmabit
336 3963 394 4022 per
406 3941 462 4002 illa
476 3954 510 4003 et
524 3962 583 4022 per
592 3940 739 4021 jucunda
752 3940 824 4019 ejus
835 3939 959 4020 quibus
973 3939 1105 4013 favent;
1125 3937 1196 4029 “1⁶12

110 4034 298 4095 Aschuris”
314 4046 366 4096 est
386 4035 552 4096 rationale
571 4052 774 4115 perversum,
795 4034 1060 4113 “captivitatem
1076 4033 1174 4094 ducere

108 4137 144 4191 et
159 4134 178 4158 ‘⁴
188 4128 321 4189 turbam
337 4129 517 4207 deportare
526 4127 540 4150 ”
552 4138 604 4189 est
622 4148 679 4208 per
695 4128 974 4188 ratiocinationes
990 4128 1135 4189 addicere
1147 4113 1205 4212 sil„

109 4228 144 4280 et
168 4217 367 4280 confirmare
391 4239 437 4289 se,
464 4218 678 4299 “Aegyptus
689 4218 703 4241 ’¹
732 4228 784 4280 est
811 4218 1034 4281 scientificum
1061 4207 1209 4280 natura11⁵

108 4311 264 4383 hominis,
285 4322 320 4374 et
346 4311 516 4373 “Kusch'’
535 4325 587 4374 est
605 4312 789 4391 jucundum
806 4307 860 4373 'cui
884 4311 995 4375 iavet:
1026 4312 1112 4394 quod
1128 4300 1209 4369 b0n²

108 4406 177 4467 veri
197 4405 358 4466 naturalis
375 4405 521 4466 hominis
536 4418 674 4487 propter
693 4406 750 4467 illa
766 4405 918 4479 doleant,
936 4426 996 4468 seu
1015 4405 1103 4488 quod
1119 4410 1209 4466 natu‘
