2716 4986
414 493 494 543 cnr.
510 493 570 554 v1.,
587 490 691 541 vans.
707 475 818 540 6.-u.
837 472 955 556 376[e].
1179 484 1240 550 777

115 667 170 730 nisi
187 663 487 747 significavissent
504 662 586 725 talia
601 681 687 743 quae
704 667 781 722 sunt
799 657 884 721 caeli
900 665 936 720 et
951 653 1140 719 ecclesiae?
1184 652 1240 714 Ex

118 762 164 823 his
188 780 287 822 nunc
309 769 470 821 constare
494 768 610 839 potest
629 756 707 837 quid
730 753 873 817 involvit
897 752 992 834 panis
1016 759 1051 813 et
1071 750 1184 811 vinum
1207 750 1240 810 in

118 852 244 918 Sernota
265 853 374 927 Cena,
395 853 485 934 quod
505 871 626 932 nempe
646 850 741 932 panis
761 849 887 910 bonum
906 847 1030 909 amoris
1049 865 1069 906 a
1093 844 1241 905 Domino

120 949 149 1011 in
171 948 377 1019 Dominum,
399 956 433 1008 et
454 947 568 1006 vinum
592 945 717 1007 bonum
741 941 818 1004 fidei
842 940 932 1022 quod
955 942 988 1001 in
1013 960 1072 1001 sua
1092 939 1241 1000 essentia

121 1050 170 1102 est
187 1058 322 1101 Verum.
367 1054 427 1112 (Sed
438 1054 468 1097 de
478 1052 568 1097 Sandta
579 1052 652 1103 Cena,
665 1059 688 1094 et
699 1052 729 1094 de
742 1050 805 1093 Pane
816 1057 839 1092 et
850 1047 911 1093 Vino
923 1047 962 1099 ibi,
973 1047 1080 1091 videntur
1090 1047 1115 1090 in
1125 1046 1241 1090 Dolln'nn

123 1137 201 1179 Novae
207 1135 395 1190 Hierosolvma.
403 1146 426 1177 n.
435 1129 583 1187 2rol¹1222l
607 1114 652 1176 Et
666 1114 744 1194 qula
756 1121 776 1144 ⁴⁴
785 1113 900 1173 Vlnum
910 1111 925 1132 ”
934 1109 1102 1191 Significat
1113 1110 1240 1171 bonum

124 1209 198 1273 fidei
223 1209 316 1292 quod
341 1210 375 1270 in
398 1229 457 1269 sua
481 1205 630 1269 essentia
653 1213 705 1265 est
729 1222 856 1273 verum,
877 1201 954 1263 ideo
978 1199 1143 1261 Dominus
1166 1217 1242 1260 cum

125 1305 272 1369 instituit
293 1302 553 1366 Sacramentum
570 1299 683 1362 Cenae
702 1298 800 1367 dixit,

170 1432 266 1481 “Dico
276 1432 354 1480 vobis
364 1432 433 1494 quod
445 1446 498 1479 non
512 1430 642 1479 bibiturus
652 1432 702 1477 sim
716 1444 731 1476 a
744 1443 814 1476 nunc
823 1444 856 1476 ex
868 1429 918 1476 boc
928 1427 1065 1489 genimine
1075 1427 1145 1483 vitis,
1158 1441 1240 1488 usque

252 1498 287 1546 ad
300 1498 373 1546 diem
386 1497 468 1552 illum,
483 1496 589 1558 quando
603 1496 628 1544 id
643 1496 734 1542 bibero
747 1494 885 1542 vobiscum
899 1507 999 1540 novum
1015 1492 1041 1540 in
1055 1506 1138 1553 regno
1155 1492 1240 1540 Patris

253 1564 307 1611 mei
315 1562 328 1580 '¹
341 1562 448 1620 (Matri.
458 1562 529 1611 xxvi.
541 1563 597 1622 29);

172 1627 268 1676 “Dico
283 1628 360 1676 vobis
375 1627 443 1690 quod
463 1641 516 1675 non
536 1627 665 1674 bibiturus
681 1625 730 1673 sim
745 1625 778 1672 de
796 1623 933 1685 genimine
947 1623 1018 1680 vitis,
1034 1622 1120 1671 donec
1135 1622 1241 1684 quando

253 1707 366 1754 regnum
379 1691 429 1740 Dei
442 1701 581 1740 venturum
595 1702 636 1739 est
644 1689 657 1709 ”
670 1690 742 1750 (Luc.
753 1690 816 1738 xxii.
828 1689 881 1750 18):

125 1846 179 1906 per
199 1825 389 1906 “genimen
407 1824 507 1885 vitis”
523 1844 581 1885 seu
600 1829 619 1853 ‘⁶
632 1821 768 1884 vinum”
785 1821 874 1903 quod
896 1820 1060 1882 Dominus
1081 1838 1156 1882 cum
1176 1818 1241 1881 illis

125 1919 289 1982 bibiturus
306 1937 429 1981 novum
449 1919 509 1979 “in
529 1937 636 1997 regno
656 1917 764 1979 Patris
780 1915 858 1989 sui,”
875 1935 934 1977 seu
952 1914 1088 1976 “donec
1105 1913 1242 1994 quando

125 2033 265 2094 regnum
283 2012 347 2075 Dei
364 2022 541 2074 venturum
559 2011 641 2084 est‚”
658 2009 860 2091 intelligitur
876 2010 966 2090 quod
986 2029 1006 2070 a
1026 2008 1149 2070 Divino
1167 2006 1240 2068 Hu-

126 2127 225 2169 mano
254 2106 364 2188 lpsius
388 2117 466 2169 tunc
491 2125 592 2168 omne
621 2105 780 2166 Divinum
804 2102 933 2165 Verum
961 2103 993 2164 in
1022 2101 1118 2165 caelo
1146 2113 1180 2163 et
1208 2103 1240 2162 in

125 2201 291 2277 ecclesia;
326 2221 427 2282 quare
457 2200 539 2262 illud
569 2209 671 2262 vocat
702 2196 889 2272 “novum,”
917 2207 952 2260 et
979 2182 1240 2279 quoque'vocat

128 2294 290 2357 “Novum
307 2294 569 2357 Testamentum
586 2294 619 2356 in
637 2293 800 2373 sanguine
817 2291 901 2354 suo”
919 2290 1019 2373 (vers.
1037 2291 1113 2371 20);
1136 2296 1241 2352 “san-

125 2384 222 2467 guis'’
240 2386 332 2447 enim
354 2384 545 2446 “Domini’'
560 2383 670 2445 simile
689 2382 860 2464 significat
879 2402 918 2445 ac
941 2381 1108 2444 “vinum'’
1124 2399 1244 2455 (videatur

125 2504 234 2548 sopiam.
248 2490 297 2553 30,
309 2474 446 2553 328[a-c]‚
457 2488 610 2553 329[a‚u]):
632 2484 667 2535 et
684 2474 856 2554 quoniam,
874 2481 1056 2553 postquam
1074 2471 1242 2533 Dominus

126 2568 320 2638 resurrexit,
335 2585 435 2628 omne
453 2565 610 2628 Divinum
627 2566 671 2626 ab
688 2565 767 2646 Ipso
783 2565 948 2646 procedit,
963 2564 1039 2627 ideo
1055 2564 1136 2627 dicit
1153 2565 1242 2646 quod

126 2661 156 2722 id
183 2680 261 2722 cum
288 2658 355 2721 illis
383 2659 546 2721 bibiturus
573 2661 616 2721 sit
644 2660 780 2740 quando
804 2678 944 2739 regnum
973 2658 1036 2720 Dei
1064 2669 1241 2721 venturum

127 2763 187 2827 est,
209 2763 245 2816 et
265 2762 346 2815 tunc
366 2753 458 2815 venit
479 2753 614 2834 quando
634 2753 711 2834 lpse
731 2753 844 2814 omnia
863 2753 895 2815 in
915 2752 1068 2814 ordinem
1087 2752 1119 2813 in
1140 2751 1242 2814 caelis

126 2857 159 2910 et
187 2848 220 2909 in
249 2847 385 2909 infernis
410 2847 551 2928 redegit.
597 2845 698 2927 Quod
727 2866 867 2927 regnum
897 2847 960 2908 Dei
989 2866 1064 2909 cum
1094 2846 1243 2930 Domino

127 2942 267 3016 venerit,
289 2951 323 3003 et
343 2941 386 3003 ab
406 2941 495 3023 Ipso,
516 2951 674 3003 constare
693 2951 808 3023 potest

178 3074 259 3136 Apud
271 3073 444 3129 Malliacum,
454 3088 511 3136 cap.
522 3074 558 3123 iii.
569 3086 583 3121 2
594 3088 600 3129 ;
617 3088 675 3136 cap.
686 3074 720 3122 iv.
732 3075 763 3132 8;
780 3088 836 3136 cap.
847 3089 872 3122 x.
884 3086 897 3133 7
908 3088 913 3127 ;
931 3088 988 3136 cap.
998 3075 1043 3122 xii.
1054 3075 1085 3122 28
1096 3088 1101 3131 ;
1119 3089 1176 3136 cap.
1188 3075 1241 3122 xvi.

257 3139 303 3187 28:
321 3140 392 3214 apud
404 3140 535 3196 Marcum,
546 3153 604 3202 cap.
615 3139 631 3188 i.
645 3152 682 3198 14.
696 3151 723 3198 15
735 3154 740 3195 ;
758 3154 814 3200 cap.
825 3155 849 3188 v.
863 3152 873 3186 1
885 3157 889 3188 :
909 3141 979 3201 apud
992 3140 1097 3195 Lucam,
1107 3154 1164 3201 cap.
1176 3140 1191 3188 i.
1202 3152 1241 3199 32,

256 3215 304 3263 33:
327 3217 385 3265 cap.
398 3204 432 3252 ix.
447 3216 484 3261 11,
497 3215 537 3263 27,
549 3205 596 3260 bo;
620 3218 677 3266 cap.
690 3219 715 3252 x.
730 3216 757 3251 11
769 3218 775 3261 ;
798 3219 854 3266 cap.
867 3205 919 3252 xvi.
934 3205 979 3260 16:
1000 3219 1057 3266 cap.
1070 3204 1132 3253 xvii.
1145 3216 1183 3261 2ο,
1197 3217 1225 3252 21
1239 3219 1244 3258 ;

255 3283 313 3331 cap.
323 3269 396 3317 xxiii.
406 3281 447 3329 42,
459 3281 487 3328 51
499 3286 504 3318 ε
522 3271 593 3330 apud
608 3269 762 3334 Johonnem,
772 3284 829 3332 cap.
840 3270 912 3319 xviii.
923 3271 963 3328 36.

128 3399 298 3482 Quoniam
309 3420 396 3464 nunc
408 3407 426 3432 ¹⁶
435 3400 553 3482 panisf'
564 3400 731 3482 significat
742 3403 867 3464 bonum
879 3403 1013 3474 amoris,
1026 3422 1064 3464 ac
1079 3407 1097 3433 ¹‘
1107 3403 1219 3464 vinum
1230 3403 1244 3425 ’'

127 3496 251 3558 bonum
275 3493 351 3557 fidei
371 3495 460 3576 quod
484 3497 516 3557 in
536 3516 595 3556 sua
614 3496 763 3558 essentia
782 3507 835 3558 est
855 3515 971 3557 verum
991 3517 1034 3558 ex
1058 3495 1242 3569 illobono,

128 3608 164 3651 ac
192 3589 226 3651 in
254 3608 413 3670 supremo
440 3609 541 3651 sensu
566 3589 712 3670 “panis’'
737 3589 920 3652 Dominum
944 3590 1055 3671 quoad
1084 3590 1243 3653 Divinum

129 3681 271 3756 Bonum,
289 3702 328 3745 ac
348 3682 514 3745 “vinum”
535 3682 717 3745 Dominum
737 3685 849 3765 quoad
870 3684 1029 3746 Divinum
1048 3683 1188 3759 Verum,
1208 3697 1244 3749 et

128 3778 285 3858 quoniam
306 3776 607 3858 correspondentia
626 3784 679 3840 est
699 3779 787 3841 inter
806 3778 991 3859 spiritualia
1010 3788 1045 3841 et
1064 3780 1243 3854 naturalia,

129 3890 164 3933 ac
185 3871 263 3934 talis
283 3872 586 3952 correspondentia
603 3882 639 3934 ut
657 3891 732 3933 curn
752 3873 784 3933 in
802 3873 1013 3953 cogitatione
1030 3873 1175 3935 hominis
1192 3885 1244 3936 est

130 3967 221 4045 panis
238 3976 273 4029 et
287 3967 413 4039 vinum,
428 3965 459 4026 in
477 3966 688 4045 cogitatione
703 3966 900 4047 angelorum
918 3968 960 4029 sit
980 3968 1104 4029 bonum
1122 3970 1245 4031 amoris

129 4070 162 4123 et
176 4061 304 4124 bonum
321 4058 409 4134 fidei,
424 4069 459 4122 et
471 4061 630 4142 quoniam
644 4062 757 4122 omnia
770 4060 855 4123 caeli
872 4073 906 4124 et
923 4062 1088 4124 ecclesiae
1104 4082 1140 4124 se
1160 4063 1212 4126 res
1230 4098 1244 4109 ·

130 4164 202 4218 runt
221 4153 266 4217 ad
288 4153 417 4216 bonum
436 4155 560 4216 amoris
579 4162 614 4216 et
633 4155 676 4216 ad
700 4156 826 4217 bonum
850 4154 937 4229 fidei,
958 4156 1034 4220 ideo
1053 4177 1073 4218 a
1096 4157 1244 4219 Domino

131 4247 283 4312 instituta
300 4259 353 4312 est
372 4245 496 4310 Sandla
514 4247 617 4322 Cena,
632 4259 668 4311 ut
685 4270 744 4330 per
760 4249 851 4311 illam
869 4252 913 4312 sit
930 4248 1120 4331 conjundlio
1138 4271 1243 4332 ange-

130 4341 231 4406 lorum
242 4342 330 4406 caeli
345 4361 421 4405 cum
435 4340 627 4404 hominibus
637 4343 812 4405 ecclesiae.
850 4342 938 4424 Quia
950 4345 1007 4407 illa
1020 4365 1079 4426 per
1091 4349 1242 4425 “panem

131 4447 161 4499 et
179 4437 316 4500 vinum”
336 4437 369 4499 in
390 4436 487 4499 caelo
506 4436 753 4518 intelliguntur,
775 4438 851 4500 ideo
