2684 4988
370 481 452 532 cna.
469 481 529 543 vt,
546 481 650 533 vans.
672 483 799 533 12.—n.
815 469 937 554 4or[c].
1151 474 1213 555 873

129 651 151 713 in
171 650 338 714 Dominum
368 651 575 732 disparatum
602 652 656 726 sit,
682 662 717 715 et
743 652 822 716 inde
849 674 963 717 verum
992 653 1213 720 falsificatum.

127 744 223 808 Similia
237 767 345 827 paene
362 745 595 827 significantur
609 747 642 808 in
659 748 876 830 sequentibus
893 747 944 811 his
963 747 1045 811 locis
1057 749 1214 833 :-Apud

124 839 247 913 Esot'am,

159 957 238 1008 “Ecce
254 959 313 1007 dies
330 957 451 1022 jehovae
469 959 542 1008 venit
559 973 664 1016 saevus,
679 968 705 1008 et
723 959 915 1021 indignationis
932 969 959 1009 et
976 961 1213 1011 excandescentlae

224 1024 287 1078 irae.
301 1025 336 1072 ad
354 1025 508 1086 ponendum
520 1033 617 1072 terram
631 1025 657 1072 in
671 1025 832 1081 vastitatem,
846 1035 873 1074 et
886 1035 1037 1088 peccatores
1050 1026 1108 1088 ejus
1120 1029 1213 1090 perdat

223 1104 256 1138 ex
267 1104 316 1143 ea:
334 1104 398 1137 nam
411 1089 503 1137 stellae
515 1089 649 1138 caelorum
662 1100 689 1138 et
700 1091 789 1139 sidera
800 1105 892 1139 eorum
906 1105 960 1139 non
979 1092 1067 1140 lucent
1079 1094 1136 1141 luce
1147 1107 1212 1152 sua;

223 1155 415 1203 obtenebratur
428 1155 469 1202 sol
486 1154 512 1202 in
531 1165 591 1203 ortu
608 1170 667 1213 suo,
686 1164 713 1204 et
731 1156 794 1204 luna
812 1171 865 1204 non
885 1157 1025 1218 splendere
1042 1157 1105 1206 lacit
1122 1157 1211 1206 lumen

223 1233 316 1268 suum:
336 1220 451 1269 visitabo
463 1234 544 1282 super
552 1221 644 1269 orbern
656 1221 795 1280 malitiam,
806 1231 833 1270 et
845 1236 925 1284 super
937 1222 1033 1284 impios
1046 1222 1211 1286 iniquitatem

224 1283 339 1334 eorum”
352 1282 543 1347 (1¹¹xiii.9-11):

120 1427 163 1489 per
175 1410 286 1472 “diem
305 1409 456 1490 Jehovae
475 1430 624 1486 saevum,
644 1410 884 1493 indignationis
903 1421 938 1474 et
958 1411 1210 1475 excandescen-

120 1502 169 1565 tiae
183 1502 275 1576 irae,”
291 1503 501 1585 significatur
514 1504 586 1567 dies
602 1504 709 1568 ultimi
725 1504 857 1585 judicii;
882 1525 940 1587 per
955 1506 1045 1587 quod
1063 1505 1211 1569 “stellae

120 1596 261 1660 caelorum
274 1611 310 1661 et
323 1598 433 1660 sidera
445 1618 560 1661 eorum
573 1618 641 1662 non
655 1598 790 1661 luceant
804 1598 877 1661 luce
890 1619 959 1671 sua,
970 1599 1212 1662 obtenebretur

120 1690 156 1752 sol
170 1692 198 1754 in
216 1711 275 1754 suo
294 1703 381 1766 ortu,
402 1702 436 1755 et
456 1693 534 1755 luna
553 1713 620 1756 non
640 1692 817 1776 splendere
840 1693 940 1757 saciat
959 1694 1068 1756 lucem
1088 1694 1212 1768 suam,”

120 1784 300 1864 significatur
323 1787 414 1869 quod
442 1789 600 1870 perierint
628 1788 841 1868 cognitiones
868 1787 947 1850 boni
974 1797 1009 1850 et
1035 1789 1115 1861 veri,
1139 1798 1211 1851 tum

120 1875 217 1942 bonurn
229 1881 354 1942 amoris
367 1883 400 1942 in
414 1881 608 1955 Dominum,
622 1891 657 1944 et
674 1883 800 1943 bonurn
813 1881 986 1943 charitatis
999 1901 1081 1962 erga
1097 1883 1210 1962 proxi-

121 1988 196 2043 nun,
205 1986 237 2035 et
251 1974 331 2037 inde
343 1994 460 2036 verum
473 1975 563 2056 quod
576 1994 690 2037 verum
705 1973 781 2036 fidei
794 1984 954 2050 vocatur3
974 1995 1032 2055 per
1044 1982 1062 2006 ⁸·
1071 1974 1188 2037 stellas
1196 1975 1211 1999 ”

121 2065 183 2127 enin
193 2065 424 2147 significantur
433 2068 645 2148 cognitiones
655 2069 744 2141 boni,
756 2088 815 2149 per
826 2073 845 2099 ‘⁶
855 2067 964 2130 sidera
972 2067 987 2091 ’'
998 2068 1211 2148 cognitiones

121 2159 176 2231 veri,
193 2181 249 2240 per
266 2160 427 2223 “solem''
446 2162 571 2224 bonurn
590 2163 712 2224 amoris
731 2163 764 2223 in
784 2161 978 2235 Dominum,
998 2171 1033 2224 et
1053 2181 1112 2242 per
1131 2159 1210 2223 “lu-

122 2253 196 2314 nam’'
207 2255 331 2316 bonum
346 2255 520 2318 charitatis
533 2276 613 2337 erga
626 2256 828 2338 proximum,
842 2255 932 2336 quod
945 2257 978 2317 in
992 2275 1050 2317 sua
1062 2257 1211 2318 essentia

121 2353 155 2406 est
175 2367 284 2410 verum
312 2369 358 2410 ex
387 2350 488 2423 bono,
517 2358 551 2411 et
579 2359 718 2411 vocatur
742 2368 857 2412 verum
885 2347 982 2411 fidei:
1011 2348 1061 2411 sol
1089 2349 1211 2412 dicitur

122 2437 335 2504 “obtenebrari
359 2442 392 2503 in
416 2452 492 2505 ortu
515 2441 604 2516 suo‚”
623 2452 658 2505 et
682 2441 759 2504 luna
779 2449 875 2504 “non
899 2442 1078 2523 splendere
1101 2441 1210 2505 facere

121 2526 201 2596 lucem
227 2535 353 2608 suam,”
377 2555 444 2597 non
472 2536 561 2617 quod
590 2534 648 2600 Sol
675 2545 710 2599 et
738 2534 835 2598 Luna
861 2537 894 2598 in
922 2535 1024 2598 caelis
1047 2534 1209 2616 angelicis

121 2623 342 2701 obtenebretur,
357 2649 436 2691 narn
454 2628 511 2692 Sol
528 2630 571 2691 ibi
587 2649 719 2710 semper
731 2630 764 2690 in
780 2649 842 2690 suo
853 2628 969 2709 jubare
985 2638 1048 2700 est,
1062 2639 1096 2691 et
1114 2628 1210 2691 Luna
1296 2665 1299 2669 .

120 2715 141 2779 in
152 2740 201 2783 suo
216 2724 418 2804 splendore;
443 2723 502 2785 sed
519 2742 633 2785 coram
649 2722 713 2784 illis
729 2724 784 2804 qui
803 2723 835 2784 in
853 2722 949 2784 malis
968 2732 1003 2784 et
1022 2722 1100 2784 inde
1119 2722 1210 2784 salsis

120 2825 184 2887 sunt,
202 2817 288 2879 bona
312 2830 347 2879 et
369 2838 448 2879 vera
471 2818 518 2879 ita
541 2827 629 2889 sunt,
649 2837 750 2899 quare
773 2815 957 2878 secundum
977 2816 1209 2896 apparentiam

120 2902 285 2972 tatinum
311 2921 385 2986 est;
411 2910 459 2973 illi
481 2911 569 2972 enim
593 2911 649 2992 qui
672 2910 704 2971 in
728 2908 825 2971 malis
848 2919 883 2971 et
907 2909 984 2971 inde
1007 2908 1097 2970 falsis
1120 2919 1209 2982 sunt,

120 3014 248 3065 avertunt
266 3025 302 3065 se
318 3027 337 3064 a
354 3005 447 3066 bono
462 3005 584 3065 amoris
601 3013 635 3066 et
651 3002 837 3076 charitatis
856 3002 995 3083 proinde
1012 3022 1032 3064 a
1052 3001 1209 3074 Domino,

120 3101 224 3159 ettunc
246 3118 313 3159 non
334 3096 454 3159 volunt
474 3098 534 3159 nisi
554 3118 654 3179 quarn
674 3095 798 3158 malum
823 3105 857 3157 et
881 3115 949 3157 non
970 3096 1125 3175 cogitant
1149 3095 1210 3156 nisi

120 3202 192 3265 quam
203 3191 320 3253 salsum
335 3214 342 3265 ;
363 3192 464 3272 etqui
478 3210 544 3253 non
558 3191 648 3252 aliud
659 3189 778 3252 volunt
791 3200 826 3252 et
836 3192 1002 3270 cogitant,
1014 3208 1081 3251 non
1093 3188 1211 3251 vident

120 3280 161 3342 uisi
174 3285 348 3365 caliginem
369 3294 403 3346 et
425 3285 583 3347 tenebras
602 3285 633 3346 in
651 3283 773 3346 talibus
789 3304 874 3365 quae
891 3281 975 3345 caeli
994 3292 1029 3344 et
1048 3282 1211 3344 ecclesiae

120 3387 191 3439 sunt:
213 3381 290 3460 quia
307 3378 395 3440 tales
414 3378 650 3458 intelliguntur
666 3378 752 3458 apud
770 3398 854 3458 quos
871 3375 949 3438 “sol
970 3376 1212 3438 obtenebratur

119 3477 142 3529 et
156 3469 225 3534 luna
244 3493 311 3534 non
332 3471 512 3552 splendere
531 3472 609 3534 iacit
629 3470 738 3533 lucem
756 3470 880 3544 suam‚”
896 3471 973 3531 ideo
991 3469 1122 3540 dicitur,
1142 3469 1212 3530 “ad

119 3566 286 3639 ponendum
306 3577 432 3628 terram
451 3567 483 3627 in
502 3567 711 3638 vastitatem,
728 3574 763 3627 et
783 3573 981 3645 peccatores
999 3561 1069 3642 ejus
1093 3562 1212 3643 perdat

118 3673 148 3719 ex
166 3661 229 3733 ea‚”
248 3672 284 3724 et
308 3662 398 3735 dein,
420 3659 593 3723 “visitabo
614 3679 713 3740 super
731 3659 845 3720 orbem
870 3656 1032 3718 malitiam
1056 3666 1090 3717 et
1115 3675 1214 3737 super

118 3746 212 3834 inpios
225 3756 438 3837 iniquitatem
452 3774 567 3817 eorum
581 3754 606 3831 ;”
625 3772 684 3835 per
695 3759 714 3784 “
724 3764 847 3815 terram
856 3750 871 3775 ”
881 3761 916 3813 et
928 3757 947 3782 ‘⁴
957 3750 1073 3812 orbem
1082 3749 1096 3773 '¹
1109 3751 1212 3830 signi·

118 3839 212 3911 icatur
227 3849 381 3921 ecclesia,
400 3859 434 3911 et
451 3869 510 3931 per
523 3849 630 3930 “poni
648 3847 704 3909 illa
720 3847 752 3907 in
770 3846 966 3908 vastitatem
976 3844 990 3866 '’
1007 3842 1213 3923 significatur

118 3942 186 4018 quod
208 3962 274 4005 non
298 3942 443 4024 amplius
466 3941 602 4023 aliquod
625 3940 762 4012 bonum,
786 3947 821 4001 et
845 3958 904 4019 per
928 3938 1092 3999 “visitare
1116 3956 1215 4016 super

118 4034 210 4098 orbern
230 4036 394 4099 malitiam
415 4047 450 4098 et
469 4055 568 4116 super
584 4035 704 4117 impios
722 4033 934 4114 iniquitatem
955 4029 1093 4093 eorum”
1109 4030 1213 4108 signi·

119 4121 213 4193 icatur
230 4132 386 4194 ultimum
400 4128 572 4212 judicium.
617 4127 720 4208 Apud
740 4125 951 4200 Ezechielem,

155 4268 312 4332 “obtegam
327 4285 387 4318 cum
406 4267 561 4317 exstinxero
579 4275 613 4324 te,
628 4265 726 4322 caelos,
745 4273 771 4313 et
788 4265 881 4312 atrabo
899 4262 989 4311 stellas
1008 4275 1108 4317 eorum.
1128 4259 1215 4308 solem

225 4338 294 4384 nube
307 4338 443 4397 obtegam.
456 4343 482 4381 et
494 4333 558 4381 luna
570 4347 624 4381 non
636 4331 726 4380 lucere
738 4331 816 4379 laciet
828 4330 913 4378 lucem
923 4340 1016 4383 suam;
1034 4326 1126 4375 omnia
1138 4325 1215 4373 lurni·

226 4402 301 4450 naria
317 4402 384 4450 lucis
403 4401 430 4448 in
449 4399 529 4448 caelis
547 4401 639 4448 atrabo
656 4406 782 4459 superte,
796 4404 824 4445 et
835 4395 904 4442 dabo
917 4394 1040 4440 tenebras
1053 4405 1133 4453 super
1144 4400 1215 4440 terra

226 4466 293 4516 tua”
304 4467 396 4529 (xxxii.
411 4477 434 4526 7,
447 4466 487 4526 8);
