2684 4988
109 491 174 574 9¹⁶
419 506 668 558 APOCALYPSIS
692 507 916 558 expetente.

109 676 151 738 de
167 677 285 758 quibus
302 687 421 757 postea
437 678 470 740 in
486 678 650 758 capitibus
664 697 751 758 quae
767 688 961 758 sequuntur,
975 674 1091 738 multis
1106 675 1172 756 agit

108 770 212 850 Apud
231 770 405 845 Davidem,

160 902 301 965 “Magnus
313 903 434 969 Jehovah
449 915 475 954 et
489 905 654 953 collaudatus
666 904 744 953 valde
757 905 784 952 in
798 904 905 953 civitate
920 903 970 952 Dei
986 903 1080 959 nostri,
1094 903 1119 950 iu
1129 916 1172 950 mot

238 967 388 1018 subditatis
396 985 460 1018 suae
470 984 476 1026 ;
494 970 602 1032 pulcher
609 967 704 1027 tradlu,
713 970 840 1031 gaudium
849 969 930 1017 totius
938 979 1024 1018 terrae
1035 968 1112 1016 Mons
1119 967 1170 1016 Zion

238 1035 322 1082 latera
339 1036 538 1097 septentrionis,
558 1036 651 1083 civitas
674 1034 755 1096 Regis
773 1035 880 1095 magni:
903 1033 976 1082 Deus
994 1034 1021 1081 in
1042 1033 1137 1094 palatiis
1153 1032 1172 1093 ej

239 1110 327 1158 notus,
343 1109 468 1162 tanquam
482 1101 613 1163 retugium
622 1098 635 1119 ''
648 1100 703 1161 (Ps.
715 1101 797 1148 xlviii.
812 1095 862 1163 [2,]
875 1112 899 1159 3,
910 1113 927 1158 4
940 1096 986 1162 [B.
996 1101 1031 1147 A.
1044 1094 1121 1160 1-31l:

109 1252 168 1314 per
184 1233 266 1295 haec
284 1234 483 1296 describitur
498 1233 610 1297 cultus
630 1233 766 1295 Domini
785 1254 829 1294 ex
845 1233 933 1294 veris
949 1252 1035 1313 quae
1053 1252 1094 1293 ex
1111 1231 1172 1292 bone

110 1327 221 1389 cultus
245 1327 352 1407 Ipsius
375 1348 418 1389 ex
444 1330 530 1389 veris
553 1340 587 1390 et
611 1328 709 1390 bonis
732 1326 969 1407 spiritualibus,
989 1338 1023 1388 et
1046 1343 1172 1386 amoenu

109 1423 241 1483 animae
260 1422 348 1493 inde,
366 1421 573 1503 significatur
592 1442 651 1502 per
668 1421 843 1502 “Magnus
861 1431 914 1483 est
930 1420 1079 1499 Jehovah
1096 1428 1126 1481 et
1139 1414 1172 1478 col

109 1515 266 1579 laudatus
284 1515 383 1578 valde
407 1517 597 1578 incivitate
622 1515 685 1577 Dei
709 1516 825 1588 nostri,
845 1516 878 1576 in
900 1525 1017 1576 monte
1037 1510 1172 1575 sanititat'

108 1630 199 1684 suae,
214 1610 351 1690 pulcher
365 1607 473 1672 tractu
486 1609 512 1671 :”
535 1610 645 1672 cultus
659 1609 860 1689 intelligitur
877 1629 936 1688 per
950 1615 969 1640 ‘¹
980 1623 1172 1688 magnusesst

110 1712 145 1766 et
174 1704 418 1766 “collaudatus
445 1703 573 1776 valde‚”
601 1724 715 1766 verum
745 1703 914 1784 spirituale
941 1702 1032 1784 quod
1061 1722 1101 1763 ex
1125 1699 1172 1760 bon

109 1798 271 1879 spirituali
285 1819 343 1878 per
355 1805 374 1829 ‘⁴
383 1800 415 1860 in
428 1799 566 1860 civitate
580 1799 643 1860 Dei
658 1800 773 1871 nostri,
786 1808 902 1859 monte
915 1794 1100 1859 sandlitatis
1111 1811 1172 1856 suae

109 1903 144 1954 et
174 1912 353 1955 amoenum
382 1893 514 1955 animae
545 1893 622 1955 inde
653 1913 711 1974 per
739 1892 908 1973 “pulcher
938 1888 1047 1953 tractu
1061 1890 1085 1965 ;”
1110 1887 1172 1950 cultt

111 1986 245 2049 Domini
264 2008 308 2048 ex
328 1987 424 2049 bonis
443 1997 477 2048 et
495 1988 580 2048 veris
600 1987 801 2049 caelestibus
821 1986 1020 2047 describitur
1040 2004 1094 2064 per
1108 1989 1172 2062 “gat

110 2082 199 2142 dium
217 2083 321 2143 totius
337 2092 446 2143 terrae
464 2100 561 2143 mons
579 2081 701 2153 Zionis,
717 2080 823 2142 latera
839 2080 1088 2160 septentrionis,
1103 2076 1172 2139 civita

112 2173 218 2254 Regis
248 2175 404 2255 magni;”
437 2174 548 2237 cultus
578 2196 621 2236 ex
653 2175 744 2237 bono
772 2174 911 2236 caelesti
941 2172 1172 2252 intelligiturpt

112 2269 297 2348 “gaudium
311 2271 416 2330 totius
432 2280 553 2342 terrae,
569 2269 669 2330 Mons
686 2266 798 2330 Zionis
811 2268 836 2341 ;''
859 2278 893 2329 et
908 2287 987 2328 vera
1002 2288 1045 2328 ex
1063 2266 1113 2329 illo
1126 2265 1172 2325 bon

110 2362 345 2442 intelliguntur
375 2383 433 2443 per
465 2363 606 2425 “latera
636 2363 887 2442 septentrionis,
919 2363 1088 2423 civitatem
1114 2359 1172 2436 Reg

111 2456 248 2536 magni’'
266 2456 300 2537 (⁸⁴
311 2458 417 2520 latera
434 2459 675 2537 septentrionis
683 2457 698 2479 '⁹
714 2466 791 2518 sunt
808 2477 886 2517 vera
905 2477 949 2517 ex
970 2457 1060 2518 bono
1075 2453 1172 2516 caelest

111 2563 145 2613 et
171 2553 317 2628 “civitas
346 2552 452 2632 Regis
480 2552 618 2632 magni”
641 2562 693 2613 est
721 2548 873 2613 doetrina
898 2552 967 2612 veri
995 2550 1103 2630 inde):
1126 2564 1172 2628 quo

111 2666 190 2708 vera
208 2647 274 2707 sint
299 2646 374 2719 illis,
394 2648 449 2727 qui
474 2648 506 2707 in
530 2647 620 2707 bono
640 2645 778 2708 caelesti
801 2655 889 2717 sunt,
911 2646 1079 2724 inscripta,
1097 2635 1172 2720 signil

111 2749 206 2802 catur
234 2759 292 2820 per
320 2740 442 2802 “Deus
470 2743 502 2801 in
531 2739 663 2820 palatiis
691 2739 759 2819 ejus
787 2739 916 2801 notus.'’
961 2737 1060 2818 Quod
1087 2735 1172 2796 “latet

111 2835 374 2913 septentrionis”
397 2833 587 2915 significent
612 2854 689 2896 vera
716 2855 759 2895 ex
787 2835 877 2895 bono
902 2834 1052 2905 caelesti,
1075 2824 1172 2907 estqui

111 2928 157 2990 illi
176 2931 231 3011 qui
250 2930 282 2991 in
302 2950 407 3009 regno
427 2930 566 2993 caelesti
586 2928 722 2991 Domini
742 2939 830 3001 sunt,
849 2929 881 2989 in
901 2927 997 2989 caelo
1016 2919 1172 2989 habitanti

111 3024 251 3096 oriente,
268 3034 303 3086 et
323 3024 369 3084 illi
385 3025 440 3104 qui
459 3025 490 3085 in
508 3025 593 3084 veris
610 3044 653 3084 ex
671 3022 729 3084 illo
746 3024 836 3084 bono
851 3034 940 3095 sunt,
959 3042 1073 3084 versus
1086 3027 1172 3098 septen

112 3119 254 3180 trionem
274 3120 328 3180 ibi.
374 3118 476 3198 Apud
496 3117 660 3189 Esaiam,¹

166 3252 271 3302 Lucifer
283 3257 299 3277 ¹¹
308 3263 336 3301 tu
348 3253 436 3301 dixisti
450 3255 475 3301 in
487 3253 630 3310 cordetuo,
642 3253 730 3300 caelos
740 3252 890 3308 ascendam,
903 3266 985 3313 supra
994 3251 1081 3300 stellas
1092 3247 1132 3298 Dei
1139 3254 1172 3292 0¹⁸

243 3321 304 3367 tabo
320 3320 444 3366 thronum
460 3332 557 3372 meum,
575 3327 600 3364 et
616 3318 715 3365 sedebo
733 3317 759 3364 in
777 3326 868 3365 monte
882 3327 1040 3373 conventus,
1056 3317 1080 3365 in
1097 3308 1172 3362 lateribt

242 3384 432 3446 septentrionis
440 3383 454 3401 ''
465 3384 528 3443 (xiv.
543 3384 582 3442 13)
593 3396 598 3430 :

112 3536 171 3596 per
187 3516 402 3579 “Luciferum
413 3517 427 3539 ”
444 3515 641 3594 intelligitur
659 3514 773 3585 Babel,
792 3526 827 3576 ut
847 3525 942 3595 patet
960 3536 1004 3577 ex
1021 3508 1172 3577 antecedet

112 3613 201 3675 tibus
220 3621 254 3673 et
274 3612 558 3692 consequentibus
578 3611 610 3670 in
630 3631 671 3670 eo
690 3612 819 3689 capite;
843 3630 938 3671 amor
955 3606 1126 3689 imperandi
1141 3597 1172 3679 ejt

111 3726 209 3786 super
228 3706 357 3768 caelum
378 3718 413 3767 et
432 3705 609 3767 ecclesiam
630 3704 827 3765 describitur
848 3725 907 3783 per
925 3704 1015 3785 quod
1037 3693 1172 3764 “ascendi

112 3799 235 3871 caelos,
255 3810 289 3861 et
314 3819 411 3879 supcr
431 3798 548 3860 stellas
572 3797 634 3858 Dei
658 3797 825 3858 exaltabit
845 3799 1004 3858 thronum
1027 3790 1172 3867 suumss’pl

111 3914 197 3975 quae
224 3894 424 3974 intelligitur
451 3891 620 3954 affectatio
647 3893 784 3953 dominii
811 3912 910 3971 super
936 3891 1049 3953 caelos
1074 3888 1137 3952 illos
1153 3897 1172 3959 q*

112 3988 322 4049 constituunt
343 4007 483 4066 regnum
503 3985 674 4066 spirituale
696 3985 841 4057 Domini,
859 4005 937 4046 nam
955 4007 1034 4047 vera
1052 4004 1089 4047 ac
1104 3991 1171 4059 cogn

113 4082 222 4144 tiones
242 4082 310 4142 veri
332 4083 420 4160 apud
444 4081 520 4142 illos
544 4091 707 4160 apparent
732 4082 816 4142 sicut
840 4078 981 4155 stellae;
1005 4091 1040 4142 et
1064 4097 1116 4159 per
1131 4083 1172 4155 qu<

113 4175 272 4235 “sedebit
286 4175 317 4235 in
332 4185 448 4235 monte
462 4185 659 4243 conventus,
672 4173 831 4235 lateribus
845 4169 1172 4251 septentrionis‚¹'sigr

112 4267 337 4346 ficatursuper
347 4267 460 4329 caelos
473 4269 527 4348 qui
541 4268 751 4329 constituunt
765 4285 905 4346 regnum
920 4267 1069 4328 caeleste
1083 4260 1172 4327 Domi¹

113 4380 190 4422 nam
211 4367 337 4421 “mons
357 4372 545 4421 conventus
568 4372 602 4422 et
627 4361 733 4421 latera
756 4359 1022 4439 septentrionis”
1040 4368 1115 4420 sunt
1136 4357 1172 4417 bo

112 4460 146 4513 et
163 4471 244 4513 vera
262 4451 307 4512 ibi
326 4467 363 4525 (ur
374 4468 465 4524 supra).
510 4451 598 4531 Quia
615 4451 715 4513 Mons
732 4451 848 4513 Zionis
865 4460 901 4512 et
923 4449 1161 4531 Hierosolyma
