2684 4988
236 479 325 530 car.
342 478 400 540 vr„
417 479 520 529 vens.
537 466 646 528 8.—u.
664 463 785 548 388[e].
1003 466 1067 549 819

105 650 179 711 uias
199 659 237 712 et
259 648 372 712 leras'’
389 649 433 712 ibi
452 649 688 731 intelliguntur
706 649 797 731 agni,
817 670 910 724 oves,
931 668 1064 733 caprae,

105 745 217 817 rietes,
239 743 336 816 hirci,
352 741 497 822 juvenci,
518 743 633 818 boves,
654 763 789 817 vaccae,
810 744 886 826 equi
904 754 940 806 et
959 744 1064 821 asini;

105 857 146 898 em
167 836 300 910 leones,
318 838 395 909 ursi,
415 838 497 918 apri,
514 835 582 919 lupi
602 847 637 901 et
653 835 781 899 similes
797 835 886 899 serae
904 855 1064 918 rapaces;

105 952 129 992 tr
149 929 293 994 “seras”
312 931 356 993 ibi
379 931 616 1012 intelliguntur
631 931 720 993 ferae
739 931 959 1004 domesticae,
978 949 1066 1012 quae

105 1047 131 1087 tr
143 1045 228 1107 quas
245 1023 480 1107 significantur
492 1021 686 1088 affefflones
700 1026 817 1087 veriet
834 1023 923 1086 boni.
960 1022 1065 1106 Apud

105 1141 120 1194 l,

105 1263 142 1302 ne
154 1252 286 1318 jehovam
296 1263 403 1311 eterra,
414 1253 542 1302 belaenae
551 1263 578 1302 et
586 1255 677 1317 abyssi
680 1290 750 1311 .....
755 1252 813 1302 lera
824 1261 851 1301 et
861 1251 951 1301 omniu
967 1251 1062 1308 Mle.

108 1320 170 1381 ptile
183 1330 211 1367 et
222 1319 280 1368 auis
290 1319 357 1376 elue,
369 1333 446 1381 reges
456 1329 541 1367 terrae
550 1329 577 1368 et
586 1335 681 1368 omnes
691 1319 781 1381 populi
789 1316 803 1337 ''
815 1317 870 1379 (Ps.
879 1317 977 1367 cxlviii.
989 1328 1013 1376 7,
1025 1329 1063 1375 ιο,

105 1386 135 1445 r).

105 1527 116 1568 ε
144 1504 378 1587 significantur
403 1506 513 1568 omnis
537 1507 670 1587 generis
696 1506 786 1568 bona
813 1514 848 1568 et
876 1523 955 1566 vera
978 1522 1065 1586 quoe

105 1602 230 1674 ninem,
248 1621 292 1663 ex
310 1602 429 1682 quibus
445 1601 547 1663 homo
563 1600 645 1663 colit
663 1600 772 1662 Deum
788 1620 795 1676 ;
819 1609 854 1662 et
871 1600 947 1681 quia
962 1597 1066 1661 homo

106 1715 160 1757 um
180 1716 225 1757 ex
249 1694 326 1767 illis,
346 1705 380 1756 et
405 1694 462 1756 illa
487 1713 553 1756 non
577 1704 655 1756 sunt
679 1694 823 1756 hominis
846 1692 905 1756 sed
930 1691 1065 1755 Domini

105 1809 160 1861 rm,
178 1789 255 1851 ideo
272 1787 531 1869 intelligendum
548 1799 600 1850 est
619 1789 709 1869 quod
729 1788 787 1851 illa
802 1787 918 1850 colant
935 1786 1065 1857 Deum;

104 1884 156 1944 rim
176 1885 240 1945 rite
261 1882 372 1945 colere
397 1892 511 1963 potest
532 1882 640 1944 Deum
664 1902 683 1944 a
706 1903 753 1953 se,
773 1882 833 1944 sed
852 1902 872 1943 a
896 1881 981 1953 Deo,
1001 1880 1065 1943 hoe

104 1978 163 2038 mis
180 1987 215 2039 et
232 1977 320 2038 veris
336 1997 421 2058 quae
439 1985 517 2038 sunt
535 1975 597 2038 Dei
614 1976 702 2056 apud
722 1975 834 2038 illum:
858 1976 948 2057 quod
964 1995 1066 2038 nemo

104 2072 247 2133 iminare
262 2070 376 2156 Jesum
392 2091 412 2132 a
431 2091 478 2144 se,
495 2071 554 2132 sed
571 2070 614 2131 ab
631 2071 720 2150 Ιρεο,
738 2080 856 2133 notum
876 2079 928 2131 est
947 2067 1065 2151 aliqui·

104 2166 258 2235 ecclesia.
287 2176 322 2227 et
353 2166 564 2227 notissimum
592 2166 625 2226 in
650 2164 755 2227 caelo.
811 2164 873 2225 Per
900 2162 1066 2226 “laudare

104 2260 136 2322 l”
166 2259 376 2341 significatur
406 2259 518 2321 colere
552 2259 684 2340 lpsum;
720 2279 778 2340 per
808 2257 998 2320 “balaenas
1030 2267 1066 2320 et

106 2353 356 2435 ’significantur
368 2351 552 2415 scientifica
568 2365 603 2416 et
617 2354 830 2434 cognitiones
847 2354 879 2415 in
897 2353 1066 2415 communi

104 2451 177 2510 mni
202 2448 404 2527 complexu;
436 2467 495 2528 per
519 2447 652 2509 “leram
683 2457 717 2509 et
741 2466 877 2510 omnem
896 2445 1066 2509 bestiam”

104 2554 178 2605 ntur
197 2541 393 2604 affediiones
409 2543 477 2603 veri
497 2552 531 2604 et
551 2542 628 2604 boni
644 2564 651 2618 ;
676 2562 735 2622 per
749 2541 899 2622 “reptile
915 2552 950 2604 et
965 2561 1064 2605 avem

107 2637 165 2700 ae'’
182 2635 391 2717 significatur
407 2635 589 2715 jucundum
609 2636 687 2698 boni
707 2646 742 2698 et
762 2638 830 2698 veri
851 2634 1010 2697 naturalis
1029 2646 1063 2698 et

104 2735 127 2793 is
143 2731 309 2793 hominis:
330 2730 406 2792 ideo
422 2731 524 2792 etiam
540 2730 670 2803 dicitur,
690 2736 709 2762 “
720 2729 873 2791 Laudate
888 2728 1064 2808 Jehovam‚

103 2848 179 2890 rrae
203 2837 237 2889 et
261 2845 380 2887 omnes
400 2824 542 2906 populi‚”
561 2846 619 2906 per
637 2846 721 2907 quos
738 2823 967 2905 significantur
986 2844 1065 2886 vera

104 2923 152 2982 nis
169 2922 326 3001 generis:
351 2921 440 3000 quod
458 2919 537 2982 talia
556 2919 787 3000 significentur
807 2939 864 2999 per
880 2918 936 2980 illa
951 2920 1064 2991 verba,

120 3013 370 3095 significatione
384 3034 498 3076 eorum
515 3015 660 3077 insensu
677 3016 821 3086 interm,
835 3023 869 3074 et
889 3033 933 3074 ex
948 3012 1064 3076 Verbo

124 3111 179 3171 ubi
204 3109 236 3169 id
260 3119 313 3170 est
335 3108 507 3189 spirituale
526 3111 601 3189 quia
625 3131 685 3191 pro
703 3109 834 3189 angelis
853 3109 908 3190 qui
932 3109 1064 3189 spiritu·

103 3219 157 3261 mod
171 3217 244 3261 etiam
256 3217 365 3260 Verbum
379 3216 404 3260 in
418 3216 496 3261 Caelis
513 3217 548 3267 sit.
560 3226 583 3261 et
597 3218 621 3261 id
636 3219 768 3262 secundum
784 3230 879 3261 sensum
896 3217 1022 3269 internum.
1033 3219 1067 3262 vi·

103 3311 156 3354 pere
174 3297 210 3341 ne
222 3296 435 3354 eastoetrmm,
447 3307 469 3339 n.
482 3297 605 3353 259—261.)
649 3281 755 3360 Apud
774 3281 932 3354 eundem,

103 3426 144 3459 am
158 3410 408 3459 benevolentiarum
421 3410 521 3458 stillare
533 3409 607 3466 lacis,
621 3410 702 3467 Deus,
715 3411 890 3459 hereditatem
903 3420 976 3459 tuem
994 3411 1067 3460 lebo-

103 3475 390 3604 hntjmqepgpjrmabiu
408 3475 465 3523 lere
482 3486 527 3523 lua
539 3476 696 3524 habitabunt
715 3477 741 3523 ln
755 3476 807 3523 ea”
819 3477 874 3536 (Ps.
887 3476 970 3525 lxviii.
985 3489 1022 3533 ιο,
1037 3490 1064 3525 11

106 3691 146 3732 ue
161 3668 282 3731 “sera”
294 3689 352 3731 seu
368 3667 518 3730 “animal
528 3668 543 3692 ”
559 3690 619 3750 pro
636 3667 768 3749 illisqui
784 3666 816 3729 in
837 3665 1066 3730 affestionibus

103 3765 164 3826 oni
181 3775 272 3837 sunt,
292 3784 350 3825 seu
366 3761 536 3826 abstrafle
553 3766 643 3845 ipsae
657 3763 735 3825 illae
748 3760 961 3838 affedliones;
986 3782 1064 3825 nam

103 3860 206 3920 uviam
230 3857 567 3920 benevolentiarum”
587 3877 686 3938 quam
707 3855 835 3919 stillare
859 3857 938 3918 lacit
963 3856 1065 3927 Deus,

104 3963 155 4014 tur
168 3952 327 4014 Divinum
342 3950 470 4013 Verum
487 3971 530 4013 ex
549 3952 671 4013 Divino
689 3949 804 4012 Bono:
830 3970 888 4030 per
905 3949 1065 4013 “heredi-

105 4045 325 4109 aborantem’‘
355 4064 456 4127 quam
487 4044 698 4107 confirmabit
730 4043 832 4116 Deus,
861 4042 1066 4124 significatur

111 4161 192 4222 quae
209 4143 241 4203 in
260 4140 384 4203 Divino
397 4139 489 4202 Vero
506 4150 557 4202 est
570 4139 681 4221 quoad
697 4135 885 4200 dodirinam
902 4148 937 4200 et
953 4138 1064 4218 quoad

111 4235 327 4299 ''hereditas''
346 4246 399 4298 est
423 4234 565 4297 ecclesia
589 4235 643 4296 ubi
666 4233 735 4306 illa,
752 4254 837 4315 quae
859 4232 1066 4294 “laborans''

103 4348 133 4391 tx
149 4333 258 4393 studio
274 4331 416 4393 faciendi
434 4331 578 4392 bonum:
603 4329 693 4411 quod
709 4327 848 4390 “serae'’
865 4326 1066 4388 habitabunt

107 4442 219 4507 nempe
246 4428 278 4488 in
307 4425 497 4488 hereditate
520 4446 579 4486 seu
601 4423 756 4497 ecclesia,
781 4419 949 4503 significat
976 4419 1067 4500 quod
