2684 4988
361 112 439 163 car.
455 112 547 174 vnn,
563 110 667 162 vans.
686 109 795 178 3.-u.
811 112 883 178 491.
1100 110 1176 177 1215

104 277 224 343 coebum
239 281 459 362 supen‘orum,
476 289 614 345 constat
629 300 675 344 ex
694 277 942 362 significatione
959 276 1179 351 “thuribuli''

103 373 166 454 quod
179 377 216 439 sit
234 375 346 439 cultus
364 396 409 438 ex
428 375 519 439 bono
536 373 713 457 spirituali,
732 392 811 436 nam
830 373 858 436 is
876 371 988 436 cultus
1007 392 1067 454 per
1086 370 1177 435 suffi-

102 470 152 527 tun
159 486 195 529 ex
206 465 385 529 thuribulis
397 464 721 548 repraesentabatur
731 479 851 539 (videatur
858 493 938 538 supra
946 492 970 526 n.
982 479 1069 543 324):
1086 464 1176 546 quod

102 553 219 620 “habere
233 556 439 621 thuribulum
453 556 614 621 aureum”
625 554 795 639 significet
808 553 1081 637 conjunttionem
1098 556 1177 619 boni

99 650 221 714 caelestis
242 670 320 715 cum
343 652 433 714 bono
456 650 630 733 spirituali,
650 661 704 714 est
722 650 800 731 quia
821 649 992 730 “angelus
1015 658 1111 713 stans
1133 649 1177 712 ad

97 742 175 808 altare
182 745 195 768 '⁹
204 746 351 809 habebat
366 745 583 820 thuribulum,
595 755 630 808 et
643 765 703 827 per
715 744 850 807 “altare
860 743 874 767 ”
884 743 1093 825 significatur
1104 744 1176 807 cul·

98 845 135 898 tus
148 859 183 902 ex
200 840 290 903 bono
309 839 459 913 caelesti,
481 851 515 903 et
536 861 595 922 per
616 836 851 902 “thuribulum
870 858 1007 901 aureum
1016 838 1031 861 '’
1050 839 1176 902 bonum

96 932 233 1011 spirituale
252 956 296 998 ex
320 934 411 997 bono
429 934 589 1011 caelesti;
615 939 758 996 “aurum
768 932 784 955 '’
802 933 905 994 etiam
926 931 1096 1013 significat
1114 933 1175 996 bo·
1264 957 1268 966 ·

96 1041 152 1088 uum
164 1029 317 1092 caeleste.
362 1027 558 1102 Thuribula,
575 1048 661 1109 quae
681 1029 712 1089 in
733 1048 794 1089 usu
812 1035 908 1090 erant
927 1027 1015 1108 apud
1034 1035 1176 1107 gentem

93 1113 233 1194 Judaicam
249 1132 283 1185 et
302 1121 535 1196 Israeliticam‚
550 1121 681 1186 luerunt
695 1142 740 1184 ex
752 1141 830 1183 aere
842 1142 849 1197 ;
869 1130 904 1184 et
916 1141 976 1202 per
988 1119 1176 1183 suffitiones

94 1229 125 1273 ex
134 1213 186 1277 illis
196 1216 371 1279 thuribulis
384 1217 703 1298 repraesentabatur
714 1215 882 1289 cultus,ex
896 1213 988 1276 bono
1000 1214 1174 1297 spirituali,

93 1309 214 1372 etsimul
237 1308 430 1392 conjunttio
453 1329 529 1373 cum
553 1311 644 1373 bono
666 1307 823 1383 naturali,
844 1328 922 1371 nam
944 1308 1053 1372 “aes''
1071 1311 1176 1391 signi·

92 1394 149 1465 licat
162 1404 281 1467 bonum
295 1405 450 1467 naturale
463 1426 470 1480 ;
494 1403 547 1467 hic
562 1405 675 1486 itaque
693 1425 752 1486 per
766 1409 785 1435 ‘⁴
796 1403 1001 1466 thuribulum
1014 1424 1152 1467 aureum
1161 1404 1176 1428 '‘

91 1492 268 1575 significatur
286 1496 479 1578 conjunfflo
502 1499 581 1561 boni
604 1497 763 1560 caelestis
781 1517 858 1561 cum
881 1498 972 1561 bono
991 1499 1174 1580 spirituali:

89 1591 272 1666 quodetiam
292 1590 499 1673 significetur
514 1588 707 1672 conjunitio
722 1593 865 1655 duorum
883 1592 1055 1656 caelorum
1075 1612 1174 1675 supe-

87 1678 195 1760 riorum,
212 1698 264 1751 est
281 1688 357 1769 quia
376 1687 501 1750 bonum
518 1687 627 1750 intimi
646 1688 731 1750 caeli
750 1696 802 1749 est
819 1686 944 1750 bonum
961 1687 1121 1761 caeleste,
1139 1697 1175 1750 et

86 1768 187 1843 bonurn
206 1783 306 1845 medii
329 1782 414 1844 caeli
437 1792 490 1845 est
513 1782 639 1849 bonum
659 1784 851 1864 spirituale:
874 1792 1080 1864 quapropter
1099 1800 1174 1844 cum

82 1864 184 1968 flieitur
193 1874 386 1958 conjunttio
397 1876 530 1939 illorum
544 1877 720 1950 bonorum,
732 1877 934 1957 intelligitur
946 1897 1078 1960 quoque
1092 1896 1174 1939 con·

76 1965 188 2034 sunnio
208 1971 391 2042 caelorum,
416 1972 574 2053 quoniam
598 1970 724 2034 bonum
751 1972 831 2034 facit
854 1971 996 2033 caelum.
1042 1970 1174 2034 Bonum

77 2060 210 2129 caeleste
233 2075 286 2129 est
310 2066 437 2128 bonum
460 2067 584 2127 amoris
607 2067 640 2128 in
664 2066 859 2136 Dominum,
880 2077 915 2128 et
939 2065 1019 2128 iacit
1042 2064 1173 2128 caelum

74 2162 252 2237 supremum
276 2181 335 2223 seu
358 2160 534 2235 intimum;
562 2180 601 2222 ac
625 2159 751 2222 bonum
775 2160 948 2242 spirituale
971 2171 1023 2223 est
1048 2161 1174 2224 bonum

72 2254 185 2316 amoris
206 2275 288 2336 erga
312 2255 515 2337 proximum,
541 2265 576 2317 et
602 2255 683 2317 facit
706 2253 837 2317 caelum
860 2255 943 2317 inira
967 2255 1059 2329 illud,
1083 2257 1174 2337 quod

71 2347 192 2411 caelum
215 2350 401 2413 secundum
424 2361 458 2412 et
483 2351 630 2412 medium
653 2361 805 2413 vocatur.
860 2349 961 2432 Quod
988 2350 1118 2414 “thus’'
1141 2353 1174 2414 in

69 2423 179 2506 Verbo
199 2442 369 2525 significet
392 2444 518 2506 bonum
539 2445 723 2525 spirituale,
745 2444 897 2508 similiter
918 2444 1175 2510 “thuribulum’'

68 2536 153 2608 quod
170 2549 241 2602 erat
258 2539 438 2601 continens
456 2537 526 2620 (ubi
545 2540 725 2601 continens
742 2541 883 2602 sumitur
899 2560 961 2622 pro
978 2540 1172 2624 contento),

68 2635 217 2696 constare
236 2642 353 2715 potest
372 2652 392 2694 a
410 2633 629 2714 sequentibus
649 2633 733 2695 locis
744 2632 900 2715 1-Apud
919 2633 1071 2709 Esaiam,

120 2785 198 2835 “tion
210 2787 312 2837 servire
324 2796 351 2836 te
363 2786 413 2835 feei
426 2801 473 2848 per
485 2786 629 2843 mincbam,
644 2802 694 2836 nec
705 2787 852 2848 defatigavi
865 2803 913 2850 per
925 2789 986 2838 thus
994 2788 1009 2808 ’⁹
1020 2789 1096 2852 (xliii.
1108 2789 1165 2851 23):

70 2924 95 2954 “
104 2931 248 2995 mincha’¹
261 2943 296 2996 et
312 2938 331 2964 “
340 2932 419 2996 thus
428 2932 442 2957 ’¹
454 2934 587 3007 dicitur,
602 2935 678 3016 quia
691 2955 750 3016 per
761 2939 780 2965 ⁴⁶
791 2934 992 3010 mincham,”
1002 2957 1087 3018 quae
1100 2950 1173 3002 erat

68 3032 115 3082 ex
128 3027 321 3108 similagine,
336 3028 384 3090 ita
401 3029 506 3108 panis
522 3027 730 3109 significatur
741 3029 867 3090 bonum
882 3029 1030 3093 caeleste
1044 3053 1051 3108 ;
1071 3053 1174 3113 quare

69 3125 127 3187 per
142 3120 270 3184 “thus”
289 3120 497 3203 significatur
520 3122 646 3185 bonum
666 3123 857 3204 spirituale:
883 3124 973 3207 quod
997 3134 1175 3209 utrumque

69 3203 201 3290 dicatur,
215 3226 268 3278 est
282 3217 358 3298 quia
375 3215 480 3278 ubivis
496 3219 528 3279 in
543 3217 659 3280 Verbo
671 3229 723 3281 est
741 3219 932 3301 conjugium
950 3219 1028 3282 boni
1045 3230 1079 3282 et
1093 3224 1173 3294 veri,

68 3291 131 3366 hoc
146 3320 205 3382 est,
220 3310 274 3372 ubi
291 3311 403 3391 agitur
419 3312 461 3373 de
477 3312 568 3374 bono
584 3313 688 3374 etiarn
705 3314 817 3394 agitur
832 3315 875 3377 de
891 3335 980 3387 vero,
996 3326 1031 3377 et
1047 3310 1186 3379 bonum

67 3396 231 3472 spirituale
253 3415 307 3467 est
335 3406 367 3467 in
392 3426 450 3467 sua
473 3408 622 3493 essentia
644 3428 781 3485 verum;
807 3430 851 3472 ex
876 3408 940 3471 hoc
965 3418 1060 3491 patet
1084 3411 1173 3491 quod

68 3485 192 3557 “thus”
203 3500 245 3561 sit
259 3498 384 3560 bonurn
396 3500 578 3580 spirituale,
591 3522 650 3563 seu
660 3521 775 3564 verum
789 3501 867 3564 boni
881 3501 1049 3564 caelestis.
1096 3503 1173 3568 Hoc

63 3582 171 3654 adhuc
194 3604 352 3657 constare
377 3605 491 3676 potest
514 3617 558 3658 ex
583 3595 656 3658 aliis
681 3597 762 3659 locis
787 3598 841 3659 ubi
863 3597 962 3660 simul
985 3597 1175 3660 “mintha’'

60 3681 102 3735 et
124 3685 246 3750 “thus’'
265 3689 387 3752 dicitur
399 3689 501 3754 :—Ut
521 3691 610 3772 apud
629 3691 786 3761 eundem,

185 3834 363 3884 “Ascendere
376 3834 478 3884 iaciens
491 3835 648 3892 minutiam..
660 3835 821 3885 ...offerens
833 3834 894 3883 thus
902 3833 916 3853 '⁹
928 3834 1000 3896 (lxvi.
1013 3833 1053 3895 3):

51 3941 149 4011 apud
170 3947 362 4022 Jeremiam,

106 4050 258 4113 '‘Otemt
269 4064 457 4117 holocaustum
470 4074 496 4115 et
508 4065 677 4122 sacrlficium,
693 4064 828 4113 mincbam
840 4072 867 4114 et
880 4063 961 4113 thus'’
973 4063 1047 4125 (xvii.
1060 4061 1115 4126 26):
