2716 4986
158 446 220 528 962
470 460 720 512 neocaauesu
744 459 970 511 exsucata.

157 631 203 694 ibi
226 631 331 693 etiam
355 631 468 711 agitur
489 632 533 693 de
560 629 682 693 ultimo
700 627 837 710 judicio.
883 627 962 692 Lux
989 625 1087 702 caeli,
1111 647 1198 710 quae
1224 614 1313 689 e5¹

158 723 318 787 Divinum
343 724 471 787 Verum
496 723 626 787 unitum
651 723 776 787 Divino
800 723 907 796 Bono,
931 743 952 787 a
974 720 1068 802 cujus
1092 720 1221 785 influxu
1242 712 1321 785 es

157 821 350 900 praesentia
373 829 545 900 anguntur
571 828 606 882 et
630 819 823 881 cruciantur
850 815 929 879 mali
956 816 1012 899 qui
1040 836 1077 879 se
1104 815 1326 895 dejiciunt.

157 913 360 994 intelligitur
379 934 437 995 per
456 914 559 976 verba
582 933 664 975 mox
687 912 865 994 sequentia
887 912 922 975 in
944 910 1011 975 hoe
1029 930 1142 985 versu,
1164 908 1271 973 “Abs
1287 929 1329 947 ⁴

156 1007 295 1070 condite
312 1027 374 1070 nos
393 1028 412 1071 a
431 1007 514 1070 lacie
534 1006 694 1070 Sedentis
710 1026 810 1087 super
826 1005 953 1068 throno
968 1015 1004 1068 et
1020 1006 1065 1068 ab
1080 1005 1131 1067 ira
1148 1003 1263 1085 Agni:
1280 990 1329 1021 '¹

158 1106 177 1131 ‘⁴
187 1102 234 1162 ira
248 1100 366 1182 Agni''
379 1102 511 1174 dicitur,
526 1102 604 1183 quia
616 1102 809 1163 cruciantur
821 1121 829 1176 ;
848 1118 965 1163 verum
978 1099 1151 1163 cruciatus
1164 1109 1328 1161 eorurn

156 1213 224 1256 non
241 1205 294 1256 est
311 1196 399 1268 inde,
414 1196 474 1258 sed
491 1216 536 1258 ex
554 1194 651 1257 malis
668 1214 821 1257 amorum
838 1203 873 1256 et
886 1214 931 1256 ex
947 1193 1041 1257 salsis
1058 1191 1136 1255 fidei
1153 1211 1276 1255 eorum
1297 1234 1319 1247 .

157 1287 252 1351 Haec
277 1291 355 1371 quia
378 1290 563 1352 formarunt
583 1291 697 1352 omnia
720 1290 881 1351 interiora
899 1289 1025 1350 mentis
1049 1306 1181 1360 eorum,
1203 1302 1312 1349 nan

155 1382 301 1463 cujusvis
325 1403 420 1446 mens
443 1382 607 1446 formatur
629 1404 675 1446 ex
699 1403 815 1446 amore
838 1404 900 1444 suo
922 1392 957 1444 et
981 1381 1061 1444 inde
1084 1379 1152 1444 lide
1178 1399 1310 1462 usque

155 1487 193 1538 ut
212 1479 255 1539 sit
273 1479 380 1540 instar
395 1477 466 1557 ejus
485 1479 518 1540 in
535 1478 652 1551 forma,
669 1487 704 1540 et
724 1478 802 1559 quia
820 1477 982 1539 interiora
998 1477 1126 1537 mentis
1146 1473 1299 1538 illorum

154 1573 262 1653 quiin
283 1571 379 1634 malis
398 1582 433 1634 ct
454 1573 531 1634 inde
551 1572 643 1635 salsis
665 1583 744 1634 sunt
765 1592 862 1634 versa
881 1579 960 1633 sunt
984 1572 1017 1633 in
1042 1580 1179 1652 partem
1200 1588 1299 1633 con-

155 1667 293 1729 trariam
317 1687 376 1728 seu
400 1667 433 1727 in
457 1666 595 1747 plagam
619 1667 813 1747 oppositam
837 1665 935 1727 bonis
961 1673 997 1726 et
1020 1665 1110 1726 veris
1136 1662 1293 1734 Divinis,

155 1760 233 1823 ideo
255 1780 331 1823 cum
360 1761 519 1823 Divinum
544 1760 672 1823 Verum
700 1759 818 1833 influit,
843 1769 878 1821 et
906 1769 1051 1821 conatur
1080 1768 1295 1839 retroagere

155 1855 315 1917 interiora
337 1876 424 1937 quae
448 1857 572 1918 mentis
595 1874 722 1924 eorum,
747 1866 783 1917 et
807 1874 867 1936 per
889 1854 922 1916 id
946 1853 1118 1915 adducere
1141 1852 1222 1915 illos
1249 1854 1292 1916 in

155 1947 298 2020 caelum,
323 1948 388 2011 hoc
412 1951 501 2011 enim
526 1949 686 2011 Divinum
710 1946 839 2010 Verum
866 1946 1056 2029 procedens
1079 1966 1100 2010 a
1131 1946 1295 2010 Domino

155 2042 276 2125 ubique
296 2043 375 2106 lacit
400 2044 454 2106 ubi
478 2044 596 2115 influit,
617 2055 651 2106 et
676 2043 724 2104 illi
748 2062 817 2104 non
835 2042 956 2104 volunt
980 2042 1144 2104 recedere
1162 2062 1184 2105 a
1203 2063 1290 2105 suo·

154 2157 227 2199 rum
247 2157 399 2199 amorum
414 2137 580 2217 jucundis,
602 2138 680 2199 inde
704 2137 770 2198 illis
789 2156 936 2217 angores
959 2145 995 2199 et
1019 2137 1206 2209 cruciatus,
1226 2135 1289 2218 qui

154 2242 292 2293 cessant
320 2251 396 2293 cum
425 2233 564 2293 veniunt
595 2231 785 2293 ininferna
812 2231 867 2293 ubi
895 2229 1018 2292 similia
1042 2229 1196 2310 jucunda
1223 2250 1291 2293 seu

156 2325 283 2387 similes
302 2345 435 2388 amores
455 2336 612 2406 regnant.

217 2419 281 2502 [ln]
314 2420 486 2500 Quoniam
497 2441 598 2502 supra
608 2435 724 2500 (n.405)
735 2431 913 2482 ostensum
926 2429 980 2482 est
991 2419 1073 2501 quid
1087 2425 1107 2451 ‘⁴
1117 2429 1259 2483 montes
1267 2417 1292 2443 '⁹

154 2523 189 2574 et
211 2513 369 2575 “colles”
388 2512 590 2594 significant,
612 2514 689 2576 ideo
712 2515 744 2575 in
765 2532 853 2575 nunc
873 2513 1094 2593 sequentibus
1116 2514 1290 2576 ostende·

89 2626 92 2631 ·
155 2618 209 2667 tur
224 2607 303 2686 quid
323 2613 470 2688 “petrae
484 2607 509 2683 ;”
532 2608 622 2688 quod
640 2626 762 2688 nempe
778 2605 970 2686 significent
986 2626 1104 2668 verum
1124 2627 1171 2669 ex
1191 2606 1293 2670 bono

154 2700 318 2780 spirituali
342 2721 381 2762 ac
406 2720 521 2763 verum
545 2711 580 2763 et
609 2701 735 2763 bonum
759 2700 847 2773 fidei,
872 2712 907 2763 at
935 2702 968 2762 in
992 2702 1158 2782 opposito
1179 2721 1291 2765 sensu

154 2794 275 2856 salsum
299 2794 385 2857 fidei.
432 2795 532 2875 Quod
558 2803 705 2876 “petrae
716 2795 731 2818 '’
755 2794 948 2875 significent
972 2794 1041 2867 illa,
1066 2804 1121 2857 est
1146 2816 1289 2878 quoque

154 2909 199 2950 ex
212 2890 420 2970 apparentiis
434 2891 466 2951 in
481 2890 799 2971 mundospirituali;
819 2900 985 2970 apparent
998 2890 1090 2950 enirn
1103 2889 1150 2951 ibi
1164 2900 1291 2972 petrae

155 2993 189 3045 et
209 3004 318 3064 rupes,
340 2985 425 3045 sicut
446 2994 611 3065 apparent
633 2994 769 3046 montes
788 2994 823 3045 et
843 2982 960 3055 colles,
978 2993 1015 3046 ut
1040 3003 1144 3064 supra
1163 2994 1287 3048 osten·

154 3094 228 3136 sum
248 3085 321 3152 est;
352 3086 386 3138 et
407 3096 507 3156 super
525 3078 630 3157 petris
650 3078 694 3138 ibi
711 3077 869 3139 habitant
888 3078 943 3158 qui
963 3078 997 3138 in
1016 3078 1104 3139 veris
1124 3097 1171 3139 ex
1191 3077 1292 3140 bono

155 3169 319 3250 spirituali
343 3180 420 3232 sunt
441 3181 475 3232 et
496 3173 550 3251 qui
575 3172 607 3231 in
627 3192 708 3233 vero
727 3181 761 3233 et
785 3171 877 3232 bono
896 3168 981 3231 fidei.
1029 3168 1097 3232 Sed
1122 3169 1288 3234 differunt

156 3274 291 3325 montes
308 3276 342 3327 et
359 3265 465 3327 colles
481 3286 501 3327 a
521 3267 625 3346 petris
642 3276 676 3326 et
696 3264 832 3345 rupibus
849 3265 892 3326 ibi
911 3265 943 3325 in
964 3284 1016 3338 e0,
1034 3264 1127 3345 quod
1144 3278 1288 3329 montes

155 3367 190 3419 et
213 3357 319 3420 colles
343 3361 410 3421 sint
435 3380 479 3420 ex
503 3359 617 3430 humo,
639 3369 756 3440 petrae
780 3369 895 3421 autem
919 3369 954 3420 et
979 3378 1079 3439 rupes
1101 3379 1150 3421 ex
1174 3380 1283 3436 saxo;

154 3451 277 3513 humus
300 3454 390 3514 enim
414 3453 659 3534 correspondet
683 3453 775 3514 bono
798 3453 921 3514 amoris
945 3463 979 3514 et
1008 3452 1087 3514 inde
1110 3453 1293 3534 significat

155 3545 248 3618 illud,
269 3567 390 3609 saxum
410 3558 525 3610 autem
545 3547 788 3627 correspondet
809 3567 890 3609 vero
909 3546 985 3609 fidei
1009 3556 1044 3609 et
1068 3547 1151 3610 inde
1174 3550 1282 3629 signi-

155 3638 234 3701 ficat
258 3641 350 3703 illud.
397 3642 443 3704 Et
467 3644 544 3723 quia
568 3641 727 3723 pleraque
754 3644 787 3703 in
811 3641 928 3704 Verbo
951 3643 1055 3703 etiam
1083 3645 1317 3724 oppositum-

155 3753 291 3795 sensum
311 3734 450 3806 habent,
472 3737 519 3797 ita
538 3737 643 3797 etiam
664 3735 842 3815 “petrae''
858 3746 893 3798 et
914 3737 946 3797 in
966 3756 1008 3797 eo
1027 3756 1131 3798 sensu
1151 3736 1331 3818 signifi-r

155 3838 234 3888 cant
252 3827 372 3889 salsum
392 3828 478 3902 fidei,
497 3841 531 3891 et
551 3829 615 3890 hoc
633 3849 767 3909 quoque
786 3851 831 3891 cx
848 3829 1177 3910 correspondentia;
1204 3850 1345 3894 nan*

155 3922 209 4000 qui
227 3923 258 3980 in
276 3920 367 3982 salsis
384 3921 460 3984 fidei
477 3933 567 3993 sunt,
586 3923 744 3984 habitant
764 3924 852 3985 intra
870 3934 984 4004 petras
1001 3925 1034 3986 in
1051 3927 1210 3988 cavernis
1226 3927 1342 3988 ibi..-

156 4012 255 4093 Quod
276 4021 400 4094 “petra
411 4015 426 4037 ''
443 4015 610 4095 significet
629 4036 744 4077 verum
762 4039 805 4078 ex
827 4018 927 4087 bono,
945 4037 984 4080 ac
1002 4038 1119 4080 verum
1137 4018 1228 4093 fidei,
1246 4030 1344 4082 et:

154 4110 187 4170 in
204 4128 362 4188 supremo
378 4130 478 4170 sensu
496 4110 678 4171 Dominum
696 4113 808 4190 quoad
825 4112 893 4185 illa,
912 4121 1050 4176 constat
1067 4134 1113 4175 ex
1134 4133 1341 4195 sequen-³

155 4203 244 4265 tibus
266 4202 348 4264 locis
361 4203 517 4283 :-Apud
537 4203 720 4276 Danielem,

207 4342 448 4393 ¹⁴1¹1vidensluisti
467 4361 549 4408 usque
567 4346 630 4393 dum
648 4347 753 4394 excisus
771 4359 812 4397 est
829 4349 916 4411 Lapis,
931 4350 975 4412 qui
994 4364 1049 4398 non
1068 4366 1117 4413 per
1131 4363 1234 4407 manus,
1248 4352 1312 4396 et

285 4413 414 4472 percussit
432 4420 546 4458 statuam
566 4425 645 4472 super
659 4412 741 4472 pedes
756 4413 823 4474 ejus,
838 4416 883 4477 qui
900 4414 1000 4464 lectum
1015 4426 1042 4464 et
1055 4417 1165 4480 argilla.
1176 4429 1228 4474 ...;
1247 4418 1306 4461 εἴ
