2684 4988
108 492 172 562 704
415 494 665 547 APOCALYPSIS
688 497 914 549 attentem

109 664 197 727 enim
222 664 401 726 successivi
424 674 534 727 status
557 666 668 747 quoad
692 664 904 730 intelletum
927 667 996 730 veri
1020 688 1064 730 ex
1085 664 1197 729 Verbo

109 757 172 820 hos
191 777 290 819 nemo
309 757 401 820 videt
421 778 520 839 quam
540 759 632 821 solus
656 759 842 823 Dominus:
870 771 905 824 et
928 762 1006 843 quia
1028 780 1141 823 omnes
1160 774 1214 841 qu

107 851 141 913 in
157 850 260 913 caelis
276 864 365 923 sunt,
377 853 419 914 ibi
436 853 581 915 ordinati
597 866 675 916 sunt
688 842 876 917 secundum*
885 852 1081 918 affectiones
1092 853 1165 915 boni
1179 859 1215 913 e⁴¹

108 946 188 1018 veri,
201 957 235 1008 et
252 945 329 1007 inde
341 947 451 1027 quoad
466 949 717 1030 perceptionem
731 959 766 1012 et
782 945 995 1013 intellectum
1010 947 1122 1021 Verbi,
1134 957 1167 1009 et
1183 946 1215 1007 ir

108 1039 173 1103 hoc
198 1039 300 1102 Libro
326 1040 528 1122 Prophetico
551 1042 593 1105 de
617 1041 738 1105 ultimo
758 1043 884 1124 judicio
907 1063 1006 1125 super
1030 1062 1088 1104 eos
1111 1041 1163 1123 qui
1185 1041 1215 1101 ir

109 1135 208 1215 priori
232 1134 329 1197 caelo
354 1154 393 1197 ac
421 1136 464 1196 de
488 1136 703 1199 ordinatione
730 1157 846 1199 eorum
873 1138 928 1218 qui
956 1138 988 1198 in
1017 1155 1107 1198 novo
1129 1132 1215 1197 caele

109 1229 262 1301 traditur.
280 1229 357 1290 ideo
375 1228 418 1290 de
437 1230 475 1290 iis
491 1230 636 1292 statibus
652 1230 706 1292 hic
723 1231 854 1311 agitur;
876 1231 955 1293 inde
970 1231 1059 1292 enim
1076 1228 1215 1310 pendent

109 1323 294 1404 sequentia.

167 1414 267 1495 362.
296 1412 427 1474 ‘Audivi
439 1413 606 1476 meandum
621 1414 737 1476 enimet
748 1414 862 1479 dicent.
872 1414 1036 1496 ''-Quod
1055 1411 1215 1494 significet

109 1523 127 1565 e
140 1502 227 1564 caclo
241 1503 362 1564 intimo
376 1525 397 1565 α
414 1503 567 1575 Domino.
585 1514 726 1566 constat
742 1525 787 1567 ex
803 1504 871 1567 illis
886 1525 974 1586 quae
990 1523 1093 1584 supra
1108 1520 1143 1576 (n.
1155 1516 1212 1581 353

109 1593 200 1658 dicta
221 1606 318 1657 sunt:
350 1615 408 1676 per
429 1595 614 1658 “animalia
623 1596 638 1620 '⁹
656 1599 745 1659 enim
769 1596 1005 1678 intelliguntur
1028 1596 1177 1669 cherubi,
1193 1607 1215 1656 e*

110 1710 169 1773 per
199 1689 415 1752 “cherubos”
445 1689 653 1771 significatur
682 1692 714 1753 in
745 1712 902 1774 supremo
930 1712 1031 1753 sensu
1063 1690 1215 1752 Dominur

109 1783 220 1864 quoad
234 1783 494 1864 providentiam,
505 1796 539 1847 et
553 1785 664 1866 quoad
678 1786 822 1848 tutelam
835 1806 877 1847 ne
893 1786 1035 1848 adeatur
1048 1786 1112 1846 nisi
1128 1803 1215 1866 quan

86 1888 91 1898 '
109 1897 169 1958 per
187 1878 311 1939 bonum
331 1880 463 1951 amoris,
483 1890 518 1940 et
538 1880 571 1940 in
590 1899 690 1941 sensu
709 1877 897 1961 respectivo
916 1878 1046 1941 caelum
1071 1879 1215 1940 intimun

110 1984 230 2042 (videatur
243 1998 321 2042 supra,
334 1998 356 2029 n.
376 1984 442 2048 152.
455 1984 649 2049 277.313[a].
663 1986 755 2049 322):
788 1971 879 2052 quod
905 1968 1100 2032 “cherubi”
1123 1969 1215 2032 etiau

109 2061 301 2143 significent
321 2061 452 2140 caelum
476 2062 641 2135 intimum,
662 2072 714 2125 est
737 2063 901 2145 quiahoc
925 2062 1058 2125 caelum
1082 2063 1116 2124 in
1139 2062 1215 2123 bon«

110 2157 234 2219 amoris
267 2157 299 2217 in
331 2155 513 2217 Dominum
544 2166 607 2228 est,
637 2168 671 2218 et
706 2155 872 2220 Dominus
901 2157 984 2219 adiri
1015 2175 1083 2218 non
1115 2165 1215 2237 potes

111 2252 172 2313 nisi
200 2271 259 2332 per
285 2249 409 2322 caelos,
437 2259 472 2311 et
502 2250 535 2311 in
566 2250 696 2312 caelum
727 2252 881 2314 intimum
909 2271 967 2313 seu
995 2251 1135 2312 tertium
1165 2269 1215 2333 nor

109 2346 300 2407 admittitur
312 2343 436 2424 aliquid
447 2344 536 2425 quod
548 2364 615 2406 non
626 2346 714 2426 sapit
728 2366 772 2407 ex
786 2346 876 2407 bono
888 2339 976 2407 illius
986 2344 1082 2407 caeli.
1129 2341 1215 2424 Quq

109 2450 252 2521 quatuor
275 2437 432 2500 animalia
459 2459 517 2501 seu
540 2440 676 2501 cherubi
700 2439 832 2514 suerint,
856 2451 908 2502 est
932 2440 1008 2521 quia
1033 2446 1051 2470 ⁸·
1062 2448 1211 2520 quatuor

110 2531 302 2614 significant
330 2531 601 2612 conjunetionem
632 2535 664 2594 in
693 2552 806 2607 unum,
835 2544 869 2596 et
900 2533 978 2595 talis
1007 2533 1073 2594 illis
1101 2535 1160 2614 qui
1190 2533 1215 2595 rt

109 2639 187 2691 sunt
222 2623 413 2706 conjunctio
446 2637 510 2701 est,
542 2627 708 2689 Dominus
742 2629 831 2690 enim
866 2629 913 2689 ita
942 2626 1120 2708 conjungit
1157 2626 1215 2689 illo

109 2743 169 2805 per
184 2741 331 2784 amorem
352 2723 383 2782 in
405 2722 518 2803 Ipsum
538 2723 581 2783 ab
601 2722 698 2803 lpso;
727 2723 805 2784 inde
824 2733 875 2785 est
895 2723 985 2803 quod
1005 2733 1153 2804 quatuor
1172 2722 1215 2784 vis

109 2817 240 2880 suerint.
291 2815 347 2877 Ex
371 2816 421 2877 his
445 2819 548 2878 etiam
572 2826 668 2898 patet
691 2816 782 2897 quod
806 2816 859 2878 hic
883 2817 991 2879 simile
1016 2813 1215 2898 intelligatu

109 2933 169 2995 per
187 2910 370 2973 secundum
390 2911 514 2973 animal
534 2912 623 2992 quod
644 2931 703 2992 per
720 2912 875 2992 primurn,
894 2922 929 2973 et
953 2910 1062 2973 simile
1082 2932 1143 2993 ρετ
1163 2923 1214 2974 ter

110 3005 195 3068 tium
210 3014 246 3066 et
262 3024 321 3084 per
340 3014 498 3085 quartum
515 3004 547 3065 in
565 3003 797 3084 sequentibus.
840 3018 925 3076 (Quod
936 3014 950 3031 ⁸·
958 3025 1063 3076 quatuor
1071 3018 1085 3034 ’·
1096 3019 1215 3077 signinae:

108 3095 310 3154 conjunetionem,
321 3098 429 3141 videatur
440 3109 463 3139 n.
477 3095 542 3146 1686,
554 3096 621 3149 8877,
633 3091 724 3151 i¹l9601.
736 3093 815 3151 9674.)

167 3165 271 3247 363.
300 3174 317 3202 '¹
329 3164 402 3227 Veni
415 3168 447 3226 et
464 3161 745 3242 aspice.''—Quod
768 3160 938 3240 significet
961 3161 1181 3224 attentionem
1199 3182 1215 3224 e

105 3258 358 3337 perceptionem,
388 3262 528 3316 constat
554 3271 598 3313 ex
625 3250 692 3312 illis
718 3270 806 3331 quae
832 3270 934 3331 supra
963 3266 998 3323 (n.
1015 3264 1091 3330 354)
1116 3251 1215 3333 expli

110 3359 188 3412 cata
210 3360 298 3421 sunt,
320 3349 374 3410 ubi
394 3346 515 3409 similia
535 3344 647 3406 verba.

168 3439 336 3524 364[a].
364 3454 444 3512 [Vm.
456 3453 489 3511 4.]
501 3444 519 3472 ‘¹
529 3435 565 3498 fr
576 3435 669 3497 exivit
677 3435 757 3496 nlius
768 3454 865 3516 equus
876 3433 1147 3515 retus.''-Qu0d
1161 3436 1215 3516 sig¹

111 3528 225 3593 nificet
245 3528 447 3592 intellectum
473 3525 576 3588 Verbi
589 3524 799 3606 deperditum
817 3523 929 3606 quoad
943 3524 1072 3597 bonurn,
1089 3533 1215 3586 consta

110 3637 155 3679 ex
174 3615 427 3698 significatione
448 3613 584 3695 “equi’'
603 3613 693 3694 quod
717 3613 761 3673 sit
785 3610 1020 3673 intellectuale
1039 3628 1215 3686 (dequasnpn

110 3721 240 3787 n.355);
272 3707 326 3768 hic
356 3707 434 3786 quia
453 3705 496 3766 de
522 3704 671 3765 statibus
697 3722 814 3764 corum
844 3702 899 3782 qui
928 3701 972 3763 ab
997 3701 1147 3764 ecclesia
1176 3701 1215 3763 uh

111 3798 262 3861 Verbum
279 3807 343 3870 est,
360 3799 485 3876 agitur,
503 3816 562 3877 per
579 3794 758 3875 “equum‚”
775 3792 982 3874 significatur
997 3791 1215 3856 intellectuali

112 3892 284 3954 hominum
314 3889 479 3952 ecclesiae
508 3889 619 3970 quoad
644 3887 814 3949 Verbum:
847 3898 881 3949 et
909 3908 953 3948 ex
984 3886 1215 3966 signification*

113 3985 229 4047 “rubri
239 3984 253 4006 '¹
276 4003 334 4045 seu
359 3980 478 4054 “rufi‚”
500 3983 591 4063 quod
615 3984 657 4043 sit
681 3981 780 4062 quale
803 3982 849 4043 rei
872 3979 983 4061 quoad
1014 3981 1154 4055 bonum,
1178 3980 1215 4042 hi

113 4079 227 4158 itaque
239 4075 338 4159 quale
351 4073 543 4138 intellectus
555 4075 659 4137 Verbi
672 4076 783 4155 quoad
799 4076 923 4136 bonum
936 4095 943 4151 ;
967 4073 1057 4154 quod
1073 4082 1092 4105 ‘¹
1101 4075 1207 4137 rusum

112 4172 164 4233 hic
182 4168 349 4250 significet
366 4169 458 4231 illum
471 4169 684 4250 deperditum
701 4169 813 4248 quoad
830 4168 966 4240 bonum,
978 4177 1137 4230 constare
1154 4179 1212 4249 pot

112 4274 165 4326 est
178 4283 222 4324 ex
237 4282 317 4324 mox
333 4262 549 4343 sequentibus
561 4263 594 4323 in
611 4261 675 4324 hoc
690 4281 798 4335 versu,
814 4261 1047 4333 diciturenim,
1060 4259 1215 4324 “Sedent

112 4376 211 4437 super
233 4355 292 4417 illo
310 4355 426 4417 datum
450 4365 503 4418 est
526 4354 647 4417 toliere
671 4374 790 4436 pacem
815 4355 857 4416 de
881 4366 980 4425 terra,
1006 4364 1043 4416 ut
1067 4353 1123 4416 alii
1147 4354 1213 4417 aiio

112 4449 279 4525 occidant,
292 4459 328 4512 et
344 4449 425 4512 data
440 4449 470 4511 ei
486 4449 663 4511 machaera
676 4448 829 4529 magna,’'
841 4467 900 4529 per
916 4467 1002 4529 quae
1023 4447 1215 4529 significatu
