2684 4988
332 527 414 577 000.
430 526 490 588 0.,
508 526 611 577 vaus.
631 528 758 596 17.-u.
772 514 900 599 413[a].
1112 532 1174 599 997

136 673 174 758 [11.
213 692 336 749 Quoniam
350 691 375 736 ln
388 692 586 750 expilationibus
599 693 664 738 varia
677 692 742 739 diota
756 701 811 739 sunt
825 696 856 740 00
870 690 884 708 “
896 694 1025 747 1001010003*
1040 708 1103 752 quae
1117 695 1176 742 lorte

104 754 271 814 1000100010
287 758 436 815 expositione
450 771 522 816 aegre
537 766 636 816 possunt
652 759 757 817 intelligi.
768 761 824 805 ideo
839 762 909 805 velim
926 762 1057 818 adjungere
1068 774 1130 818 quae
1146 763 1177 806 00

104 823 201 869 beletus·
210 826 234 869 in
245 826 352 869 Arconir
365 825 506 870 Caelestibus
516 825 582 872 diota
591 833 615 871 et
625 834 721 871 ostensa
730 836 798 872 sunt:
815 841 909 886 nempe,
919 828 992 884 Quod
1003 828 1073 873 iacies
1083 829 1114 874 ad
1125 841 1177 874 001-

104 893 246 948 190000000
254 893 394 937 interiorum
401 893 503 938 bominis
511 893 611 938 lonnata
618 894 655 946 sit,
662 907 686 940 n.
694 897 837 952 4791-4805,
845 896 903 952 5695
912 910 918 940 :
929 897 960 940 de
967 896 1178 953 correspondentia

104 959 135 1003 dei
141 968 160 1004 et
168 960 272 1004 vultuum
281 973 338 1005 000
346 959 513 1005 affeotionibus
522 961 614 1013 mentis,
622 974 645 1007 0.
655 962 720 1018 1568,
729 964 795 1018 0988,
804 966 870 1019 0989,
880 964 947 1021 3631,
955 963 1023 1019 4796,
1032 975 1099 1020 4797,
1108 964 1176 1018 4800,

104 1026 134 1082 65,
142 1028 202 1083 5168,
212 1028 286 1084 93060
303 1028 370 1084 quod
381 1028 436 1072 inde
447 1028 558 1072 interiora
568 1042 597 1073 ex
612 1028 797 1081 10010010οω01,
809 1043 832 1074 n.
844 1041 912 1087 3527,
923 1030 990 1086 4066,
1002 1030 1070 1087 4796.
1102 1029 1176 1087 Quod

104 1093 135 1138 :irs
142 1108 209 1138 0000
217 1095 298 1139 feeerit
307 1108 363 1139 cum
371 1095 522 1140 interioribus
529 1097 595 1153 apud
605 1097 723 1153 antiquos¹
733 1110 756 1142 n.
766 1108 834 1155 3573,
844 1098 912 1155 4306,
921 1099 987 1155 5695.
1020 1098 1094 1154 Quod
1104 1097 1176 1143 etiarn

104 1161 208 1207 00100101
215 1162 281 1219 apud
289 1163 389 1219 angelos
400 1162 423 1206 in
434 1163 508 1214 00010,
517 1171 540 1207 et
552 1164 617 1220 apud
627 1164 737 1208 homines
744 1165 849 1208 sinceros
858 1164 882 1209 in
891 1166 989 1216 mundo.
999 1178 1022 1210 n.
1031 1165 1099 1222 4796,
1108 1177 1175 1224 4797,

104 1243 131 1284 99,
139 1231 200 1287 5695,
211 1232 278 1286 taso
311 1230 385 1286 Quod
400 1232 509 1275 omniurn
525 1231 596 1275 iacies
610 1232 634 1274 in
646 1232 719 1276 altera
729 1232 776 1276 vita
787 1232 845 1276 tales
855 1231 912 1276 fiant
928 1232 1008 1288 qualia
1018 1245 1101 1276 eorum
1118 1232 1177 1277 inte·

104 1305 191 1348 insunt,
201 1300 268 1354 4798,
280 1298 349 1354 5695.
382 1297 547 1355 Experientiae
558 1299 589 1342 de
599 1299 770 1343 mutationibus
786 1299 852 1344 laciei
868 1300 1000 1344 secundum
1012 1299 1121 1343 interiora
1136 1299 1176 1351 ibi,

107 1364 161 1419 4796,
171 1365 236 1419 6604,
270 1365 309 1409 De
320 1364 413 1409 influxu
424 1366 562 1410 interiorum
574 1366 1036 1417 000110εο01010110610001001001000
1052 1366 1076 1409 in
1092 1365 1176 1412 faciem

105 1431 145 1487 eius
154 1433 279 1483 musculos.
288 1446 313 1477 n.
322 1433 390 1489 3631,
399 1436 466 1487 4800.
499 1432 572 1488 Quod
583 1433 654 1478 facies
665 1447 713 1478 non
725 1447 799 1478 unum
808 1441 880 1491 agant
888 1447 943 1478 000
955 1433 1103 1477 interioribus
1112 1434 1177 1490 apud

104 1506 217 1564 notatores.
228 1500 386 1551 simulatores.
397 1501 533 1558 hypocritas
543 1508 567 1544 et
579 1501 682 1553 dolosos¹
691 1514 714 1546 n.
725 1514 792 1558 4799,
802 1504 873 1558 805ος
890 1502 957 1558 0000
968 1501 1038 1545 iacies
1048 1501 1114 1557 apud
1125 1500 1177 1545 illos

104 1563 134 1610 00
143 1573 169 1610 st
179 1568 270 1611 mentiri
285 1567 385 1619 sincera,
397 1567 497 1611 honesta
507 1574 531 1611 et
546 1568 593 1624 pia¹
605 1581 628 1613 n.
640 1569 707 1626 4326.
740 1569 872 1625 Quomodo
887 1568 992 1612 intluxus
1007 1582 1021 1611 e
1036 1567 1138 1612 cerebris
1153 1568 1177 1611 in

104 1633 144 1676 iem
152 1647 260 1679 sueoensu
269 1635 385 1691 temporis
395 1643 499 1679 mutatus
509 1635 545 1686 sit.
554 1643 578 1679 et
589 1648 644 1680 curn
656 1635 696 1679 illo
706 1636 757 1692 ipsa
768 1636 838 1680 iacies
848 1637 929 1692 quoad
941 1634 1176 1692 correspondentiam

104 1701 275 1753 minterioribus,
285 1716 308 1746 n.
318 1703 387 1758 4306,
396 1705 462 1759 8050,
495 1703 568 1758 Quod
580 1703 686 1747 naturale
697 1703 800 1747 bominis
808 1704 837 1748 sit
847 1704 907 1748 sicut
917 1703 988 1747 facies
999 1702 1095 1746 interior
1103 1703 1176 1746 menti

104 1767 170 1813 iimali
184 1777 207 1813 et
217 1771 269 1826 ejus
279 1770 348 1821 visui,
360 1783 383 1815 n.
396 1770 463 1826 5156,
475 1770 542 1826 5068.
576 1769 699 1814 Praeterea
709 1771 834 1814 videantur
844 1783 907 1827 0000
917 1771 947 1814 00
964 1770 1067 1814 faciebus
1079 1768 1144 1814 01010
1152 1777 1177 1813 et

104 1837 249 1881 0000000110
260 1850 334 1895 opere
346 1837 384 1881 De
397 1838 466 1882 Coelo
476 1843 499 1881 et
510 1838 613 1896 Inferna,
625 1851 648 1882 n.
656 1838 739 1894 46-48,
753 1850 864 1895 140-144,
875 1849 988 1894 457-459,
1000 1848 1051 1893 553.

124 1903 274 1987 413[ct].
299 1920 379 1979 [Vm.
391 1920 438 1979 17.]
463 1906 566 1974 “Ouio
594 1906 672 1967 vonit
694 1905 761 1968 diet
786 1924 916 1987 mopnus
939 1906 1008 1968 imo
1033 1904 1177 1986 t'J'ut.''-

104 1996 160 2056 uod
184 1994 353 2076 significet
379 1994 531 2057 ultimum
545 1997 711 2078 judicium
737 2005 838 2077 super
863 1995 978 2068 malos,
1004 1996 1176 2058 constabit

104 2087 210 2150 ‹locis
237 2089 456 2169 sequentibus
482 2111 500 2151 e
528 2090 655 2152 Verbo.
709 2089 876 2153 Ultimum
901 2089 1058 2170 judicium
1086 2088 1176 2169 quod

104 2180 263 2260 gnificatur
279 2201 339 2262 per
353 2183 469 2245 “diem
487 2182 671 2265 magnum‘'
683 2193 735 2246 est
753 2203 851 2263 super
863 2183 981 2254 malos,
996 2192 1030 2244 et
1043 2201 1176 2262 quoque

104 2292 159 2353 iper
175 2275 302 2351 bonos;
323 2273 482 2355 judicium
503 2296 602 2356 super
621 2276 729 2338 malos
745 2287 885 2339 vocatur
902 2276 1001 2337 “dies
1021 2275 1175 2353 indigna·

104 2368 187 2441 onis,”
203 2369 571 2442 “excandescentiae,''
588 2371 683 2432 “irae
692 2369 706 2392 ”
725 2381 760 2432 et
782 2366 977 2432 “vindit‘tae
990 2367 1015 2444 ;'’
1038 2377 1073 2429 at
1089 2366 1175 2447 judi-

104 2479 147 2522 um
173 2482 271 2543 super
305 2463 414 2524 bonos
443 2472 584 2525 vocatur
614 2470 781 2543 “tempus
811 2464 978 2525 adventus
1012 2460 1176 2532 Domini‚”

104 2553 1176 2637 annusbeneplaciti‚''·‘annusredemptorum,'’“annussalutis.'’

104 2643 295 2730 'uusquisque
315 2660 386 2711 tam
407 2650 515 2711 malus
534 2670 634 2732 quarn
654 2651 761 2712 bonus
777 2650 943 2731 judicatur
962 2650 1077 2711 statim
1099 2658 1176 2728 post

104 2751 202 2804 lortem
226 2763 303 2804 cum
327 2743 431 2804 intrat
456 2745 615 2806 mundum
639 2744 858 2824 spiritualem,
883 2745 936 2805 ubi
964 2740 1096 2804 acturus
1124 2754 1176 2804 est

104 2834 163 2897 [tam
186 2837 217 2897 in
237 2847 426 2909 aeternum,
448 2855 526 2897 nam
546 2847 625 2898 tunc
646 2838 764 2899 statim
783 2837 979 2916 designatur
1000 2837 1103 2898 homo
1122 2834 1175 2897 vel

104 2925 244 2991 lcaelum
259 2928 313 2989 vel
331 2928 374 2990 ad
391 2929 574 3003 infernum
599 2931 654 3010 qui
671 2928 713 2991 ad
730 2929 859 2991 caelum
877 2931 903 2990 is
920 2929 1076 3009 alligatur
1089 2930 1175 2990 soci·

104 3021 146 3082 :ati
161 3023 290 3084 cuidam
311 3021 462 3093 caelesti,
480 3023 512 3083 in
532 3042 632 3103 quam
653 3033 773 3102 postea
792 3033 951 3085 venturus
971 3033 1042 3097 est;
1066 3032 1101 3083 et
1121 3023 1176 3102 qui

104 3111 291 3187 tinternum,
309 3117 337 3176 is
356 3115 514 3195 alligatur
532 3118 689 3179 societati
707 3117 868 3189 infernali,
886 3119 1033 3198 inquam
1054 3126 1175 3194 postea

104 3217 215 3271 tuturus
238 3220 311 3271 est:
341 3219 377 3270 at
402 3229 504 3289 usque
532 3210 711 3272 intercedit
735 3221 869 3290 tempus
891 3222 1073 3290 antequam
1097 3208 1174 3269 illuc

104 3300 204 3375 rniunt,
229 3323 274 3364 ex
303 3321 405 3363 causa
429 3304 605 3383 praecipue
629 3314 664 3364 ut
689 3314 939 3383 praeparentur,
965 3303 1043 3364 boni
1068 3312 1103 3364 ut
1127 3303 1175 3365 eis

104 3389 294 3476 istergantur
308 3393 397 3456 mala
409 3415 495 3476 quae
507 3397 554 3457 eis
567 3396 751 3458 adhaerent
767 3417 810 3458 ex
828 3416 967 3476 corpore
984 3396 1016 3456 in
1034 3396 1172 3465 mundo,

104 3488 188 3550 lmali
208 3501 243 3551 ut
263 3489 457 3551 adimantur
476 3491 523 3550 eis
547 3491 636 3550 bona
654 3510 739 3570 quae
759 3491 970 3552 extrinsecus
989 3489 1175 3550 adhaerent

104 3573 130 3640 lis
139 3601 176 3642 ex
190 3583 363 3662 magistris
375 3591 410 3644 et
423 3582 585 3664 religione
598 3605 605 3661 ;
626 3583 809 3645 secundum
824 3583 959 3645 Domini
970 3583 1073 3645 verba
1085 3582 1174 3662 apud

104 3667 276 3747 luliacum,

119 3800 289 3865 “Quicunque
299 3802 381 3850 habet
390 3802 526 3851 dabiturei
539 3813 568 3853 ut
579 3804 758 3853 abundantius
770 3805 881 3862 habeat:
899 3805 1048 3867 quicunque
1062 3819 1115 3851 non
1128 3804 1175 3852 bu·

184 3870 236 3926 bet,
246 3869 328 3917 etiarn
342 3868 413 3930 quod
424 3869 505 3917 habet
517 3869 651 3917 auferetur
662 3872 696 3918 ab
707 3885 740 3918 00
748 3869 762 3888 '’
774 3871 838 3930 (xiii.
852 3882 882 3918 12
892 3884 897 3926 ;
915 3884 972 3932 cap.
984 3885 1046 3918 xxv.
1060 3869 1115 3931 29):

104 3995 142 4044 tec
159 4005 251 4048 mora
275 3986 380 4046 etiam
404 3983 439 4046 iit
461 3985 504 4047 ob
527 3985 618 4047 illam
639 4006 784 4059 causam,
805 3996 841 4050 ut
864 3985 1068 4061 affectiones,
1088 4009 1174 4069 quae

106 4073 153 4139 ulti
170 4081 305 4158 generis
325 4089 414 4148 sunt.
432 4090 679 4159 componantur
694 4091 729 4143 et
749 4081 944 4160 redigantur
959 4082 1002 4142 ad
1022 4101 1172 4144 amorem

104 4183 265 4248 grantem,
281 4183 318 4234 ut
336 4173 438 4234 homo
455 4174 589 4252 spiritus
602 4175 644 4235 sit
662 4184 754 4236 totus
767 4195 844 4235 suus
857 4194 960 4236 amor.
1006 4174 1056 4236 At
1071 4195 1173 4256 usque

104 4261 151 4326 ulti
168 4287 211 4329 ex
234 4267 311 4336 illis.
334 4277 404 4327 tam
426 4267 502 4327 mali
521 4287 621 4348 quam
645 4268 734 4340 boni,
755 4269 914 4330 reservati
934 4279 1011 4330 sunt
1032 4269 1073 4330 ad
1098 4269 1174 4331 ulti-

104 4376 145 4419 um
161 4359 343 4439 judicium;
369 4359 427 4419 sed
452 4360 559 4422 solum
583 4360 630 4422 illi
654 4361 732 4422 mali
751 4362 806 4442 qui
827 4360 990 4422 moralem
1011 4364 1115 4423 vitam
1140 4363 1173 4423 in

107 4455 202 4516 ternis
221 4475 267 4517 ex
293 4453 412 4515 habitu
437 4453 469 4514 in'
489 4455 615 4516 mundo
634 4475 734 4536 agere
753 4465 946 4536 potuerunt,
966 4465 1000 4518 et
1024 4455 1070 4517 illi
1094 4455 1172 4516 boni
1268 4523 1272 4531 ¹
