2684 4988
353 480 446 543 cna.
464 479 768 548 v1.‚va1ts.9.-u.
785 466 904 551 391[e].
1117 470 1177 552 831

104 649 245 711 tentatio
263 669 380 731 super
398 649 544 713 vastatis
560 647 716 712 omnibus
731 648 914 727 ecclesiae;
936 648 1027 732 quod
1045 659 1182 714 vastata

110 742 253 807 ecclesia
273 744 402 825 quoad
427 744 540 805 omnia
562 743 662 818 bona,
683 742 891 824 significatur
914 765 973 827 per
994 743 1181 808 “Deseruit

104 839 212 898 »minus
229 836 352 900 altare
365 857 466 898 suurn
479 835 505 913 ;''
523 837 612 918 quod
627 846 763 899 vastata
776 839 819 900 sit
832 837 944 919 quoad
960 839 1073 901 omnia
1089 859 1178 914 vera,

104 926 262 1007 gnificatur
279 948 347 1009 per
365 927 615 990 “abominatus
632 936 685 989 est
703 926 932 990 sandiuarium
949 947 1046 989 suurn
1059 927 1085 1005 ;”
1104 946 1181 1002 (quon

104 1022 236 1068 indusium
244 1022 258 1038 '¹
270 1024 371 1069 dicatur
381 1023 414 1068 dc
424 1023 524 1067 ecclesia
532 1023 613 1079 quoad
624 1035 687 1074 vera,
697 1022 804 1067 videatur
814 1036 893 1080 supra,
903 1037 926 1069 n.
936 1022 1039 1084 204[a]
1049 1024 1066 1082 ;)
1088 1008 1179 1089 quod

104 1097 143 1160 lsa
165 1108 199 1161 et
227 1098 324 1161 mala
350 1098 554 1161 intraverint
581 1099 615 1159 in
637 1098 751 1159 omnia
774 1097 949 1172 ecclesiae,
972 1097 1181 1179 significatur

104 1213 128 1254 er
146 1192 342 1254 “conclusit
370 1193 404 1254 in
429 1210 547 1254 manus
573 1190 683 1254 hostis
707 1210 819 1254 muros
846 1191 1048 1274 palatiorum
1071 1191 1141 1273 ejus
1154 1193 1180 1269 ;”

111 1284 223 1348 hostis”
235 1285 410 1366 significat
425 1284 549 1346 malum
565 1295 600 1347 et
617 1283 748 1359 salsum,
764 1283 994 1347 “concludere
1010 1287 1043 1348 in
1061 1305 1179 1348 manus

104 1375 159 1456 :jus”
182 1378 350 1460 significat
380 1380 470 1460 quod
497 1379 737 1459 occupaverint
764 1388 799 1440 et
827 1379 1037 1453 intraverint,
1064 1382 1178 1443 “muri

104 1470 264 1535 alatiorum
272 1473 288 1497 ”
298 1471 493 1554 significant
509 1474 623 1534 omnia
634 1492 714 1534 vera
731 1472 890 1546 tutantia,
907 1471 1063 1552 “palatia
1071 1470 1087 1496 ’'
1099 1484 1178 1535 sunt

104 1564 135 1626 lla
148 1587 223 1648 quae
241 1564 428 1629 dodirinae.

138 1666 187 1748 [0.]
215 1669 320 1749 Apud
338 1667 494 1744 Esaiam,

133 1799 265 1862 “Quisquis
279 1799 399 1848 custodit
414 1799 584 1849 sabbathum.
595 1836 601 1848 .
611 1836 616 1848 .
627 1808 665 1848 .et
679 1807 771 1848 servat
785 1797 880 1847 foedus
895 1812 992 1856 meum,
1009 1796 1178 1846 introducam

193 1879 239 1913 eos
256 1879 338 1926 supet
355 1876 476 1915 montem
493 1862 645 1913 sanctitatis
663 1879 748 1921 meae,
764 1873 791 1913 et
807 1864 964 1912 exhilarabo
981 1877 1029 1911 eos
1050 1862 1078 1910 in
1096 1863 1178 1911 domo

194 1930 356 1991 precationis
372 1943 465 1984 meae:
481 1930 639 1977 holocausta
652 1943 746 1977 eorum
761 1938 788 1978 et
802 1928 932 1978 sacrificia
946 1942 1040 1978 eorum
1055 1928 1083 1976 in
1098 1929 1179 1977 bene·

193 1995 319 2057 placitum
331 2008 415 2056 super
426 1994 503 2043 altari
515 1993 598 2042 meo''
610 1993 665 2055 (lvi.
676 1995 700 2053 ὁ,
709 1995 748 2055 7):

104 2150 138 2212 ptr
148 2136 370 2199 “sabbathum
379 2135 395 2160 ”
408 2134 615 2216 significatur
627 2133 819 2216 conjunbiio
835 2134 972 2197 Domini
988 2153 1065 2197 curn
1081 2133 1177 2197 caelo

104 2229 269 2304 aecclesia,
287 2232 336 2294 ita
352 2248 430 2293 cum
446 2229 511 2291 illis
526 2230 581 2312 qui
600 2229 664 2306 ibi;
687 2250 790 2311 quare
806 2249 865 2311 per
882 2229 1082 2291 “custodire
1099 2228 1177 2290 sab·

104 2317 228 2386 ltthum”
250 2323 461 2405 significatur
483 2325 516 2386 in
539 2322 776 2403 conjunctione
802 2343 877 2386 cum
906 2323 1055 2386 Domino
1081 2341 1175 2385 esse:

104 2424 120 2474 lt
134 2437 181 2498 per
199 2424 363 2481 “servare
385 2417 501 2480 foedus
525 2417 633 2498 Ipsius
642 2417 656 2440 '¹
675 2416 883 2497 significatur
902 2413 1094 2497 conjunbiio
1118 2436 1176 2497 per

104 2507 169 2573 litam
184 2512 368 2575 secundum
386 2522 567 2593 praecepta
584 2511 739 2589 Domini;
762 2511 930 2573 “foedus’'
946 2521 999 2575 est
1016 2509 1177 2591 conjunc·

104 2599 134 2676 io,
142 2615 169 2669 et
178 2609 247 2669 vita
259 2606 447 2669 secundum
461 2605 827 2687 praeceptaconjungit
843 2626 850 2682 ;
868 2615 1051 2686 praecepta
1066 2604 1177 2668 Deca-

104 2701 229 2779 ngiinde
252 2699 345 2764 dicia
368 2700 500 2763 luerunt
522 2699 704 2762 “foedus:’'
730 2700 973 2762 “introducam
996 2719 1055 2761 eos
1078 2720 1178 2781 super

104 2806 212 2859 iontem
222 2794 418 2859 sanctitatis
427 2794 442 2817 ”
451 2794 619 2875 significat
629 2795 718 2876 quod
730 2795 916 2856 donaturus
929 2794 1019 2855 bono
1030 2796 1154 2856 amoris
1168 2815 1176 2871 ;

109 2907 188 2953 mons
204 2889 423 2954 sandlitatis”
438 2899 491 2952 est
507 2887 638 2952 caelum
655 2890 709 2951 ubi
726 2889 851 2950 bonurn
867 2890 991 2950 amoris
1007 2890 1040 2950 in
1058 2888 1177 2951 Domi·

104 3000 155 3058 um,
170 2987 215 3048 ita
230 3006 366 3068 quoque
386 2985 510 3046 bonum
527 2985 650 3045 amoris
666 2983 766 3064 quale
785 2983 847 3045 ibi:
874 2982 1103 3045 “exhilarabo
1119 3003 1178 3045 eos

104 3079 215 3142 tdomo
233 3079 441 3162 precationis
461 3098 556 3140 meae
564 3077 580 3101 ”
598 3077 766 3158 significat
786 3078 875 3158 quod
896 3078 1081 3139 donaturus
1100 3077 1177 3139 illos

104 3174 153 3234 eris
169 3175 417 3254 spiritualibus;
443 3173 591 3234 “domus
611 3170 838 3253 precationis”
857 3192 916 3233 scu
936 3170 1101 3252 templum
1124 3181 1177 3234 est

104 3264 192 3329 telum
208 3268 262 3329 ubi
278 3288 361 3329 vera
377 3265 562 3348 spiritualia
578 3276 668 3339 sunt,
684 3266 732 3328 ita
748 3286 881 3347 quoque
896 3285 976 3326 vera
992 3265 1178 3346 spiritualia

104 3359 174 3421 ualia
185 3362 246 3423 ibi:
270 3360 502 3424 “holocausta
519 3370 553 3422 et
571 3357 732 3421 sacrificia
745 3380 858 3422 eorum
876 3361 909 3421 in
926 3358 1177 3440 beneplacitum

104 3471 164 3532 uper
184 3456 280 3518 altari
308 3453 409 3517 meo”
433 3453 600 3535 significat
624 3453 752 3516 cultum
779 3474 824 3515 ex
852 3453 943 3515 bono
969 3456 1092 3515 amoris
1119 3475 1178 3536 per

105 3564 149 3607 era
167 3549 351 3629 spiritualia
373 3558 530 3628 gratum;
556 3545 809 3609 “holocausta'’
832 3546 1025 3628 significant
1048 3547 1178 3610 cultum

106 3640 219 3705 abono
241 3644 378 3716 amoris,
399 3652 433 3704 et
458 3639 671 3703 “sacrificia''
694 3641 823 3703 cultum
847 3662 891 3703 ex
915 3643 1001 3703 veris
1025 3663 1110 3723 quae
1133 3662 1178 3704 ex

104 3727 137 3792 llo
153 3734 253 3814 bono;
276 3757 357 3799 vera
376 3757 421 3798 ex
445 3735 536 3797 bono
555 3746 633 3798 sunt
652 3756 738 3817 quae
757 3746 922 3798 vocantur
941 3756 1020 3797 vera
1043 3737 1178 3817 spiritu·

104 3821 159 3975 giu
180 3835 196 3860 ‘⁴
204 3851 300 3912 super
318 3831 419 3903 altari
429 3829 445 3853 ’'
463 3829 631 3911 significat
653 3831 686 3891 in
705 3828 802 3892 caelo
821 3839 856 3892 et
876 3829 1028 3891 ecclesia.
1074 3828 1179 3911 Apud

125 3922 237 3999 cuidem,

142 4052 258 4108 '‘Benelac
270 4060 297 4108 iu
309 4059 479 4122 beneplacito
489 4067 536 4108 tuo
548 4058 635 4117 Zioni,
647 4059 759 4107 aedifica
768 4073 859 4107 muros
873 4058 1097 4121 Hierosolymae;
1115 4067 1180 4109 tunc

202 4122 369 4174 delectaberis
378 4125 515 4174 sacrificiis
524 4125 656 4187 justitiae.
667 4162 673 4173 .
683 4135 723 4174 ‚et
733 4125 819 4187 ignito
829 4139 834 4181 ;
853 4135 916 4173 tunc
925 4126 1069 4173 ascendere
1079 4125 1179 4175 facient

202 4201 272 4250 super
282 4191 366 4241 altare
379 4201 453 4240 tuum
465 4189 598 4252 juvencos
606 4189 620 4209 ”
632 4189 687 4252 (Pa.
700 4191 727 4239 li.
740 4202 780 4249 ao,
793 4203 821 4238 21
837 4185 882 4252 [B.
894 4192 929 4239 A.
943 4192 981 4249 18,
995 4188 1064 4254 19]):

119 4331 157 4391 per
172 4323 335 4394 “limem'’
357 4332 563 4413 intelligitur
588 4331 733 4395 ecclesia
756 4352 841 4414 quae
869 4333 901 4394 in
926 4332 1017 4394 bono
1041 4334 1176 4407 amoris,

121 4418 147 4470 ‘l
160 4432 200 4493 per
214 4422 502 4510 “Hierosolymam
512 4426 527 4451 ’'
545 4426 691 4491 ecclesia
709 4447 795 4509 quae
817 4429 850 4490 in
874 4429 960 4491 veris
982 4427 1177 4506 dodirinae;
