<?xml version="1.0" encoding="UTF-8"?>
<!DOCTYPE html PUBLIC "-//W3C//DTD XHTML 1.0 Transitional//EN"
    "http://www.w3.org/TR/xhtml1/DTD/xhtml1-transitional.dtd">
<html xmlns="http://www.w3.org/1999/xhtml" xml:lang="en" lang="en">
 <head>
  <title>
</title>
<meta http-equiv="Content-Type" content="text/html;charset=utf-8" />
  <meta name='ocr-system' content='tesseract 3.04.00' />
  <meta name='ocr-capabilities' content='ocr_page ocr_carea ocr_par ocr_line ocrx_word'/>
</head>
<body>
  <div class='ocr_page' id='page_1' title='image "./apocalypsisexpl00swedgoog_0585.png"; bbox 0 0 2716 4986; ppageno 0'>
   <div class='ocr_carea' id='block_1_1' title="bbox 412 498 1237 567">
    <p class='ocr_par' dir='ltr' id='par_1_1' title="bbox 412 498 1237 567">
     <span class='ocr_line' id='line_1_1' title="bbox 412 498 1237 567; baseline 0.001 -19"><span class='ocrx_word' id='word_1_1' title='bbox 412 498 492 548; x_wconf 72' lang='lat' dir='ltr'>cnr.</span> <span class='ocrx_word' id='word_1_2' title='bbox 510 499 600 560; x_wconf 71' lang='lat' dir='ltr'>vrri,</span> <span class='ocrx_word' id='word_1_3' title='bbox 618 498 721 549; x_wconf 65' lang='lat' dir='ltr'>vens.</span> <span class='ocrx_word' id='word_1_4' title='bbox 739 498 849 566; x_wconf 79' lang='lat' dir='ltr'><strong><em>7.-N.</em></strong></span> <span class='ocrx_word' id='word_1_5' title='bbox 869 499 938 566; x_wconf 83' lang='lat'>505.</span> <span class='ocrx_word' id='word_1_6' title='bbox 1156 501 1237 567; x_wconf 86' lang='lat'>1²49</span> 
     </span>
    </p>
   </div>
   <div class='ocr_carea' id='block_1_2' title="bbox 115 666 1235 935">
    <p class='ocr_par' dir='ltr' id='par_1_2' title="bbox 115 666 1235 935">
     <span class='ocr_line' id='line_1_2' title="bbox 116 666 1235 749; baseline 0.002 -21"><span class='ocrx_word' id='word_1_7' title='bbox 116 676 170 729; x_wconf 89' lang='lat' dir='ltr'>est</span> <span class='ocrx_word' id='word_1_8' title='bbox 196 667 251 728; x_wconf 92' lang='lat' dir='ltr'>ubi</span> <span class='ocrx_word' id='word_1_9' title='bbox 272 666 387 747; x_wconf 25' lang='lat' dir='ltr'>,agitur</span> <span class='ocrx_word' id='word_1_10' title='bbox 410 666 453 729; x_wconf 92' lang='lat' dir='ltr'>de</span> <span class='ocrx_word' id='word_1_11' title='bbox 476 666 586 748; x_wconf 84' lang='lat' dir='ltr'>plagis</span> <span class='ocrx_word' id='word_1_12' title='bbox 610 667 642 728; x_wconf 92' lang='lat' dir='ltr'>in</span> <span class='ocrx_word' id='word_1_13' title='bbox 667 666 844 749; x_wconf 88' lang='lat' dir='ltr'>Aegypto,</span> <span class='ocrx_word' id='word_1_14' title='bbox 868 687 954 749; x_wconf 91' lang='lat' dir='ltr'>quae</span> <span class='ocrx_word' id='word_1_15' title='bbox 978 675 1235 748; x_wconf 88' lang='lat' dir='ltr'>praecesserunt</span> 
     </span>
     <span class='ocr_line' id='line_1_3' title="bbox 116 759 1235 843; baseline 0 -21"><span class='ocrx_word' id='word_1_16' title='bbox 116 760 273 822; x_wconf 86' lang='lat' dir='ltr'>ultimum</span> <span class='ocrx_word' id='word_1_17' title='bbox 287 761 430 823; x_wconf 88' lang='lat' dir='ltr'>exitium</span> <span class='ocrx_word' id='word_1_18' title='bbox 446 780 573 836; x_wconf 90' lang='lat' dir='ltr'>eorum,</span> <span class='ocrx_word' id='word_1_19' title='bbox 584 761 675 843; x_wconf 92' lang='lat' dir='ltr'>quod</span> <span class='ocrx_word' id='word_1_20' title='bbox 688 770 761 824; x_wconf 90' lang='lat' dir='ltr'>erat</span> <span class='ocrx_word' id='word_1_21' title='bbox 775 761 961 823; x_wconf 85' lang='lat' dir='ltr'>submersio</span> <span class='ocrx_word' id='word_1_22' title='bbox 974 762 1008 823; x_wconf 91' lang='lat' dir='ltr'>in</span> <span class='ocrx_word' id='word_1_23' title='bbox 1022 761 1107 823; x_wconf 90' lang='lat' dir='ltr'>Mari</span> <span class='ocrx_word' id='word_1_24' title='bbox 1120 759 1213 841; x_wconf 90' lang='lat' dir='ltr'>Suph</span> <span class='ocrx_word' id='word_1_25' title='bbox 1227 780 1235 838; x_wconf 92' lang='grc'><strong>;</strong></span> 
     </span>
     <span class='ocr_line' id='line_1_4' title="bbox 115 870 252 935; baseline 0.007 -19"><span class='ocrx_word' id='word_1_26' title='bbox 115 870 252 935; x_wconf 87' lang='lat' dir='ltr'>nempe,</span> 
     </span>
    </p>
   </div>
   <div class='ocr_carea' id='block_1_3' title="bbox 173 985 1235 1177">
    <p class='ocr_par' dir='ltr' id='par_1_3' title="bbox 173 985 1235 1177">
     <span class='ocr_line' id='line_1_5' title="bbox 173 985 1235 1050; baseline -0.001 -15"><span class='ocrx_word' id='word_1_27' title='bbox 173 987 253 1050; x_wconf 81' lang='lat' dir='ltr'>Quod</span> <span class='ocrx_word' id='word_1_28' title='bbox 271 987 373 1049; x_wconf 84' lang='lat' dir='ltr'>plueret</span> <span class='ocrx_word' id='word_1_29' title='bbox 390 987 502 1049; x_wconf 81' lang='lat' dir='ltr'>grando,</span> <span class='ocrx_word' id='word_1_30' title='bbox 518 988 544 1036; x_wconf 92' lang='lat' dir='ltr'>in</span> <span class='ocrx_word' id='word_1_31' title='bbox 564 1002 616 1050; x_wconf 80' lang='lat' dir='ltr'>qua</span> <span class='ocrx_word' id='word_1_32' title='bbox 633 987 782 1036; x_wconf 86' lang='lat' dir='ltr'>ambularet</span> <span class='ocrx_word' id='word_1_33' title='bbox 799 987 878 1048; x_wconf 88' lang='lat' dir='ltr'>ignis,</span> <span class='ocrx_word' id='word_1_34' title='bbox 893 1001 974 1049; x_wconf 84' lang='lat' dir='ltr'>super</span> <span class='ocrx_word' id='word_1_35' title='bbox 991 995 1089 1035; x_wconf 88' lang='lat' dir='ltr'>terram</span> <span class='ocrx_word' id='word_1_36' title='bbox 1107 985 1235 1048; x_wconf 77' lang='lat' dir='ltr'>Aegypti,</span> 
     </span>
     <span class='ocr_line' id='line_1_6' title="bbox 182 1049 1235 1177; baseline 0 -76"><span class='ocrx_word' id='word_1_37' title='bbox 182 1152 185 1159; x_wconf 91' lang='lat'>.</span> <span class='ocrx_word' id='word_1_38' title='bbox 250 1067 310 1166; x_wconf 61' lang='lat' dir='ltr'>:qxua1</span> <span class='ocrx_word' id='word_1_39' title='bbox 314 1067 444 1177; x_wconf 46' lang='lat' dir='ltr'>ggqara</span> <span class='ocrx_word' id='word_1_40' title='bbox 459 1061 500 1101; x_wconf 86' lang='lat' dir='ltr'>est</span> <span class='ocrx_word' id='word_1_41' title='bbox 512 1053 596 1101; x_wconf 76' lang='lat' dir='ltr'>herba</span> <span class='ocrx_word' id='word_1_42' title='bbox 607 1054 673 1114; x_wconf 85' lang='lat' dir='ltr'>agri,</span> <span class='ocrx_word' id='word_1_43' title='bbox 688 1061 715 1101; x_wconf 93' lang='lat' dir='ltr'>et</span> <span class='ocrx_word' id='word_1_44' title='bbox 728 1049 867 1101; x_wconf 72' lang='lat' dir='ltr'>coniradia</span> <span class='ocrx_word' id='word_1_45' title='bbox 878 1053 968 1101; x_wconf 82' lang='lat' dir='ltr'>omnis</span> <span class='ocrx_word' id='word_1_46' title='bbox 980 1053 1059 1101; x_wconf 88' lang='lat' dir='ltr'>arbor</span> <span class='ocrx_word' id='word_1_47' title='bbox 1070 1052 1127 1113; x_wconf 85' lang='lat' dir='ltr'>agri</span> <span class='ocrx_word' id='word_1_48' title='bbox 1139 1051 1235 1111; x_wconf 65' lang='grc' dir='ltr'><strong>(ΕΜ.</strong></span> 
     </span>
    </p>
   </div>
   <div class='ocr_carea' id='block_1_4' title="bbox 115 1244 1238 1831">
    <p class='ocr_par' dir='ltr' id='par_1_4' title="bbox 115 1244 1238 1831">
     <span class='ocr_line' id='line_1_7' title="bbox 116 1244 1235 1329; baseline -0.003 -20"><span class='ocrx_word' id='word_1_49' title='bbox 116 1246 220 1329; x_wconf 85' lang='lat' dir='ltr'>Quod</span> <span class='ocrx_word' id='word_1_50' title='bbox 234 1245 354 1309; x_wconf 88' lang='lat' dir='ltr'>similia</span> <span class='ocrx_word' id='word_1_51' title='bbox 364 1255 445 1310; x_wconf 88' lang='lat' dir='ltr'>ante</span> <span class='ocrx_word' id='word_1_52' title='bbox 457 1247 569 1310; x_wconf 84' lang='lat' dir='ltr'>“diem</span> <span class='ocrx_word' id='word_1_53' title='bbox 579 1246 760 1328; x_wconf 86' lang='lat' dir='ltr'>Jehovae,”</span> <span class='ocrx_word' id='word_1_54' title='bbox 770 1248 824 1329; x_wconf 91' lang='lat' dir='ltr'>qui</span> <span class='ocrx_word' id='word_1_55' title='bbox 835 1257 888 1311; x_wconf 89' lang='lat' dir='ltr'>est</span> <span class='ocrx_word' id='word_1_56' title='bbox 900 1246 1056 1310; x_wconf 86' lang='lat' dir='ltr'>ultimum</span> <span class='ocrx_word' id='word_1_57' title='bbox 1063 1244 1235 1326; x_wconf 91' lang='lat' dir='ltr'>judicium,</span> 
     </span>
     <span class='ocr_line' id='line_1_8' title="bbox 115 1338 1236 1423; baseline -0.003 -20"><span class='ocrx_word' id='word_1_58' title='bbox 115 1341 288 1405; x_wconf 88' lang='lat' dir='ltr'>exstitura</span> <span class='ocrx_word' id='word_1_59' title='bbox 310 1343 389 1416; x_wconf 87' lang='lat' dir='ltr'>sint,</span> <span class='ocrx_word' id='word_1_60' title='bbox 410 1341 615 1422; x_wconf 87' lang='lat' dir='ltr'>praedicitur</span> <span class='ocrx_word' id='word_1_61' title='bbox 634 1342 738 1404; x_wconf 88' lang='lat' dir='ltr'>etiam</span> <span class='ocrx_word' id='word_1_62' title='bbox 761 1341 850 1423; x_wconf 89' lang='lat' dir='ltr'>apud</span> <span class='ocrx_word' id='word_1_63' title='bbox 873 1340 1063 1421; x_wconf 81' lang='lat' dir='ltr'>Prophetas</span> <span class='ocrx_word' id='word_1_64' title='bbox 1075 1338 1236 1421; x_wconf 89' lang='lat' dir='ltr'>.·—Apud</span> 
     </span>
     <span class='ocr_line' id='line_1_9' title="bbox 116 1434 256 1508; baseline -0.007 -11"><span class='ocrx_word' id='word_1_65' title='bbox 116 1434 256 1508; x_wconf 75' lang='lat' dir='ltr'>Joclm,</span> 
     </span>
     <span class='ocr_line' id='line_1_10' title="bbox 170 1567 1238 1632; baseline 0 -14"><span class='ocrx_word' id='word_1_66' title='bbox 170 1573 187 1593; x_wconf 84' lang='lat'>‘⁴</span> <span class='ocrx_word' id='word_1_67' title='bbox 197 1568 262 1618; x_wconf 83' lang='lat' dir='ltr'>Dies</span> <span class='ocrx_word' id='word_1_68' title='bbox 271 1567 390 1632; x_wconf 72' lang='lat' dir='ltr'>jehovae</span> <span class='ocrx_word' id='word_1_69' title='bbox 393 1606 463 1629; x_wconf 83' lang='lat'>.....</span> <span class='ocrx_word' id='word_1_70' title='bbox 468 1570 526 1619; x_wconf 89' lang='lat' dir='ltr'>dies</span> <span class='ocrx_word' id='word_1_71' title='bbox 541 1571 710 1618; x_wconf 86' lang='lat' dir='ltr'>tenebrarum</span> <span class='ocrx_word' id='word_1_72' title='bbox 723 1579 750 1618; x_wconf 92' lang='lat' dir='ltr'>et</span> <span class='ocrx_word' id='word_1_73' title='bbox 762 1569 885 1632; x_wconf 78' lang='lat' dir='ltr'>caliginis</span> <span class='ocrx_word' id='word_1_74' title='bbox 896 1584 913 1627; x_wconf 92' lang='lat'>;.</span> <span class='ocrx_word' id='word_1_75' title='bbox 924 1607 930 1619; x_wconf 91' lang='lat'>.</span> <span class='ocrx_word' id='word_1_76' title='bbox 940 1607 946 1619; x_wconf 91' lang='lat'>.</span> <span class='ocrx_word' id='word_1_77' title='bbox 958 1578 1032 1619; x_wconf 81' lang='lat' dir='ltr'>,ante</span> <span class='ocrx_word' id='word_1_78' title='bbox 1044 1584 1105 1618; x_wconf 90' lang='lat' dir='ltr'>eum</span> <span class='ocrx_word' id='word_1_79' title='bbox 1115 1568 1238 1618; x_wconf 83' lang='lat' dir='ltr'>comedet</span> 
     </span>
     <span class='ocr_line' id='line_1_11' title="bbox 250 1631 1049 1699; baseline -0.001 -16"><span class='ocrx_word' id='word_1_80' title='bbox 250 1635 328 1696; x_wconf 86' lang='lat' dir='ltr'>ignis,</span> <span class='ocrx_word' id='word_1_81' title='bbox 342 1645 368 1683; x_wconf 90' lang='lat' dir='ltr'>et</span> <span class='ocrx_word' id='word_1_82' title='bbox 381 1645 442 1696; x_wconf 85' lang='lat' dir='ltr'>post</span> <span class='ocrx_word' id='word_1_83' title='bbox 454 1649 514 1683; x_wconf 88' lang='lat' dir='ltr'>eum</span> <span class='ocrx_word' id='word_1_84' title='bbox 528 1635 705 1684; x_wconf 87' lang='lat' dir='ltr'>inflammabit</span> <span class='ocrx_word' id='word_1_85' title='bbox 716 1634 846 1683; x_wconf 81' lang='lat' dir='ltr'>flamma”</span> <span class='ocrx_word' id='word_1_86' title='bbox 858 1635 895 1696; x_wconf 88' lang='lat' dir='ltr'>(ii.</span> <span class='ocrx_word' id='word_1_87' title='bbox 909 1631 945 1699; x_wconf 91' lang='lat'>[1,</span> <span class='ocrx_word' id='word_1_88' title='bbox 957 1631 995 1698; x_wconf 82' lang='lat' dir='ltr'>a,]</span> <span class='ocrx_word' id='word_1_89' title='bbox 1009 1639 1049 1696; x_wconf 83' lang='lat'>3);</span> 
     </span>
     <span class='ocr_line' id='line_1_12' title="bbox 116 1748 386 1831; baseline -0.007 -19"><span class='ocrx_word' id='word_1_90' title='bbox 116 1748 209 1831; x_wconf 89' lang='lat' dir='ltr'>apud</span> <span class='ocrx_word' id='word_1_91' title='bbox 229 1749 386 1824; x_wconf 89' lang='lat' dir='ltr'>eundem,</span> 
     </span>
    </p>
   </div>
   <div class='ocr_carea' id='block_1_5' title="bbox 118 1857 1239 2341">
    <p class='ocr_par' dir='ltr' id='par_1_5' title="bbox 118 1857 1239 2341">
     <span class='ocr_line' id='line_1_13' title="bbox 171 1857 1238 1922; baseline 0.001 -15"><span class='ocrx_word' id='word_1_92' title='bbox 171 1857 275 1907; x_wconf 82' lang='lat' dir='ltr'>“Dabo</span> <span class='ocrx_word' id='word_1_93' title='bbox 288 1859 411 1921; x_wconf 89' lang='lat' dir='ltr'>prodigia</span> <span class='ocrx_word' id='word_1_94' title='bbox 423 1860 449 1908; x_wconf 88' lang='lat' dir='ltr'>in</span> <span class='ocrx_word' id='word_1_95' title='bbox 462 1859 537 1908; x_wconf 82' lang='lat' dir='ltr'>caelo</span> <span class='ocrx_word' id='word_1_96' title='bbox 550 1871 577 1908; x_wconf 88' lang='lat' dir='ltr'>et</span> <span class='ocrx_word' id='word_1_97' title='bbox 594 1859 621 1908; x_wconf 88' lang='lat' dir='ltr'>in</span> <span class='ocrx_word' id='word_1_98' title='bbox 640 1868 718 1917; x_wconf 83' lang='lat' dir='ltr'>terra,</span> <span class='ocrx_word' id='word_1_99' title='bbox 734 1858 893 1922; x_wconf 84' lang='lat' dir='ltr'>sanguinem</span> <span class='ocrx_word' id='word_1_100' title='bbox 912 1868 939 1908; x_wconf 91' lang='lat' dir='ltr'>et</span> <span class='ocrx_word' id='word_1_101' title='bbox 958 1859 1047 1921; x_wconf 84' lang='lat' dir='ltr'>ignem</span> <span class='ocrx_word' id='word_1_102' title='bbox 1060 1868 1087 1908; x_wconf 96' lang='lat' dir='ltr'>et</span> <span class='ocrx_word' id='word_1_103' title='bbox 1099 1859 1238 1908; x_wconf 81' lang='lat' dir='ltr'>columnas</span> 
     </span>
     <span class='ocr_line' id='line_1_14' title="bbox 252 1924 1237 1987; baseline 0 -15"><span class='ocrx_word' id='word_1_104' title='bbox 252 1924 334 1983; x_wconf 83' lang='lat' dir='ltr'>iumi;</span> <span class='ocrx_word' id='word_1_105' title='bbox 352 1925 393 1972; x_wconf 86' lang='lat' dir='ltr'>soi</span> <span class='ocrx_word' id='word_1_106' title='bbox 412 1935 530 1973; x_wconf 88' lang='lat' dir='ltr'>vertetur</span> <span class='ocrx_word' id='word_1_107' title='bbox 547 1925 573 1973; x_wconf 89' lang='lat' dir='ltr'>in</span> <span class='ocrx_word' id='word_1_108' title='bbox 592 1927 726 1983; x_wconf 85' lang='lat' dir='ltr'>tenebras,</span> <span class='ocrx_word' id='word_1_109' title='bbox 741 1935 768 1974; x_wconf 89' lang='lat' dir='ltr'>et</span> <span class='ocrx_word' id='word_1_110' title='bbox 785 1926 848 1973; x_wconf 88' lang='lat' dir='ltr'>luna</span> <span class='ocrx_word' id='word_1_111' title='bbox 865 1925 893 1973; x_wconf 92' lang='lat' dir='ltr'>in</span> <span class='ocrx_word' id='word_1_112' title='bbox 911 1925 1079 1986; x_wconf 84' lang='lat' dir='ltr'>sanguinem,</span> <span class='ocrx_word' id='word_1_113' title='bbox 1093 1933 1237 1987; x_wconf 78' lang='lat' dir='ltr'>antequam</span> 
     </span>
     <span class='ocr_line' id='line_1_15' title="bbox 250 1986 1238 2054; baseline 0 -17"><span class='ocrx_word' id='word_1_114' title='bbox 250 1991 324 2038; x_wconf 79' lang='lat' dir='ltr'>venit</span> <span class='ocrx_word' id='word_1_115' title='bbox 336 1990 394 2038; x_wconf 83' lang='lat' dir='ltr'>dies</span> <span class='ocrx_word' id='word_1_116' title='bbox 404 1989 523 2054; x_wconf 81' lang='lat' dir='ltr'>jehovae</span> <span class='ocrx_word' id='word_1_117' title='bbox 533 2004 647 2052; x_wconf 75' lang='lat' dir='ltr'>magnus</span> <span class='ocrx_word' id='word_1_118' title='bbox 657 2000 684 2039; x_wconf 92' lang='lat' dir='ltr'>et</span> <span class='ocrx_word' id='word_1_119' title='bbox 697 1990 844 2039; x_wconf 82' lang='lat' dir='ltr'>terribilis”</span> <span class='ocrx_word' id='word_1_120' title='bbox 853 1989 900 2052; x_wconf 87' lang='lat' dir='ltr'>(iii.</span> <span class='ocrx_word' id='word_1_121' title='bbox 912 2002 935 2050; x_wconf 83' lang='lat'>3,</span> <span class='ocrx_word' id='word_1_122' title='bbox 946 2004 963 2050; x_wconf 86' lang='lat'>4</span> <span class='ocrx_word' id='word_1_123' title='bbox 974 1987 1019 2054; x_wconf 89' lang='lat' dir='ltr'>[B.</span> <span class='ocrx_word' id='word_1_124' title='bbox 1032 1992 1066 2039; x_wconf 83' lang='lat' dir='ltr'>A.</span> <span class='ocrx_word' id='word_1_125' title='bbox 1078 1990 1105 2039; x_wconf 91' lang='lat' dir='ltr'>ii.</span> <span class='ocrx_word' id='word_1_126' title='bbox 1118 2001 1157 2050; x_wconf 87' lang='lat'>30,</span> <span class='ocrx_word' id='word_1_127' title='bbox 1167 1986 1238 2053; x_wconf 82' lang='lat'>31]);</span> 
     </span>
     <span class='ocr_line' id='line_1_16' title="bbox 118 2103 387 2185; baseline -0.004 -19"><span class='ocrx_word' id='word_1_128' title='bbox 118 2103 210 2185; x_wconf 89' lang='lat' dir='ltr'>apud</span> <span class='ocrx_word' id='word_1_129' title='bbox 230 2104 387 2177; x_wconf 92' lang='lat' dir='ltr'>eundem,</span> 
     </span>
     <span class='ocr_line' id='line_1_17' title="bbox 171 2211 1239 2338; baseline -0.001 -77"><span class='ocrx_word' id='word_1_130' title='bbox 171 2217 188 2236; x_wconf 81' lang='lat'>‘⁸</span> <span class='ocrx_word' id='word_1_131' title='bbox 199 2213 274 2275; x_wconf 88' lang='lat' dir='ltr'>Ignis</span> <span class='ocrx_word' id='word_1_132' title='bbox 286 2213 566 2338; x_wconf 60' lang='lat' dir='ltr'>comediqbabitacqua</span> <span class='ocrx_word' id='word_1_133' title='bbox 577 2213 685 2271; x_wconf 83' lang='lat' dir='ltr'>deserti,</span> <span class='ocrx_word' id='word_1_134' title='bbox 699 2222 726 2262; x_wconf 85' lang='lat' dir='ltr'>er</span> <span class='ocrx_word' id='word_1_135' title='bbox 743 2212 851 2261; x_wconf 83' lang='lat' dir='ltr'>flamma</span> <span class='ocrx_word' id='word_1_136' title='bbox 864 2211 1041 2261; x_wconf 84' lang='lat' dir='ltr'>inflammavit</span> <span class='ocrx_word' id='word_1_137' title='bbox 1053 2225 1148 2261; x_wconf 84' lang='lat' dir='ltr'>omnes</span> <span class='ocrx_word' id='word_1_138' title='bbox 1161 2212 1239 2260; x_wconf 91' lang='lat' dir='ltr'>arbo·</span> 
     </span>
     <span class='ocr_line' id='line_1_18' title="bbox 251 2290 547 2341; baseline 0 -15"><span class='ocrx_word' id='word_1_139' title='bbox 251 2293 293 2328; x_wconf 77' lang='lat' dir='ltr'>res</span> <span class='ocrx_word' id='word_1_140' title='bbox 305 2293 361 2340; x_wconf 81' lang='lat' dir='ltr'>agri</span> <span class='ocrx_word' id='word_1_141' title='bbox 408 2290 522 2341; x_wconf 83' lang='lat' dir='ltr'>r.19,ao</span> <span class='ocrx_word' id='word_1_142' title='bbox 541 2292 547 2334; x_wconf 86' lang='lat'>;</span> 
     </span>
    </p>
   </div>
   <div class='ocr_carea' id='block_1_6' title="bbox 120 2390 496 2473">
    <p class='ocr_par' dir='ltr' id='par_1_6' title="bbox 120 2390 496 2473">
     <span class='ocr_line' id='line_1_19' title="bbox 120 2390 496 2473; baseline -0.003 -18"><span class='ocrx_word' id='word_1_143' title='bbox 120 2401 155 2455; x_wconf 88' lang='lat' dir='ltr'>et</span> <span class='ocrx_word' id='word_1_144' title='bbox 175 2392 264 2473; x_wconf 89' lang='lat' dir='ltr'>apud</span> <span class='ocrx_word' id='word_1_145' title='bbox 281 2390 496 2466; x_wconf 76' lang='lat' dir='ltr'>Ezechielem,</span> 
     </span>
    </p>
   </div>
   <div class='ocr_carea' id='block_1_7' title="bbox 171 2503 1239 2765">
    <p class='ocr_par' dir='ltr' id='par_1_7' title="bbox 171 2503 1239 2765">
     <span class='ocr_line' id='line_1_20' title="bbox 171 2503 1238 2568; baseline 0.003 -16"><span class='ocrx_word' id='word_1_146' title='bbox 171 2508 188 2527; x_wconf 78' lang='lat'>‘⁶</span> <span class='ocrx_word' id='word_1_147' title='bbox 198 2503 248 2553; x_wconf 92' lang='lat' dir='ltr'>Dic</span> <span class='ocrx_word' id='word_1_148' title='bbox 260 2505 343 2553; x_wconf 83' lang='lat' dir='ltr'>silvae</span> <span class='ocrx_word' id='word_1_149' title='bbox 356 2505 499 2561; x_wconf 74' lang='lat' dir='ltr'>meridiei„</span> <span class='ocrx_word' id='word_1_150' title='bbox 510 2542 531 2554; x_wconf 86' lang='lat'>..</span> <span class='ocrx_word' id='word_1_151' title='bbox 542 2504 622 2554; x_wconf 87' lang='lat' dir='ltr'>.Ecce</span> <span class='ocrx_word' id='word_1_152' title='bbox 636 2503 693 2566; x_wconf 86' lang='lat' dir='ltr'>Ego</span> <span class='ocrx_word' id='word_1_153' title='bbox 707 2505 853 2553; x_wconf 86' lang='lat' dir='ltr'>incendens</span> <span class='ocrx_word' id='word_1_154' title='bbox 866 2505 892 2553; x_wconf 90' lang='lat' dir='ltr'>in</span> <span class='ocrx_word' id='word_1_155' title='bbox 906 2513 932 2553; x_wconf 89' lang='lat' dir='ltr'>te</span> <span class='ocrx_word' id='word_1_156' title='bbox 945 2504 1043 2567; x_wconf 81' lang='lat' dir='ltr'>ignem,</span> <span class='ocrx_word' id='word_1_157' title='bbox 1059 2505 1103 2568; x_wconf 92' lang='lat' dir='ltr'>qui</span> <span class='ocrx_word' id='word_1_158' title='bbox 1115 2506 1238 2555; x_wconf 86' lang='lat' dir='ltr'>comedet</span> 
     </span>
     <span class='ocr_line' id='line_1_21' title="bbox 252 2569 1239 2631; baseline 0 -13"><span class='ocrx_word' id='word_1_159' title='bbox 252 2571 278 2618; x_wconf 90' lang='lat' dir='ltr'>in</span> <span class='ocrx_word' id='word_1_160' title='bbox 292 2581 317 2618; x_wconf 89' lang='lat' dir='ltr'>te</span> <span class='ocrx_word' id='word_1_161' title='bbox 330 2585 438 2618; x_wconf 89' lang='lat' dir='ltr'>ornnem</span> <span class='ocrx_word' id='word_1_162' title='bbox 451 2572 573 2619; x_wconf 86' lang='lat' dir='ltr'>arborem</span> <span class='ocrx_word' id='word_1_163' title='bbox 584 2571 696 2619; x_wconf 88' lang='lat' dir='ltr'>viridem</span> <span class='ocrx_word' id='word_1_164' title='bbox 707 2585 713 2627; x_wconf 86' lang='lat'>;</span> <span class='ocrx_word' id='word_1_165' title='bbox 732 2585 785 2618; x_wconf 91' lang='lat' dir='ltr'>non</span> <span class='ocrx_word' id='word_1_166' title='bbox 796 2570 981 2631; x_wconf 80' lang='lat' dir='ltr'>exstinguetur</span> <span class='ocrx_word' id='word_1_167' title='bbox 993 2570 1102 2619; x_wconf 83' lang='lat' dir='ltr'>flamma</span> <span class='ocrx_word' id='word_1_168' title='bbox 1114 2569 1239 2619; x_wconf 86' lang='lat' dir='ltr'>flammae</span> 
     </span>
     <span class='ocr_line' id='line_1_22' title="bbox 251 2636 1239 2699; baseline 0.001 -15"><span class='ocrx_word' id='word_1_169' title='bbox 251 2637 356 2697; x_wconf 77' lang='lat' dir='ltr'>gravis:</span> <span class='ocrx_word' id='word_1_170' title='bbox 374 2637 445 2684; x_wconf 90' lang='lat' dir='ltr'>unde</span> <span class='ocrx_word' id='word_1_171' title='bbox 457 2637 647 2684; x_wconf 87' lang='lat' dir='ltr'>comburentur</span> <span class='ocrx_word' id='word_1_172' title='bbox 659 2637 685 2684; x_wconf 90' lang='lat' dir='ltr'>in</span> <span class='ocrx_word' id='word_1_173' title='bbox 701 2650 733 2684; x_wconf 79' lang='lat' dir='ltr'>ea</span> <span class='ocrx_word' id='word_1_174' title='bbox 744 2650 840 2684; x_wconf 87' lang='lat' dir='ltr'>ornnes</span> <span class='ocrx_word' id='word_1_175' title='bbox 852 2636 934 2685; x_wconf 86' lang='lat' dir='ltr'>iacies</span> <span class='ocrx_word' id='word_1_176' title='bbox 946 2651 963 2685; x_wconf 83' lang='lat' dir='ltr'>a</span> <span class='ocrx_word' id='word_1_177' title='bbox 980 2636 1090 2685; x_wconf 87' lang='lat' dir='ltr'>meridie</span> <span class='ocrx_word' id='word_1_178' title='bbox 1103 2650 1187 2699; x_wconf 77' lang='lat' dir='ltr'>usque</span> <span class='ocrx_word' id='word_1_179' title='bbox 1205 2636 1239 2685; x_wconf 77' lang='lat' dir='ltr'>ed</span> 
     </span>
     <span class='ocr_line' id='line_1_23' title="bbox 251 2698 947 2765; baseline 0.001 -15"><span class='ocrx_word' id='word_1_180' title='bbox 251 2702 462 2763; x_wconf 81' lang='lat' dir='ltr'>septentrionem</span> <span class='ocrx_word' id='word_1_181' title='bbox 470 2700 484 2719; x_wconf 86' lang='lat'>’¹</span> <span class='ocrx_word' id='word_1_182' title='bbox 496 2702 560 2763; x_wconf 81' lang='lat' dir='ltr'>(xxi.</span> <span class='ocrx_word' id='word_1_183' title='bbox 573 2713 596 2758; x_wconf 81' lang='lat' dir='ltr'>a,</span> <span class='ocrx_word' id='word_1_184' title='bbox 609 2713 623 2761; x_wconf 83' lang='lat'>3</span> <span class='ocrx_word' id='word_1_185' title='bbox 637 2698 682 2765; x_wconf 90' lang='lat' dir='ltr'>[B.</span> <span class='ocrx_word' id='word_1_186' title='bbox 694 2704 728 2750; x_wconf 83' lang='lat' dir='ltr'>A.</span> <span class='ocrx_word' id='word_1_187' title='bbox 740 2716 783 2752; x_wconf 86' lang='lat' dir='ltr'>xx.</span> <span class='ocrx_word' id='word_1_188' title='bbox 794 2703 835 2762; x_wconf 76' lang='lat'>46,</span> <span class='ocrx_word' id='word_1_189' title='bbox 847 2698 917 2765; x_wconf 77' lang='lat'>47]):</span> <span class='ocrx_word' id='word_1_190' title='bbox 945 2722 947 2726; x_wconf 37' lang='lat'>³</span> 
     </span>
    </p>
   </div>
   <div class='ocr_carea' id='block_1_8' title="bbox 120 2832 1243 4519">
    <p class='ocr_par' dir='ltr' id='par_1_8' title="bbox 120 2832 1242 4048">
     <span class='ocr_line' id='line_1_24' title="bbox 120 2832 1238 2917; baseline 0 -21"><span class='ocrx_word' id='word_1_191' title='bbox 120 2854 180 2917; x_wconf 90' lang='lat' dir='ltr'>per</span> <span class='ocrx_word' id='word_1_192' title='bbox 205 2833 355 2895; x_wconf 87' lang='lat' dir='ltr'>“silvam</span> <span class='ocrx_word' id='word_1_193' title='bbox 383 2834 531 2895; x_wconf 88' lang='lat' dir='ltr'>meridiei</span> <span class='ocrx_word' id='word_1_194' title='bbox 543 2833 558 2856; x_wconf 90' lang='lat'><strong>”</strong></span> <span class='ocrx_word' id='word_1_195' title='bbox 581 2832 791 2913; x_wconf 87' lang='lat' dir='ltr'>significatur</span> <span class='ocrx_word' id='word_1_196' title='bbox 817 2833 963 2897; x_wconf 88' lang='lat' dir='ltr'>ecclesia</span> <span class='ocrx_word' id='word_1_197' title='bbox 989 2854 1075 2916; x_wconf 91' lang='lat' dir='ltr'>quae</span> <span class='ocrx_word' id='word_1_198' title='bbox 1103 2833 1135 2896; x_wconf 90' lang='lat' dir='ltr'>in</span> <span class='ocrx_word' id='word_1_199' title='bbox 1164 2833 1238 2896; x_wconf 90' lang='lat' dir='ltr'>luce</span> 
     </span>
     <span class='ocr_line' id='line_1_25' title="bbox 121 2927 1239 3010; baseline -0.001 -19"><span class='ocrx_word' id='word_1_200' title='bbox 121 2928 190 2991; x_wconf 89' lang='lat' dir='ltr'>veri</span> <span class='ocrx_word' id='word_1_201' title='bbox 212 2937 327 3009; x_wconf 86' lang='lat' dir='ltr'>potest</span> <span class='ocrx_word' id='word_1_202' title='bbox 345 2949 419 2989; x_wconf 91' lang='lat' dir='ltr'>esse</span> <span class='ocrx_word' id='word_1_203' title='bbox 439 2949 483 2990; x_wconf 90' lang='lat' dir='ltr'>ex</span> <span class='ocrx_word' id='word_1_204' title='bbox 504 2927 631 3000; x_wconf 89' lang='lat' dir='ltr'>Verbo,</span> <span class='ocrx_word' id='word_1_205' title='bbox 653 2947 740 2991; x_wconf 89' lang='lat' dir='ltr'>nunc</span> <span class='ocrx_word' id='word_1_206' title='bbox 765 2938 879 2991; x_wconf 85' lang='lat' dir='ltr'>autern</span> <span class='ocrx_word' id='word_1_207' title='bbox 903 2949 989 3010; x_wconf 87' lang='lat' dir='ltr'>quae</span> <span class='ocrx_word' id='word_1_208' title='bbox 1012 2929 1140 3010; x_wconf 88' lang='lat' dir='ltr'>absque</span> <span class='ocrx_word' id='word_1_209' title='bbox 1164 2927 1239 2991; x_wconf 89' lang='lat' dir='ltr'>luce</span> 
     </span>
     <span class='ocr_line' id='line_1_26' title="bbox 121 3022 1239 3105; baseline -0.001 -20"><span class='ocrx_word' id='word_1_210' title='bbox 121 3023 352 3105; x_wconf 72' lang='lat' dir='ltr'>spiritualim</span> <span class='ocrx_word' id='word_1_211' title='bbox 375 3022 456 3084; x_wconf 88' lang='lat' dir='ltr'>solis</span> <span class='ocrx_word' id='word_1_212' title='bbox 480 3022 751 3102; x_wconf 86' lang='lat' dir='ltr'>cognitionibus;</span> <span class='ocrx_word' id='word_1_213' title='bbox 776 3043 835 3104; x_wconf 90' lang='lat' dir='ltr'>per</span> <span class='ocrx_word' id='word_1_214' title='bbox 860 3022 1055 3095; x_wconf 86' lang='lat' dir='ltr'>“arbores,”</span> <span class='ocrx_word' id='word_1_215' title='bbox 1074 3041 1157 3103; x_wconf 90' lang='lat' dir='ltr'>quas</span> <span class='ocrx_word' id='word_1_216' title='bbox 1181 3040 1239 3084; x_wconf 89' lang='lat' dir='ltr'>co·</span> 
     </span>
     <span class='ocr_line' id='line_1_27' title="bbox 122 3114 1239 3199; baseline -0.001 -20"><span class='ocrx_word' id='word_1_217' title='bbox 122 3118 239 3180; x_wconf 87' lang='lat' dir='ltr'>medet</span> <span class='ocrx_word' id='word_1_218' title='bbox 261 3119 360 3198; x_wconf 84' lang='lat' dir='ltr'>ignis,</span> <span class='ocrx_word' id='word_1_219' title='bbox 386 3115 619 3197; x_wconf 83' lang='lat' dir='ltr'>significantur</span> <span class='ocrx_word' id='word_1_220' title='bbox 642 3118 857 3199; x_wconf 87' lang='lat' dir='ltr'>cognitiones</span> <span class='ocrx_word' id='word_1_221' title='bbox 881 3116 982 3193; x_wconf 86' lang='lat' dir='ltr'>illae;</span> <span class='ocrx_word' id='word_1_222' title='bbox 1014 3116 1103 3198; x_wconf 92' lang='lat' dir='ltr'>quod</span> <span class='ocrx_word' id='word_1_223' title='bbox 1128 3114 1239 3178; x_wconf 89' lang='lat' dir='ltr'>malae</span> 
     </span>
     <span class='ocr_line' id='line_1_28' title="bbox 121 3207 1240 3294; baseline -0.002 -20"><span class='ocrx_word' id='word_1_224' title='bbox 121 3212 329 3294; x_wconf 85' lang='lat' dir='ltr'>cupiditates</span> <span class='ocrx_word' id='word_1_225' title='bbox 357 3207 471 3274; x_wconf 87' lang='lat' dir='ltr'>etiam</span> <span class='ocrx_word' id='word_1_226' title='bbox 488 3209 564 3273; x_wconf 91' lang='lat' dir='ltr'>illas</span> <span class='ocrx_word' id='word_1_227' title='bbox 593 3213 685 3273; x_wconf 90' lang='lat' dir='ltr'>omni</span> <span class='ocrx_word' id='word_1_228' title='bbox 712 3213 782 3273; x_wconf 86' lang='lat' dir='ltr'>vita</span> <span class='ocrx_word' id='word_1_229' title='bbox 810 3210 974 3293; x_wconf 86' lang='lat' dir='ltr'>spirituali</span> <span class='ocrx_word' id='word_1_230' title='bbox 1002 3210 1240 3291; x_wconf 88' lang='lat' dir='ltr'>deprivaturae</span> 
     </span>
     <span class='ocr_line' id='line_1_29' title="bbox 122 3305 1239 3388; baseline -0.002 -20"><span class='ocrx_word' id='word_1_231' title='bbox 122 3306 201 3380; x_wconf 86' lang='lat' dir='ltr'>sint,</span> <span class='ocrx_word' id='word_1_232' title='bbox 222 3317 257 3368; x_wconf 89' lang='lat' dir='ltr'>et</span> <span class='ocrx_word' id='word_1_233' title='bbox 281 3307 371 3388; x_wconf 91' lang='lat' dir='ltr'>quod</span> <span class='ocrx_word' id='word_1_234' title='bbox 392 3326 460 3368; x_wconf 92' lang='lat' dir='ltr'>non</span> <span class='ocrx_word' id='word_1_235' title='bbox 480 3305 624 3388; x_wconf 88' lang='lat' dir='ltr'>amplius</span> <span class='ocrx_word' id='word_1_236' title='bbox 648 3305 783 3387; x_wconf 90' lang='lat' dir='ltr'>aliquod</span> <span class='ocrx_word' id='word_1_237' title='bbox 803 3325 919 3367; x_wconf 89' lang='lat' dir='ltr'>verum</span> <span class='ocrx_word' id='word_1_238' title='bbox 939 3306 972 3367; x_wconf 90' lang='lat' dir='ltr'>in</span> <span class='ocrx_word' id='word_1_239' title='bbox 997 3305 1099 3378; x_wconf 90' lang='lat' dir='ltr'>claro,</span> <span class='ocrx_word' id='word_1_240' title='bbox 1119 3323 1180 3367; x_wconf 86' lang='lat' dir='ltr'>nec</span> <span class='ocrx_word' id='word_1_241' title='bbox 1205 3305 1239 3367; x_wconf 91' lang='lat' dir='ltr'>in</span> 
     </span>
     <span class='ocr_line' id='line_1_30' title="bbox 122 3398 1239 3481; baseline -0.004 -16"><span class='ocrx_word' id='word_1_242' title='bbox 122 3403 267 3466; x_wconf 89' lang='lat' dir='ltr'>obscuro</span> <span class='ocrx_word' id='word_1_243' title='bbox 283 3401 452 3463; x_wconf 90' lang='lat' dir='ltr'>residuum</span> <span class='ocrx_word' id='word_1_244' title='bbox 471 3400 568 3475; x_wconf 85' lang='lat' dir='ltr'>soret,</span> <span class='ocrx_word' id='word_1_245' title='bbox 590 3398 798 3480; x_wconf 84' lang='lat' dir='ltr'>significatur</span> <span class='ocrx_word' id='word_1_246' title='bbox 817 3420 876 3481; x_wconf 89' lang='lat' dir='ltr'>per</span> <span class='ocrx_word' id='word_1_247' title='bbox 895 3399 985 3481; x_wconf 94' lang='lat' dir='ltr'>quod</span> <span class='ocrx_word' id='word_1_248' title='bbox 1008 3399 1239 3461; x_wconf 83' lang='lat' dir='ltr'>“comburen-</span> 
     </span>
     <span class='ocr_line' id='line_1_31' title="bbox 122 3492 1241 3576; baseline -0.004 -16"><span class='ocrx_word' id='word_1_249' title='bbox 122 3506 177 3560; x_wconf 89' lang='lat' dir='ltr'>tur</span> <span class='ocrx_word' id='word_1_250' title='bbox 194 3514 314 3557; x_wconf 88' lang='lat' dir='ltr'>omnes</span> <span class='ocrx_word' id='word_1_251' title='bbox 333 3494 434 3557; x_wconf 84' lang='lat' dir='ltr'>iacies</span> <span class='ocrx_word' id='word_1_252' title='bbox 453 3504 563 3557; x_wconf 84' lang='lat' dir='ltr'>terrae</span> <span class='ocrx_word' id='word_1_253' title='bbox 583 3515 603 3556; x_wconf 91' lang='lat' dir='ltr'>a</span> <span class='ocrx_word' id='word_1_254' title='bbox 620 3494 758 3557; x_wconf 90' lang='lat' dir='ltr'>meridie</span> <span class='ocrx_word' id='word_1_255' title='bbox 778 3494 821 3555; x_wconf 91' lang='lat' dir='ltr'>ad</span> <span class='ocrx_word' id='word_1_256' title='bbox 839 3492 1139 3576; x_wconf 86' lang='lat' dir='ltr'>septentrionem.”</span> <span class='ocrx_word' id='word_1_257' title='bbox 1184 3494 1241 3556; x_wconf 87' lang='lat' dir='ltr'>Ex</span> 
     </span>
     <span class='ocr_line' id='line_1_32' title="bbox 122 3588 1241 3671; baseline 0.001 -19"><span class='ocrx_word' id='word_1_258' title='bbox 122 3599 207 3652; x_wconf 86' lang='lat' dir='ltr'>nota</span> <span class='ocrx_word' id='word_1_259' title='bbox 226 3588 474 3670; x_wconf 85' lang='lat' dir='ltr'>significatione</span> <span class='ocrx_word' id='word_1_260' title='bbox 496 3590 613 3670; x_wconf 83' lang='lat' dir='ltr'>“ignis</span> <span class='ocrx_word' id='word_1_261' title='bbox 623 3589 638 3614; x_wconf 85' lang='lat'>’¹</span> <span class='ocrx_word' id='word_1_262' title='bbox 657 3589 690 3650; x_wconf 92' lang='lat' dir='ltr'>in</span> <span class='ocrx_word' id='word_1_263' title='bbox 708 3598 850 3670; x_wconf 87' lang='lat' dir='ltr'>utroque</span> <span class='ocrx_word' id='word_1_264' title='bbox 870 3608 981 3662; x_wconf 90' lang='lat' dir='ltr'>sensu,</span> <span class='ocrx_word' id='word_1_265' title='bbox 999 3589 1104 3650; x_wconf 87' lang='lat' dir='ltr'>videri</span> <span class='ocrx_word' id='word_1_266' title='bbox 1124 3598 1241 3671; x_wconf 89' lang='lat' dir='ltr'>potest</span> 
     </span>
     <span class='ocr_line' id='line_1_33' title="bbox 122 3681 1241 3767; baseline -0.001 -21"><span class='ocrx_word' id='word_1_267' title='bbox 122 3684 202 3767; x_wconf 90' lang='lat' dir='ltr'>quid</span> <span class='ocrx_word' id='word_1_268' title='bbox 227 3686 331 3746; x_wconf 86' lang='lat' dir='ltr'>etiam</span> <span class='ocrx_word' id='word_1_269' title='bbox 355 3686 388 3745; x_wconf 94' lang='lat' dir='ltr'>in</span> <span class='ocrx_word' id='word_1_270' title='bbox 413 3682 530 3746; x_wconf 88' lang='lat' dir='ltr'>Verbo</span> <span class='ocrx_word' id='word_1_271' title='bbox 554 3682 765 3764; x_wconf 83' lang='lat' dir='ltr'>significatur</span> <span class='ocrx_word' id='word_1_272' title='bbox 788 3700 848 3764; x_wconf 91' lang='lat' dir='ltr'>per</span> <span class='ocrx_word' id='word_1_273' title='bbox 872 3681 1137 3756; x_wconf 86' lang='lat' dir='ltr'>“incalescere,&#39;&#39;</span> <span class='ocrx_word' id='word_1_274' title='bbox 1161 3683 1241 3745; x_wconf 85' lang='lat' dir='ltr'>“in-</span> 
     </span>
     <span class='ocr_line' id='line_1_34' title="bbox 122 3775 1242 3853; baseline -0.001 -13"><span class='ocrx_word' id='word_1_275' title='bbox 122 3777 316 3852; x_wconf 67' lang='lat' dir='ltr'>flammari’&#39;</span> <span class='ocrx_word' id='word_1_276' title='bbox 328 3784 347 3809; x_wconf 79' lang='lat'>‘⁴</span> <span class='ocrx_word' id='word_1_277' title='bbox 357 3777 564 3850; x_wconf 88' lang='lat' dir='ltr'>ardescere,”</span> <span class='ocrx_word' id='word_1_278' title='bbox 577 3785 596 3808; x_wconf 81' lang='lat'>‘¹</span> <span class='ocrx_word' id='word_1_279' title='bbox 606 3776 854 3851; x_wconf 85' lang='lat' dir='ltr'>effervescere,”</span> <span class='ocrx_word' id='word_1_280' title='bbox 867 3781 886 3808; x_wconf 83' lang='lat'>‘⁴</span> <span class='ocrx_word' id='word_1_281' title='bbox 896 3776 1021 3849; x_wconf 88' lang='lat' dir='ltr'>exuri,”</span> <span class='ocrx_word' id='word_1_282' title='bbox 1032 3781 1051 3807; x_wconf 89' lang='grc'>“</span> <span class='ocrx_word' id='word_1_283' title='bbox 1060 3775 1242 3853; x_wconf 85' lang='lat' dir='ltr'>comburi,”</span> 
     </span>
     <span class='ocr_line' id='line_1_35' title="bbox 122 3871 1242 3956; baseline -0.001 -20"><span class='ocrx_word' id='word_1_284' title='bbox 122 3894 182 3956; x_wconf 90' lang='lat' dir='ltr'>per</span> <span class='ocrx_word' id='word_1_285' title='bbox 194 3878 213 3905; x_wconf 79' lang='lat'>‘⁴</span> <span class='ocrx_word' id='word_1_286' title='bbox 223 3872 531 3946; x_wconf 84' lang='lat' dir='ltr'>incalescentiam,”</span> <span class='ocrx_word' id='word_1_287' title='bbox 544 3880 563 3904; x_wconf 84' lang='lat'>‘¹</span> <span class='ocrx_word' id='word_1_288' title='bbox 572 3871 774 3947; x_wconf 83' lang='lat' dir='ltr'>flammam,&#39;’</span> <span class='ocrx_word' id='word_1_289' title='bbox 787 3877 806 3903; x_wconf 90' lang='lat'><strong>“</strong></span> <span class='ocrx_word' id='word_1_290' title='bbox 815 3871 1001 3946; x_wconf 87' lang='lat' dir='ltr'>ardorem,”</span> <span class='ocrx_word' id='word_1_291' title='bbox 1013 3876 1032 3902; x_wconf 79' lang='lat'>‘⁴</span> <span class='ocrx_word' id='word_1_292' title='bbox 1042 3871 1242 3948; x_wconf 85' lang='lat' dir='ltr'>ustionem,”</span> 
     </span>
     <span class='ocr_line' id='line_1_36' title="bbox 126 3965 955 4048; baseline -0.005 -17"><span class='ocrx_word' id='word_1_293' title='bbox 126 3967 379 4040; x_wconf 76' lang='lat' dir='ltr'>“incendium&#39;’</span> <span class='ocrx_word' id='word_1_294' title='bbox 400 3966 571 4041; x_wconf 73' lang='lat' dir='ltr'>“iocum’&#39;</span> <span class='ocrx_word' id='word_1_295' title='bbox 592 3966 776 4048; x_wconf 87' lang='lat' dir='ltr'>“prunas,”</span> <span class='ocrx_word' id='word_1_296' title='bbox 795 3975 829 4029; x_wconf 89' lang='lat' dir='ltr'>et</span> <span class='ocrx_word' id='word_1_297' title='bbox 850 3965 955 4048; x_wconf 90' lang='lat' dir='ltr'>plura.</span> 
     </span>
    </p>

    <p class='ocr_par' dir='ltr' id='par_1_9' title="bbox 122 4057 1243 4519">
     <span class='ocr_line' id='line_1_37' title="bbox 180 4057 1243 4142; baseline -0.001 -19"><span class='ocrx_word' id='word_1_298' title='bbox 180 4074 283 4142; x_wconf 72' lang='lat'>505.</span> <span class='ocrx_word' id='word_1_299' title='bbox 315 4059 374 4121; x_wconf 66' lang='lat' dir='ltr'>“fr</span> <span class='ocrx_word' id='word_1_300' title='bbox 385 4059 481 4122; x_wconf 71' lang='lat' dir='ltr'>misso</span> <span class='ocrx_word' id='word_1_301' title='bbox 495 4059 525 4120; x_wconf 82' lang='lat' dir='ltr'>in</span> <span class='ocrx_word' id='word_1_302' title='bbox 540 4057 835 4138; x_wconf 70' lang='lat' dir='ltr'>terram,”—Quod</span> <span class='ocrx_word' id='word_1_303' title='bbox 849 4057 1018 4139; x_wconf 82' lang='lat' dir='ltr'>significet</span> <span class='ocrx_word' id='word_1_304' title='bbox 1027 4059 1243 4139; x_wconf 80' lang='lat' dir='ltr'>progressio·</span> 
     </span>
     <span class='ocr_line' id='line_1_38' title="bbox 122 4151 1242 4233; baseline -0.002 -17"><span class='ocrx_word' id='word_1_305' title='bbox 122 4174 194 4217; x_wconf 87' lang='lat' dir='ltr'>nem</span> <span class='ocrx_word' id='word_1_306' title='bbox 211 4175 331 4217; x_wconf 83' lang='lat' dir='ltr'><em>versus</em></span> <span class='ocrx_word' id='word_1_307' title='bbox 350 4153 523 4233; x_wconf 84' lang='lat' dir='ltr'>inferiora,</span> <span class='ocrx_word' id='word_1_308' title='bbox 544 4153 602 4216; x_wconf 85' lang='lat' dir='ltr'>ubi</span> <span class='ocrx_word' id='word_1_309' title='bbox 616 4154 718 4215; x_wconf 82' lang='lat' dir='ltr'>etiam</span> <span class='ocrx_word' id='word_1_310' title='bbox 736 4151 827 4227; x_wconf 85' lang='lat' dir='ltr'>mali,</span> <span class='ocrx_word' id='word_1_311' title='bbox 848 4161 987 4215; x_wconf 85' lang='lat' dir='ltr'>constat</span> <span class='ocrx_word' id='word_1_312' title='bbox 1007 4173 1051 4214; x_wconf 90' lang='lat' dir='ltr'>ex</span> <span class='ocrx_word' id='word_1_313' title='bbox 1071 4151 1242 4233; x_wconf 82' lang='lat' dir='ltr'>significa·</span> 
     </span>
     <span class='ocr_line' id='line_1_39' title="bbox 124 4246 1242 4329; baseline -0.002 -18"><span class='ocrx_word' id='word_1_314' title='bbox 124 4250 217 4312; x_wconf 87' lang='lat' dir='ltr'>tione</span> <span class='ocrx_word' id='word_1_315' title='bbox 230 4249 349 4310; x_wconf 87' lang='lat' dir='ltr'>“mitti</span> <span class='ocrx_word' id='word_1_316' title='bbox 366 4249 398 4309; x_wconf 92' lang='lat' dir='ltr'>in</span> <span class='ocrx_word' id='word_1_317' title='bbox 412 4247 568 4321; x_wconf 88' lang='lat' dir='ltr'>terram,”</span> <span class='ocrx_word' id='word_1_318' title='bbox 581 4266 705 4329; x_wconf 89' lang='lat' dir='ltr'>nempe</span> <span class='ocrx_word' id='word_1_319' title='bbox 720 4246 880 4328; x_wconf 86' lang='lat' dir='ltr'>“grando</span> <span class='ocrx_word' id='word_1_320' title='bbox 892 4255 927 4309; x_wconf 90' lang='lat' dir='ltr'>et</span> <span class='ocrx_word' id='word_1_321' title='bbox 940 4247 1028 4326; x_wconf 87' lang='lat' dir='ltr'>ignis</span> <span class='ocrx_word' id='word_1_322' title='bbox 1041 4247 1151 4309; x_wconf 87' lang='lat' dir='ltr'>mixta</span> <span class='ocrx_word' id='word_1_323' title='bbox 1163 4266 1242 4309; x_wconf 91' lang='lat' dir='ltr'>san·</span> 
     </span>
     <span class='ocr_line' id='line_1_40' title="bbox 123 4338 1243 4425; baseline -0.004 -19"><span class='ocrx_word' id='word_1_324' title='bbox 123 4342 255 4424; x_wconf 88' lang='lat' dir='ltr'>guine,’&#39;</span> <span class='ocrx_word' id='word_1_325' title='bbox 267 4363 353 4425; x_wconf 93' lang='lat' dir='ltr'>quae</span> <span class='ocrx_word' id='word_1_326' title='bbox 369 4339 458 4405; x_wconf 71' lang='lat' dir='ltr'>sadia</span> <span class='ocrx_word' id='word_1_327' title='bbox 473 4351 552 4404; x_wconf 87' lang='lat' dir='ltr'>sunt</span> <span class='ocrx_word' id='word_1_328' title='bbox 568 4362 627 4423; x_wconf 89' lang='lat' dir='ltr'>per</span> <span class='ocrx_word' id='word_1_329' title='bbox 643 4341 735 4424; x_wconf 89' lang='lat' dir='ltr'>quod</span> <span class='ocrx_word' id='word_1_330' title='bbox 750 4341 904 4424; x_wconf 86' lang='lat' dir='ltr'>“primus</span> <span class='ocrx_word' id='word_1_331' title='bbox 920 4339 1063 4422; x_wconf 84' lang='lat' dir='ltr'>angelus</span> <span class='ocrx_word' id='word_1_332' title='bbox 1079 4338 1243 4414; x_wconf 86' lang='lat' dir='ltr'>clanxit,&#39;&#39;</span> 
     </span>
     <span class='ocr_line' id='line_1_41' title="bbox 122 4433 1242 4519; baseline -0.003 -20"><span class='ocrx_word' id='word_1_333' title='bbox 122 4436 212 4519; x_wconf 94' lang='lat' dir='ltr'>quod</span> <span class='ocrx_word' id='word_1_334' title='bbox 226 4438 269 4500; x_wconf 90' lang='lat' dir='ltr'>sit</span> <span class='ocrx_word' id='word_1_335' title='bbox 286 4437 443 4518; x_wconf 88' lang='lat' dir='ltr'>progredi</span> <span class='ocrx_word' id='word_1_336' title='bbox 456 4456 571 4499; x_wconf 88' lang='lat' dir='ltr'>versus</span> <span class='ocrx_word' id='word_1_337' title='bbox 584 4436 752 4510; x_wconf 82' lang='lat' dir='ltr'>inferiora,</span> <span class='ocrx_word' id='word_1_338' title='bbox 766 4437 821 4498; x_wconf 91' lang='lat' dir='ltr'>ubi</span> <span class='ocrx_word' id='word_1_339' title='bbox 837 4435 1025 4499; x_wconf 86' lang='lat' dir='ltr'>consociati</span> <span class='ocrx_word' id='word_1_340' title='bbox 1037 4443 1136 4499; x_wconf 87' lang='lat' dir='ltr'>erant</span> <span class='ocrx_word' id='word_1_341' title='bbox 1150 4433 1242 4510; x_wconf 88' lang='lat' dir='ltr'>mali,</span> 
     </span>
    </p>
   </div>
   <div class='ocr_carea' id='block_1_9' title="bbox 0 0 1371 4986">
    <p class='ocr_par' dir='ltr' id='par_1_10' title="bbox 0 0 1371 4986">
     <span class='ocr_line' id='line_1_42' title="bbox 0 0 1371 4986; baseline 0 0"><span class='ocrx_word' id='word_1_342' title='bbox 0 0 1371 4986; x_wconf 95' lang='lat' dir='ltr'> </span> 
     </span>
    </p>
   </div>
  </div>
 </body>
</html>
