2684 4988
110 504 174 575 oua
424 492 677 558 armaturas
697 502 922 557 sxsarcn‘rn.

110 670 255 749 influxit,
274 675 411 739 occlusa
426 675 569 740 fuerint:
591 677 683 760 quod
701 676 738 740 fit
757 676 790 739 in
809 677 980 740 communi
999 674 1088 757 apud
1108 674 1182 757 pluri

109 770 174 833 hoc
203 768 240 833 fit
267 771 356 852 apud
383 772 639 853 unumquemvis
662 769 767 834 talem
790 772 823 833 in
851 770 1066 853 particulari3
1093 774 1182 831 nain:

80 937 85 946 ἱ
111 862 238 926 mundo
261 865 425 947 spirituali
450 865 549 948 quale
575 874 628 928 est
655 882 835 928 commune
858 864 928 927 tale
951 874 1006 927 est
1030 862 1182 946 particula

109 969 260 1025 (uideaturln
270 985 342 1030 opere
352 971 389 1018 De
401 973 471 1019 Caelo
480 979 504 1018 et
513 972 615 1033 lusam,
624 987 648 1019 u.
656 974 709 1031 73).
753 956 815 1019 Per
832 964 852 989 ‘¹
862 956 986 1018 librum
995 955 1011 980 ”
1027 954 1182 1035 intelligit«

110 1048 279 1120 volumen,
300 1050 459 1130 quoniam
483 1050 629 1131 antiquis
652 1050 860 1131 temporibus
884 1066 952 1111 non
975 1059 1075 1111 erant
1097 1046 1182 1128 typi<

109 1143 187 1204 inde
207 1142 279 1204 libri
296 1143 413 1224 quales
433 1145 544 1216 hodie,
561 1144 621 1205 sed
637 1154 734 1206 erant
750 1143 922 1206 volumina
940 1163 986 1205 ex
1007 1139 1182 1205 membranis

109 1238 187 1299 inde
208 1259 266 1319 per
286 1237 417 1301 “libros
425 1238 440 1261 '⁹
459 1239 492 1300 in
511 1238 721 1319 Apocalypsi
739 1238 977 1318 intelliguntur
996 1235 1182 1307 voluminat

109 1348 168 1413 per
192 1332 385 1395 “abscessit
408 1332 539 1395 caelum
563 1330 725 1414 tauquam
754 1332 837 1395 liber
859 1331 1087 1394 convolutus”
1107 1325 1181 1394 intell

110 1428 200 1506 gitur
223 1435 385 1508 tanquam
409 1427 567 1490 volumen
591 1427 831 1490 convolutum:
855 1426 1012 1490 similiter
1034 1426 1117 1508 apud
1135 1423 1182 1489 Est

110 1536 189 1591 tarn,

160 1653 365 1781 arcontalslesppt
382 1655 478 1781 omnis)
489 1654 622 1704 exercitus
638 1654 791 1715 caelorum
808 1663 836 1704 et
852 1653 1060 1714 convolvuntur,
1074 1653 1134 1703 sicut
1147 1651 1182 1701 l'le

240 1734 306 1767 caer
350 1734 439 1769 xxxiv.
451 1734 485 1779 4.

170 1844 335 1928 405[a].
360 1841 1182 1910 “flamnismonralioruinshoissuissmoiurunl.”-

110 1934 211 2023 Quod
240 1938 407 2019 significet
435 1939 526 2022 quod
547 1960 639 2001 emm
665 1938 781 2000 bortum
807 1938 933 2001 amoris
959 1947 992 2000 et
1018 1959 1125 2001 verum
1139 1932 1182 2018 fil

105 2030 258 2113 perierit,
272 2042 408 2097 constat
425 2055 470 2096 ex
487 2031 732 2114 significatione
747 2039 766 2064 “
776 2030 931 2106 montis,”
944 2034 1035 2114 quod
1049 2034 1090 2095 sit
1104 2032 1182 2093 bonu

109 2124 235 2185 amoris
252 2124 285 2185 in
303 2123 489 2186 Dominum
506 2141 547 2196 (oe
558 2153 607 2198 qua
616 2140 755 2202 sequitur);
777 2144 823 2185 ex
839 2121 1091 2203 significatione
1107 2122 1182 2182 “insu

110 2212 195 2286 lae,'’
207 2213 298 2294 quod
315 2213 359 2275 sit
372 2232 490 2275 verum
506 2212 584 2275 fidei
596 2229 696 2287 (aequa
706 2229 730 2273 tn
741 2225 849 2286 sequenti
860 2228 994 2289 macuto„
1015 2223 1050 2276 et
1065 2232 1106 2274 ex
1120 2206 1182 2290 signi

110 2303 266 2367 ficatione
292 2306 468 2367 “emoveri
492 2304 604 2378 loci5,”
626 2305 718 2387 quod
745 2306 788 2368 sit
813 2303 931 2366 auferri
955 2315 990 2366 et
1018 2306 1126 2386 perire,
1144 2298 1182 2382 qul

104 2398 310 2479 intelligitur
326 2399 451 2461 bonum
467 2400 591 2461 amoris
609 2410 644 2461 et
663 2416 778 2461 verum
795 2398 892 2475 fidei;
916 2399 1054 2480 quando
1071 2399 1145 2460 enirn
1157 2390 1182 2455 ill

111 2504 309 2555 emoventur
326 2491 409 2554 locis
423 2494 501 2565 suis,
516 2504 596 2555 tunc
613 2492 800 2555 succedunt
819 2492 909 2554 mala
924 2504 960 2555 et
977 2493 1071 2565 salsa,
1087 2511 1120 2554 ac
1134 2490 1182 2551 bon

110 2598 144 2649 et
159 2607 237 2648 vera
251 2606 309 2667 per
323 2585 411 2648 mala
424 2597 459 2649 et
476 2586 558 2648 salsa
572 2598 724 2669 pereunt.
759 2584 860 2667 Quod
876 2593 895 2618 ‘⁴
906 2606 1006 2649 mons
1015 2587 1030 2611 ’'
1042 2581 1182 2667 ‘'lsignifice

110 2681 236 2742 bonum
260 2680 394 2752 amoris,
414 2691 467 2742 est
487 2681 565 2762 quia
587 2681 620 2744 in
644 2680 741 2743 caelo
764 2698 863 2761 super
882 2682 1055 2743 montibus
1076 2678 1182 2742 habitan

111 2775 165 2857 qui
196 2775 228 2836 in
260 2774 351 2835 bono
382 2776 506 2836 amoris
537 2775 569 2836 in
601 2772 784 2836 Dominum
807 2786 896 2848 sunt,
916 2768 1182 2857 ersupercotlibu

111 2869 212 2950 quiin
226 2868 392 2930 charitate
406 2889 488 2949 erga
502 2870 694 2949 proximum
707 2890 715 2944 ;
735 2889 794 2930 scu
807 2870 897 2949 quod
910 2869 1013 2942 idem,
1026 2888 1117 2950 super
1127 2878 1181 2927 mot

112 2963 202 3026 tibus
223 2962 379 3024 habitant
403 2965 459 3044 qui
482 2983 500 3023 e
520 2962 660 3025 caelesti
683 2982 791 3042 regno
815 2962 952 3025 Domini
971 2974 1061 3037 sunt,
1079 2971 1110 3024 et
1126 2970 1181 3036 supe

111 3056 252 3139 collibus
275 3056 330 3138 qui
353 3078 371 3119 c
395 3057 559 3139 spirituali
582 3074 689 3137 regno
713 3054 839 3138 Ipsius;
864 3069 898 3119 et
918 3075 1060 3138 regnum
1082 3052 1182 3119 caelest

111 3151 329 3231 distinguitur
347 3171 366 3211 a
385 3170 492 3231 regno
508 3149 670 3231 spirituali
690 3151 722 3212 in
742 3171 793 3223 eo,
811 3150 901 3232 quod
918 3153 973 3234 qui
994 3173 1013 3214 e
1031 3169 1127 3232 regno
1140 3154 1181 3206 cae

112 3247 187 3309 lesti
205 3254 283 3306 sunt
301 3245 333 3305 in
349 3264 463 3306 amore
481 3245 513 3305 in
529 3244 711 3306 Dominum
728 3245 806 3316 sint,
820 3256 854 3307 et
869 3246 924 3325 qui
941 3267 960 3308 e
976 3265 1081 3327 regno
1095 3239 1182 3325 spiritu

111 3337 156 3399 a‘li
179 3338 212 3398 in
235 3335 405 3397 charitate
423 3354 505 3417 erga
528 3336 744 3418 proximum;
768 3350 1182 3427 (eurenaernnsvraauruuq

112 3427 150 3487 112
165 3442 233 3487 caea
244 3447 266 3485 a
278 3442 378 3500 asmo,
389 3453 412 3486 n.
424 3443 524 3497 man
544 3424 623 3486 inde
641 3433 695 3486 est
714 3424 805 3506 quod
824 3444 885 3507 per
902 3425 1107 3490 “montem''
1120 3422 1182 3517 sign}

112 3518 229 3580 ficetur
248 3517 374 3578 bonum
393 3518 516 3579 amoris
540 3518 573 3578 in
598 3517 792 3579 Dominum.
837 3516 939 3598 Quod
964 3520 1087 3582 bonum
1107 3526 1182 3580 anton

114 3616 145 3675 in
167 3612 348 3673 Dominum
366 3630 424 3691 per
442 3610 648 3674 “montem'’
664 3607 834 3674 abstraae
851 3613 1071 3695 intelligatur,
1087 3600 1182 3687 estqui

115 3707 228 3768 omnia
252 3726 337 3786 quae
364 3707 396 3766 in
424 3724 523 3767 sensu
547 3707 683 3767 interno
703 3703 807 3767 Verbi
832 3720 910 3770 sunt
936 3709 1116 3790 spiritualia
1133 3702 1182 3765 sunl

111 3810 146 3862 et
163 3797 346 3880 spiritualia
359 3795 529 3860 abstracte
546 3819 565 3861 a
581 3799 734 3881 personis
751 3809 785 3861 et
803 3799 884 3863 locis
900 3800 1182 3884 intelligendarum

112 3910 214 3976 quare
234 3893 336 3954 etiam
356 3892 478 3973 angeli,
496 3893 573 3973 quia
591 3891 792 3974 spirituales,
810 3894 980 3959 abstracte
1000 3899 1044 3960 ab
1061 3899 1120 3961 illis
1132 3884 1182 3968 cog*

112 3997 187 4050 tant
200 3999 235 4049 et
250 3986 440 4068 loquuntur,
453 3997 486 4049 et
501 4007 560 4067 per
571 3986 604 4048 id
618 3997 671 4049 est
685 3985 750 4048 illis
761 3990 926 4071 sapientia
939 4002 974 4054 et
988 3986 1182 4074 intelligentia

110 4080 186 4144 idea
205 4082 294 4144 enim
316 4100 533 4162 personarum
553 4091 588 4144 et
611 4081 763 4147 locorum
787 4082 861 4146 finit
880 4088 1130 4166 cogitationem,
1144 4095 1182 4144 nal

111 4176 315 4238 determinat
335 4175 427 4237 illam
447 4177 490 4238 ad
512 4196 562 4249 ea,
583 4187 617 4238 et
637 4179 683 4241 sic
703 4177 795 4241 finit:
819 4179 902 4242 haec
922 4181 999 4243 idea
1018 4178 1182 4263 cogitation

111 4281 163 4333 est
176 4271 307 4352 proprie
321 4269 492 4343 naturalis
506 4271 581 4332 idea
593 4283 707 4336 autem
721 4271 892 4336 abstra6la
904 4294 923 4335 a
937 4278 1089 4356 personis
1101 4285 1132 4338 ct
1142 4271 1182 4334 loc

110 4384 147 4428 se
171 4365 330 4427 extendit
353 4365 385 4425 in
409 4364 539 4427 caelum
559 4386 836 4448 quaquaversum,
858 4388 919 4431 nec
944 4369 1057 4433 finitur
1078 4370 1182 4433 aliter:

111 4460 200 4522 visus
219 4458 306 4523 oculi
326 4459 405 4522 dum
424 4462 549 4542 absque
569 4462 676 4525 obviis
695 4460 867 4544 speclatur
885 4464 1038 4545 caelum;
1063 4467 1137 4529 talis
1153 4462 1180 4527 id
