2684 4988
372 491 452 541 cnr.
470 491 559 553 v111.,
576 490 680 542 vens.
702 491 829 540 10.-u.
850 475 975 560 518[a].
1152 477 1231 557 1287

114 661 190 726 haec
221 662 327 725 etiam
360 662 402 725 de
434 662 590 735 Domino,
622 683 680 743 per
712 683 798 745 quae
828 662 948 725 similia
976 661 1232 744 intelliguntur;

113 757 296 820 dominium
309 757 417 836 Ipsius
430 777 533 838 usque
547 757 591 820 ad
609 757 726 820 ultima
739 756 824 821 caeli
840 768 875 822 et
891 756 1053 824 ecclesiae
1066 767 1119 820 est
1132 776 1233 837 super

110 852 221 914 omnia
240 850 326 914 caeli
345 861 380 913 et
399 849 573 926 ecclesiae,
594 849 713 914 ultima
731 852 820 914 enim
841 861 919 913 sunt
938 851 1082 915 termini.
1127 849 1231 931 Apud

107 944 283 1019 Davidem,

158 1082 177 1102 ⁴¹
186 1079 322 1129 Firmatus
335 1079 449 1128 thronus
463 1088 525 1128 tuus
542 1092 576 1127 ex
593 1087 665 1137 tunc,
681 1078 715 1126 eb
728 1087 839 1127 aeterno
854 1077 911 1136 Tu;
931 1077 1096 1127 surtulerunt
1110 1075 1230 1137 flumina,

237 1143 369 1210 Jehovah,
381 1145 547 1194 sustulerunt
557 1144 670 1192 flumina
679 1158 773 1193 vocem
784 1158 869 1201 suam,
882 1143 1047 1192 sustulemnt
1055 1141 1168 1191 flumina
1179 1141 1233 1190 lra-

237 1225 332 1271 gorem
342 1224 435 1259 suum:
454 1209 639 1272 praecocibus
651 1222 780 1272 aquarum
791 1208 933 1257 multarum
945 1205 1156 1269 magnificarum,
1168 1221 1232 1270 prae

238 1272 362 1324 fluetibus
376 1275 466 1333 maris,
484 1274 640 1336 magnificus
654 1273 799 1338 Jehovah”
814 1273 869 1334 (Ps.
881 1273 951 1323 xciii.
962 1274 1034 1332 2-4):

105 1401 189 1464 haec
210 1422 343 1484 quoque
366 1401 409 1463 de
429 1401 597 1478 Domin0;
627 1400 813 1463 dominium
838 1400 945 1481 ipsius
968 1400 1011 1462 ab
1034 1408 1173 1461 aeterno
1196 1398 1231 1459 in

106 1504 282 1559 aeternum
302 1515 401 1577 super
419 1496 551 1558 caelum
571 1506 606 1557 et
626 1504 750 1559 terram
768 1493 975 1575 significatur
995 1514 1053 1575 per
1070 1492 1127 1554 “F
1128 1493 1230 1555 irma-

108 1599 160 1653 tus
177 1590 320 1653 thronus
337 1600 414 1653 tuus
432 1612 476 1654 ex
497 1602 589 1666 tunc,
606 1592 649 1654 ab
667 1599 808 1653 aeterno
825 1589 877 1652 Tu
888 1588 914 1650 :¹¹
936 1587 1138 1670 glorificatio
1157 1587 1230 1649 Do·

108 1686 187 1747 mini
206 1695 345 1766 propter
363 1685 547 1748 adventum
568 1685 686 1766 Ipsius,
704 1696 739 1746 et
759 1684 836 1746 inde
854 1683 1077 1746 salvationem
1095 1683 1230 1762 generis

107 1777 254 1853 humani,
279 1779 486 1860 significatur
509 1799 567 1860 per
590 1780 679 1862 quod
704 1779 867 1841 “flumina
889 1771 1085 1840 sustulerint
1109 1796 1230 1840 vocem

105 1892 199 1937 suam
209 1873 225 1896 ”
237 1884 272 1936 et
287 1872 482 1953 “fragorem
500 1894 593 1936 suum
607 1873 632 1951 ;'’
645 1893 704 1955 per
718 1881 737 1904 ‘¹
748 1872 906 1935 flumina''
919 1872 971 1935 hic
989 1881 1042 1934 ter
1055 1872 1231 1933 nominata

104 1966 336 2050 significantur
356 1968 469 2030 omnia
488 1987 573 2050 quae
592 1978 670 2029 sunt
694 1967 942 2048 intelligentiae
962 1966 1107 2028 hominis
1125 1964 1160 2027 in
1178 1966 1229 2027 in-

104 2069 204 2125 terno
222 2062 371 2136 homine,
389 2072 424 2124 et
444 2063 558 2124 omnia
576 2082 661 2144 quae
680 2063 713 2124 in
730 2072 895 2124 externo:
921 2059 1079 2122 Divinum
1100 2057 1230 2122 Verum

104 2157 145 2220 eb
167 2157 257 2237 Ipso,
276 2177 335 2238 per
352 2157 441 2238 quod
462 2157 626 2237 potentia,
644 2168 678 2218 et
698 2176 758 2237 per
776 2156 867 2238 quod
888 2155 1042 2228 salvatio,
1060 2152 1230 2235 significa-

104 2271 157 2315 :ur
178 2271 237 2332 per
255 2260 386 2314 “voces
403 2271 562 2333 aquarum
581 2249 761 2313 multarum
779 2247 1033 2331 magnificarum
1051 2268 1131 2330 prae
1146 2247 1229 2311 fluc-

104 2347 194 2409 :ibus
208 2347 308 2407 maris
321 2344 346 2423 ;”
364 2352 383 2376 ‘⁸
393 2365 499 2427 aquae
508 2344 523 2368 '’
533 2354 611 2406 sunt
623 2364 715 2418 vera,
728 2350 858 2406 “voces
871 2362 1030 2426 aquarum
1046 2342 1228 2405 multarum

104 2437 357 2520 magnificarum
368 2439 382 2463 ''
397 2449 477 2501 sunt
495 2438 616 2500 Divina
632 2459 721 2500 vera.
767 2437 975 2502 Glorificatio
991 2449 1026 2501 et
1042 2428 1228 2500 celebratio
1253 2520 1254 2524 Ἰ

104 2533 242 2596 Domini
259 2554 303 2595 ex
320 2533 444 2614 gaudio
457 2534 567 2595 cordis
580 2532 779 2594 describitur
792 2534 839 2595 ita
852 2532 930 2595 alibi
946 2533 1035 2612 apud
1050 2531 1227 2606 Davidem,

154 2669 172 2687 ⁴¹
179 2666 302 2715 Sonitum
312 2667 374 2714 edat
384 2681 457 2714 mare
466 2676 493 2714 er
503 2665 641 2728 plenitudo
650 2664 718 2727 ejus,
730 2667 803 2714 orbis
813 2674 841 2715 et
850 2666 1002 2715 habitantes
1012 2666 1039 2715 in
1049 2680 1082 2715 eo
1094 2679 1099 2725 ;
1117 2665 1229 2715 flumina

235 2732 364 2793 plaudant
377 2746 467 2789 manu,
483 2746 536 2778 una
550 2742 656 2779 montes
668 2731 783 2793 jubilent
792 2729 806 2750 '⁹
818 2731 875 2792 (Ps.
888 2732 975 2780 xcviii.
989 2743 1012 2791 7,
1024 2732 1063 2794 8):

104 2882 163 2943 per
186 2861 243 2924 illa
262 2864 364 2924 verba
388 2862 595 2944 significatur
617 2860 820 2943 glorificatio
843 2862 982 2926 Domini
1005 2864 1049 2926 ab
1071 2864 1228 2926 universo

104 2956 218 3020 caelo:
242 2957 444 3037 glorificatio
460 2959 503 3019 ab
519 2957 644 3019 ultimis
660 2957 730 3037 ejus
746 2955 953 3038 significatur
969 2978 1029 3039 per
1042 2957 1227 3020 “Sonitum

104 3053 183 3115 edat
202 3062 345 3114 marcet
365 3052 540 3132 plenitudo
559 3051 628 3131 ejus
643 3052 668 3127 ;”
691 3051 893 3132 glorificatio
911 3072 931 3113 a
950 3061 1026 3114 toto
1043 3051 1139 3114 caelo
1156 3052 1226 3134 sig-

104 3145 256 3209 nificatur
283 3166 342 3226 per
366 3144 549 3208 “Sonitum
575 3146 656 3209 edat
685 3148 774 3208 orbis
801 3157 837 3209 et
864 3147 1058 3208 habitantes
1086 3147 1119 3208 in
1146 3146 1227 3224 eo;”

104 3239 245 3302 “orbis''
271 3238 438 3321 significat
465 3241 654 3301 universum
682 3240 812 3302 caelum
840 3239 950 3322 quoad
978 3260 1057 3303 vera
1086 3238 1166 3320 ejuS,
1190 3249 1227 3304 et

103 3335 326 3398 “habitantes
355 3336 388 3396 in
418 3334 482 3397 eo''
512 3333 703 3415 significant
733 3336 922 3398 universum
953 3334 1083 3398 caelum
1114 3337 1226 3418 quoad

104 3431 191 3493 bona
210 3428 299 3509 ejus;
326 3428 563 3491 “habitatores
574 3428 588 3452 ''
607 3430 639 3490 in
660 3428 777 3491 Verbo
799 3426 991 3510 significant
1015 3429 1090 3493 illos
1113 3432 1168 3513 qui
1191 3432 1225 3494 in

104 3522 198 3588 bonis
217 3524 302 3587 caeli
325 3533 359 3586 et
379 3523 541 3586 ecclesiae
561 3533 649 3597 sunt,
670 3525 717 3586 ita
736 3525 825 3587 bona
844 3525 995 3587 illorum:
1023 3524 1226 3606 glorificatio

103 3620 238 3682 Domini
257 3639 316 3700 per
332 3639 412 3681 vera
427 3639 512 3700 quae
529 3628 607 3680 sunt
626 3618 884 3700 intelligentiae,
902 3628 936 3681 et
957 3639 1015 3699 per
1033 3620 1120 3682 bona
1139 3641 1225 3703 quae

104 3725 179 3777 sunt
194 3715 328 3786 amoris,
346 3712 553 3794 significatur
568 3732 628 3794 per
645 3719 664 3744 ‘⁴
675 3712 830 3775 Flumina
849 3712 1012 3795 plaudant
1030 3733 1142 3790 manu,
1159 3730 1226 3780 una

104 3820 236 3873 montes
259 3806 441 3889 jubilent;’‘
475 3805 662 3870 “flumina''
688 3816 767 3868 sunt
796 3827 875 3868 vera
904 3806 1161 3890 intelligentiae,
1189 3819 1225 3873 et

104 3911 265 3968 “montes
274 3904 290 3928 ”
308 3915 386 3967 sunt
405 3905 494 3967 bona
511 3906 644 3967 amoris.

162 4001 231 4084 [ch]
264 4001 426 4063 Diviuum
443 4000 572 4064 Verum
591 4023 611 4064 a
630 3999 792 4075 Domino,
809 4021 854 4062 ex
874 4020 941 4082 quo
957 4009 1101 4083 recepto
1119 4001 1224 4066 intel-

104 4095 250 4177 ligentia,
265 4093 472 4175 significatur
488 4115 546 4175 per
561 4101 693 4176 “aquas
709 4114 727 4155 e
744 4103 841 4174 petra
856 4093 889 4155 in
903 4092 1060 4157 Chorebo
1071 4093 1087 4119 '’
1101 4092 1224 4176 (Exod.

104 4191 179 4253 xvii.
191 4189 239 4272 6),
260 4189 302 4252 de
322 4211 388 4272 qua
406 4190 454 4252 ita
471 4188 560 4270 apud
579 4187 763 4262 Davidem,

150 4325 168 4347 ⁴·
176 4323 279 4374 Diffidit
291 4333 380 4385 petras
393 4324 420 4373 in
432 4324 548 4381 deserto,
559 4333 586 4372 et
598 4323 689 4372 bibere
702 4322 765 4372 lecit
776 4323 890 4385 abyssos
900 4335 1021 4384 magnas,
1033 4331 1061 4371 et
1073 4320 1164 4370 eduxit
1175 4322 1224 4371 flu-

229 4398 316 4438 entae
326 4400 418 4451 petra;
435 4398 462 4438 et
473 4389 635 4438 descendere
648 4388 710 4437 lecit
722 4402 805 4451 aquas
815 4387 884 4436 sicut
893 4386 1019 4444 flumina;
1037 4386 1168 4448 percussit
1178 4402 1224 4450 pe-

230 4465 335 4505 tramtu
343 4469 428 4519 aquae
435 4464 602 4513 emanarent,
611 4464 638 4503 et
646 4453 719 4503 fluvii
726 4450 905 4503 effluxerunt''
912 4449 1222 4515 (Ps.1xxviii.15,16,2o);
