2684 4988
338 304 423 354 cnr.
441 303 617 364 v1.,vnns.
639 303 764 369 14—n.
780 288 909 373 405[h].
1121 305 1184 371 923

113 472 242 535 montibus
262 482 297 537 et
324 474 359 536 in
379 472 535 547 vallibus,
558 474 613 555 qui
637 483 714 535 sunt
739 474 794 554 qui
821 474 854 535 in
878 472 977 535 malis
1000 493 1045 535 ex
1068 491 1184 535 amore

108 565 144 626 sui
154 576 180 628 et
193 567 299 629 mundi
315 576 351 629 et
369 568 404 629 in
423 565 514 630 salsis
530 567 618 639 inde,
638 565 847 648 significatur
863 587 922 648 per
937 566 1028 648 quod
1046 565 1184 647 “lique-

106 656 160 722 falli
177 662 236 723 sint
259 672 397 724 montes
420 661 482 723 sub
502 660 589 742 Ipso,
611 671 645 722 et
669 659 775 723 valles
798 661 959 722 discissae
983 670 1074 734 sunt,
1094 661 1182 722 sicut

106 773 270 818 ceracoram
284 758 375 838 igne,
385 759 470 820 sicut
481 779 587 839 aquae
597 757 719 820 effusae
731 759 762 819 in
774 758 937 820 descensu
951 757 977 835 ;’'
995 758 1182 822 “montes'’

105 849 260 928 significant
285 851 376 913 mala
399 871 549 914 amorum
572 853 621 913 sui
645 862 678 914 et
704 852 828 924 mundi,
853 861 888 914 et
914 851 1050 915 “valles
1060 852 1075 875 ’¹
1098 851 1182 914 salsa

104 944 173 1021 ltde;
196 947 237 1008 de
256 946 356 1009 malis
374 966 525 1009 amorum
545 947 594 1008 sui
614 957 648 1009 et
669 947 793 1019 mundi,
815 968 900 1028 quae
920 969 978 1028 per
998 955 1163 1010 “montes
1172 948 1189 974 '’

104 1039 311 1119 significantur,
325 1042 448 1104 dicitur
463 1041 552 1123 quod
568 1047 586 1072 “
597 1038 776 1123 liquefadla
791 1043 859 1103 sint
876 1043 962 1104 sicut
979 1061 1056 1104 cera
1069 1062 1183 1105 coram

104 1133 178 1213 igue,”
192 1137 352 1216 quoniam
370 1137 485 1216 “ignis
494 1134 509 1158 ”
525 1133 693 1216 significat
713 1135 789 1196 illos
805 1154 958 1211 amores;
982 1146 1017 1198 et
1034 1137 1077 1198 de
1093 1134 1184 1199 falsis

104 1247 159 1308 rute
171 1228 404 1310 significantur
419 1249 478 1310 per
492 1233 511 1260 “
521 1228 657 1302 valles,”
670 1229 791 1291 dicitur
806 1230 919 1291 “sicut
937 1250 1043 1311 aquae
1060 1228 1183 1293 effusae

104 1321 319 1395 ltdescensu‚”
335 1323 494 1403 quoniam
512 1328 647 1404 “aquae
656 1322 671 1345 ''
688 1322 881 1404 significant
900 1323 1003 1401 salsa;
1031 1324 1120 1405 quod
1140 1324 1184 1386 sit

104 1428 206 1500 ¹ttopter
229 1416 321 1496 mala
344 1426 379 1478 et
402 1415 496 1490 salsa,
515 1427 624 1499 patet,
646 1437 724 1479 nam
748 1417 871 1480 dicitur
896 1423 1063 1499 “propter
1080 1438 1183 1499 prae·

104 1511 312 1574 uricationem
331 1509 448 1592 Jacobi
467 1530 567 1572 omne
589 1509 665 1586 hoc,
685 1520 720 1574 et
742 1521 882 1594 propter
898 1521 1040 1592 peccata
1062 1511 1184 1575 domus

104 1600 231 1668 lsraelis.”
277 1605 382 1687 Apud
402 1604 599 1679 Jeremiam,

127 1748 204 1799 “Vidi
213 1759 320 1805 terram,
335 1758 362 1797 et
374 1763 435 1798 ecce
446 1763 558 1797 vacnum
569 1758 597 1798 et
609 1749 705 1804 inane:
722 1759 750 1798 et
761 1764 854 1798 versus
867 1750 956 1798 caelos
968 1758 995 1798 et
1013 1764 1067 1798 non
1080 1750 1126 1798 lux
1139 1765 1185 1798 eo·

197 1829 271 1871 rum;
290 1815 343 1862 vidi
356 1826 471 1870 montes,
484 1823 512 1863 et
523 1828 583 1862 ecce
595 1824 806 1872 commoventur,
821 1824 847 1863 et
859 1830 954 1863 omnes
966 1815 1048 1863 colles
1060 1826 1185 1864 evertun-

198 1889 254 1936 tur:
273 1879 328 1928 vidi
343 1894 403 1928 cum
418 1894 478 1928 ecce
493 1894 548 1927 non
562 1879 652 1937 homo,
666 1890 693 1928 et
705 1879 793 1928 omnis
807 1880 865 1928 avis
880 1881 945 1928 caeli
959 1881 1102 1929 avolarunt
1110 1879 1124 1899 '⁹
1136 1881 1182 1941 (iv.

198 1948 304 2006 trost:

104 2093 137 2136 ter
153 2077 443 2138 “commotionem
463 2077 629 2139 montium
640 2076 655 2099 ’'
674 2074 883 2157 significatur
903 2073 1088 2139 destrudtio
1107 2075 1183 2139 illo·

104 2187 149 2230 vm
164 2171 215 2252 qui
233 2172 266 2232 in
286 2169 386 2232 malis
404 2171 528 2232 amoris
546 2171 596 2232 sui
615 2180 705 2244 sunt,
726 2179 760 2232 et
780 2191 839 2250 per
857 2171 1094 2233 “eversionem
1111 2170 1183 2233 col·

104 2261 178 2325 ium”
195 2262 381 2328 destrudlio
400 2263 531 2327 illorum
551 2265 658 2347 quiin
682 2265 779 2326 malis
799 2266 922 2327 amoris
945 2265 1071 2338 mundi,
1092 2274 1127 2328 et
1150 2265 1183 2327 in

104 2351 175 2418 ilsis.
224 2373 339 2431 (neuqua
353 2373 479 2417 vitantur
491 2373 609 2430 apuam
621 2386 701 2431 supra,
715 2386 738 2418 n.
754 2358 853 2431 280p]
868 2380 892 2417 er
907 2372 1025 2436 304pJ.)
1078 2357 1183 2438 Apud

104 2441 221 2521 Eretum,

133 2582 245 2647 leltovalt,
259 2587 391 2635 “utinam
403 2600 540 2647 rumperes
552 2585 650 2643 caelos,
663 2585 848 2642 descenderes,
861 2599 952 2633 coram
965 2583 1004 2633 Te
1017 2594 1123 2634 montes
1134 2585 1185 2633 dit-

199 2650 331 2700 lluerent”
344 2652 418 2712 (lxiii.
433 2663 463 2713 19
476 2648 521 2715 [B.
532 2651 568 2700 A.
580 2650 642 2699 lxiv.
657 2647 708 2713 1]):

104 2775 161 2843 laec
182 2783 299 2845 similia
323 2802 400 2845 cum
424 2781 489 2844 illis
512 2801 598 2863 quae
622 2802 721 2862 supra
744 2781 833 2862 apud
857 2778 1030 2843 ¹¹¹Miclram
1055 2779 1143 2863 (cap.
1164 2783 1183 2844 i.

104 2875 154 2956 3-5)
170 2876 369 2959 significant,
389 2896 475 2957 quae
494 2876 667 2957 explicata
683 2887 771 2942 sunt.
817 2875 921 2957 Apud
940 2876 1115 2950 Davidem,

135 3016 267 3080 ‘'Jehorah,
279 3019 379 3066 inclina
396 3017 484 3065 caelos
502 3027 562 3065 tuos
580 3026 606 3065 et
623 3016 766 3073 descende,
778 3026 858 3078 tange
871 3027 977 3065 montes
995 3025 1024 3065 ut
1041 3016 1183 3078 fumigent,

198 3085 288 3133 emitte
301 3083 405 3132 tulmen
417 3092 444 3131 et
455 3083 577 3145 disperge
590 3083 650 3130 illos
660 3081 674 3100 ''
686 3082 742 3143 (Ps.
753 3082 832 3130 cxliv.
845 3093 868 3141 5,
880 3082 921 3141 6):

104 3225 142 3287 pet
164 3214 350 3279 “inclinare
381 3213 494 3276 caelos
520 3224 555 3277 et
582 3213 790 3276 descendere
801 3212 816 3237 ”
839 3213 947 3275 simile
975 3211 1184 3294 significatur

104 3309 165 3383 qvod
193 3331 292 3392 supra
325 3330 385 3391 per
420 3316 603 3389 “rumpere
639 3307 754 3370 caelos
787 3316 822 3370 et
855 3307 1093 3383 descendere,”
1127 3330 1186 3390 per

104 3401 194 3466 “exire
216 3426 234 3468 e
258 3403 336 3467 loco
352 3423 424 3476 suo,
445 3401 650 3465 descendere
673 3413 708 3464 et
732 3400 864 3464 calcare
887 3400 1025 3464 excelsa
1045 3403 1185 3476 terrae,”

104 3506 191 3578 nempe
208 3500 346 3561 visitare
362 3507 398 3560 et
414 3496 582 3577 judicare:
607 3517 666 3577 per
684 3502 855 3577 “tangere
872 3506 1007 3558 montes
1027 3508 1063 3559 ut
1087 3496 1184 3559 sumi·

104 3590 180 3663 μηθ’
199 3591 408 3674 significatur
435 3609 493 3671 per
520 3591 747 3671 praesentiam
771 3590 945 3653 destruere
973 3589 1050 3653 illos
1073 3592 1128 3672 qui
1152 3592 1185 3653 in

104 3682 171 3746 uatis
186 3705 336 3750 amorum
353 3687 403 3748 sui
422 3698 457 3747 et
477 3685 592 3747 mundi
610 3694 700 3757 sunt,
721 3694 755 3748 et
775 3686 853 3748 inde
870 3686 902 3747 in
919 3686 1031 3762 salsis;
1058 3686 1183 3747 “sumi-

104 3779 176 3850 Μ’
190 3779 355 3862 significat
374 3781 465 3842 mitti
483 3781 516 3842 in
536 3779 626 3842 mala
645 3799 796 3842 amorum
814 3780 946 3842 illorum
964 3782 1049 3843 etin
1068 3801 1184 3843 eorum

105 3863 171 3946 falsa,
185 3897 259 3939 nam
277 3874 420 3956 “ignis’'
439 3874 605 3956 significat
623 3895 755 3937 amores
772 3874 848 3937 illos
865 3885 899 3937 et
922 3874 1082 3937 “fumus”
1101 3874 1184 3937 falsa

106 3976 203 4030 torum:
226 3992 285 4052 per
305 3970 459 4031 “emitte
478 3969 603 4030 sulmen
623 3979 657 4031 et
682 3969 838 4049 disperge
859 3968 934 4030 illos
943 3968 958 3993 ”
977 3968 1185 4050 significatur

107 4048 227 4126 Divinum
250 4065 379 4127 Verum
408 4083 467 4144 per
490 4063 579 4145 quod
604 4063 820 4144 dissipantur,
841 4083 919 4124 nam
948 4084 1006 4144 per
1025 4083 1184 4145 praesen-

109 4147 165 4215 llatn
180 4157 282 4222 Divini
299 4157 382 4220 Veri
403 4157 598 4219 revelantur
614 4155 704 4218 mala
722 4166 757 4218 et
776 4155 870 4228 salsa,
889 4166 923 4219 et
943 4178 988 4220 ex
1008 4157 1184 4220 collisione

110 4247 163 4307 tnnc
177 4262 330 4334 apparent
350 4253 437 4314 sicut
456 4250 604 4313 fulmina.
650 4249 753 4331 Apud
772 4249 898 4325 Mosen,
