2684 4988
306 517 400 568 car.
416 476 472 579 vi,
489 514 591 565 vans.
608 502 716 565 8.-Ν.
734 497 854 583 388[e].
1075 495 1141 580 ⁸¹7

104 710 165 751 :are
192 699 326 770 potest
353 686 434 770 quid
459 707 517 769 per
535 684 667 766 singula
690 685 733 747 ibi
761 685 793 747 in
817 683 903 746 serie
926 680 1139 762 intelligitur.

104 783 233 845 “seram
259 781 421 846 malam”
442 779 677 860 intelliguntur
700 798 819 842 omnes
846 778 977 841 bestiae
1001 776 1138 849 noxiae,
1165 818 1167 823 ·
1250 809 1253 817 ·

119 879 270 958 rapiunt,
293 876 492 939 discindunt
511 873 669 936 animalia
685 873 785 946 bona,
802 873 890 935 sicut
906 890 1026 951 agnos,
1047 889 1139 943 oves,

104 991 185 1041 ocos.
203 971 319 1034 boves
338 981 375 1033 et
392 979 523 1044 cetera;
548 976 727 1049 quaesunt
745 965 873 1038 leones,
891 965 969 1037 ursi,
987 964 1139 1044 tigrides,

104 1064 184 1137 heri,
209 1067 297 1147 apri,
319 1063 399 1145 lupi,
419 1063 593 1135 dracones¹
614 1071 792 1142 serpentes
812 1070 846 1122 et
870 1057 993 1140 plures
1039 1056 1140 1138 Quod

106 1158 163 1220 llas
178 1158 280 1233 seras,
295 1169 331 1221 et
349 1159 382 1220 in
395 1177 520 1238 genere
533 1177 592 1238 per
607 1161 625 1187 ‘⁸
635 1155 737 1217 ieram
752 1153 894 1216 malam”
907 1150 1141 1234 significantur

106 1253 228 1315 ditates
252 1253 417 1315 oriundae
445 1270 628 1313 examore
656 1251 705 1312 sui
733 1259 768 1312 et
796 1248 923 1321 mundi,
948 1267 993 1310 ex
1020 1246 1140 1328 quibus

104 1345 241 1409 lamala
257 1348 352 1409 vitae
370 1355 407 1409 et
425 1344 510 1407 l'alsa
526 1342 710 1417 doctrinae,
732 1353 785 1406 est
805 1364 850 1406 ex
869 1341 1139 1422 corresponden-

108 1449 139 1502 ut
156 1451 316 1528 constare
336 1449 453 1520 potest
472 1459 517 1501 ex
536 1439 742 1519 apparentiis
759 1438 791 1500 in
810 1436 937 1498 mundo
954 1434 1138 1516 spirituali:
1183 1438 1187 1446 “

105 1553 214 1596 omnes
241 1534 449 1615 cupiditates
480 1532 559 1595 mali
587 1543 621 1595 et
649 1531 723 1594 salsi
746 1539 913 1612 apparent
937 1530 1025 1592 sicut
1048 1529 1139 1592 serae

104 1627 283 1708 igeneris;
315 1637 396 1690 sunt
422 1627 526 1690 'etiarn
555 1625 613 1700 illi,
639 1647 683 1688 ex
708 1626 826 1708 quibus
851 1623 935 1687 talia
961 1634 1138 1704 apparent,

104 1721 154 1783 iles
174 1721 261 1794 feris,
286 1741 456 1784 summurn
481 1723 570 1783 enirn
600 1739 715 1783 eorum
741 1719 927 1800 jucundum
951 1729 1004 1780 est
1032 1718 1140 1780 bonos
1187 1774 1192 1786 ,

105 1816 167 1877 redi
182 1825 216 1878 et
230 1816 373 1897 perdere
388 1836 395 1892 ;
420 1814 484 1877 hoc
498 1814 681 1894 jucundum
698 1824 751 1876 est
764 1813 948 1894 jucundum
966 1811 1138 1886 infernale,

104 1910 176 1971 inest
198 1910 373 1972 amoribus
400 1911 449 1971 sui
476 1919 512 1972 et
536 1908 662 1982 mundi,
688 1910 721 1971 in
751 1908 872 1989 quibus
895 1917 973 1970 sunt
1002 1906 1139 1969 inferna.

110 2002 155 2064 his
169 2016 328 2067 constare
346 2014 461 2085 potest
478 2003 566 2066 unde
582 2014 635 2066 est
654 2003 744 2084 quod
762 2021 821 2084 per
839 2008 858 2033 ‘⁴
869 2001 972 2064 leram
991 2002 1116 2065 malam
1126 2002 1140 2027 ''

104 2115 201 2172 [encre
220 2096 456 2178 significentur
474 2096 564 2159 mala
581 2099 684 2169 vitae,
705 2117 765 2159 seu
784 2096 989 2178 cupiditates
1008 2106 1043 2159 et
1062 2097 1140 2159 inde

104 2191 190 2254 itates
206 2192 368 2254 oriundae
385 2212 429 2254 ex
446 2192 615 2254 amoribus
634 2193 683 2253 sui
700 2201 735 2253 et
753 2191 877 2264 mundi,
895 2211 982 2272 quae
1000 2200 1140 2277 yastant

104 2285 141 2345 ria
157 2285 321 2348 ecclesiae
341 2286 431 2366 apud
451 2285 633 2348 hominem.

104 2377 149 2462 [a]
179 2380 359 2444 Hadtenus
385 2402 429 2444 ex
452 2380 571 2443 Verbo
597 2391 773 2443 ostensum
801 2389 854 2442 est
881 2380 971 2463 quod
997 2379 1140 2443 “ferae”

104 2470 213 2536 ificent
237 2475 444 2555 cupiditates
464 2473 571 2535 malas
594 2493 633 2535 ac
658 2473 836 2546 falsitates,
857 2474 890 2534 in
915 2474 1027 2554 specie
1047 2475 1139 2555 cupi·

104 2575 152 2628 ,tes
181 2568 345 2649 perdendi
376 2578 410 2630 et
437 2568 634 2629 destruendi
664 2567 753 2628 bona
785 2578 819 2630 et
847 2588 925 2629 vera
955 2588 1015 2648 per
1044 2567 1138 2642 falsa,

108 2662 201 2724 vitam
233 2662 444 2743 spiritualem
475 2661 647 2738 hominis;
684 2681 770 2724 nunc
804 2663 907 2723 etiam
940 2661 1141 2724 ostendetur

104 2754 119 2814 d
141 2757 278 2819 “serae”
302 2758 407 2819 etiam
434 2758 466 2819 in
492 2755 609 2818 Verbo
634 2755 825 2836 significent
851 2754 1046 2818 affectiones
1071 2759 1140 2819 veri

104 2852 169 2924 roni,
195 2872 281 2933 quae
306 2861 386 2913 sunt
411 2852 589 2932 oppositae
612 2848 844 2913 allectionibus
869 2850 942 2912 salsi
967 2871 1011 2912 ex
1037 2850 1138 2922 malo

104 2946 334 3026 ecupiditates
353 2955 527 3006 vocantur.
574 2942 684 3006 Causa
700 2944 790 3025 quod
812 2944 952 3007 “serae'’
970 2945 1003 3007 in
1025 2943 1140 3007 Verbo

104 3057 128 3099 m
152 3037 351 3102 affectiones
381 3039 450 3100 veri
477 3048 513 3100 et
547 3038 627 3100 boni
654 3038 857 3118 significent,
886 3048 939 3102 est
967 3040 1044 3119 quia
1071 3061 1140 3101 vox

104 3152 150 3213 pra
167 3135 435 3196 denominantur
457 3143 492 3196 et
509 3143 686 3206 vocantur,
705 3134 736 3195 in
762 3133 876 3215 lingua
896 3132 1050 3214 originali
1071 3136 1140 3215 sig·

105 3237 136 3289 at
158 3228 275 3300 vitam,
303 3226 423 3289 “sera'’
446 3228 536 3289 enirn
560 3228 593 3288 in
621 3226 679 3288 illa
708 3227 822 3308 lingua
844 3238 986 3290 vocatur
1009 3226 1140 3309 chasolr,

104 3320 197 3403 taJ'ah
224 3320 396 3402 significat
422 3321 537 3393 vitam,
562 3342 601 3383 ac
633 3323 665 3383 in
695 3319 872 3385 allectione
900 3323 969 3384 veri
996 3333 1031 3384 et
1060 3322 1139 3383 boni

104 3417 169 3497 ipsa
192 3419 263 3479 vita
287 3414 472 3497 spiritualis
496 3416 644 3493 homini;
677 3428 884 3499 quapropter
911 3417 990 3478 dum
1016 3417 1139 3479 “iera''

104 3529 167 3571 ono
190 3509 255 3571 hoc
275 3529 376 3571 sensu
396 3510 589 3572 nominatur
607 3511 639 3570 in
661 3509 786 3585 Verbo,
808 3512 920 3592 potius
939 3512 1141 3574 vertendum

104 3603 251 3664 icendum
269 3612 324 3664 est
339 3601 474 3674 animal,
494 3602 583 3684 quod
601 3603 768 3684 significat
782 3607 930 3666 animam
946 3606 1139 3667 viventem.

104 3716 151 3758 urn
170 3698 202 3758 in
223 3697 288 3758 hoc
309 3715 410 3757 sensu
430 3697 555 3759 dicitur
577 3697 705 3771 “sera‚''
726 3709 805 3785 uine
826 3700 965 3760 omnino
984 3700 1142 3761 exuenda

104 3789 172 3852 idea
195 3812 282 3873 quae
309 3790 476 3853 adhaeret
496 3792 571 3853 voci
596 3791 683 3854 serae
707 3793 739 3854 in
764 3791 879 3873 lingua
904 3792 1037 3868 Latina,
1064 3813 1142 3855 narn

122 3883 206 3948 serae
230 3887 265 3947 in
289 3885 356 3947 hac
381 3884 496 3967 lingua
519 3885 682 3948 adhaeret
707 3887 781 3949 idea
802 3887 860 3949 seri
883 3898 918 3950 et
942 3887 1072 3962 serociS,
1094 3890 1142 3950 ita

104 3978 246 4041 ‚sinistra
268 3988 303 4041 et
323 3978 433 4056 mala;
458 3979 558 4042 aliter
570 3981 603 4041 in
621 3980 735 4061 lingua
754 3980 922 4054 Hebraea,
941 3981 996 4043 ubi
1018 3981 1142 4044 “sera''

104 4069 189 4135 rificat
205 4075 323 4147 vitam,
343 4083 378 4135 et
395 4075 426 4135 in
444 4095 569 4155 genere
582 4075 729 4136 animam
743 4077 915 4137 viventem
933 4096 991 4138 seu
1004 4076 1141 4137 animal.

104 4181 149 4226 roc
160 4187 254 4230 sensu
269 4166 440 4249 “chasab”
457 4190 516 4232 seu
536 4169 633 4232 “sera
643 4169 737 4240 ”non
753 4171 866 4231 vocari
885 4181 1001 4251 potest
1019 4170 1140 4240 bestia,

104 4258 183 4322 niam
201 4264 327 4342 passim
351 4265 384 4323 in
405 4262 520 4326 Verbo
539 4264 662 4325 dicitur
683 4264 778 4326 “sera
802 4274 837 4325 et
862 4264 1000 4336 bestia,''
1020 4275 1055 4326 et
1081 4285 1140 4345 per

104 4353 181 4414 Μ’
192 4355 234 4418 ibi
246 4355 458 4438 significatur
471 4355 603 4420 affectio
617 4359 685 4419 veri
702 4369 737 4420 et
751 4379 809 4439 per
824 4364 842 4388 “
852 4358 997 4419 bestiam
1007 4357 1021 4379 '¹
1035 4356 1135 4418 affec-

111 4439 179 4508 boni.
222 4449 311 4532 Quia
335 4449 453 4514 “sera''
470 4472 527 4514 seu
549 4451 720 4533 “charsith”
735 4453 768 4514 in
785 4452 944 4533 opposito
958 4451 1022 4513 hoc
1041 4469 1143 4511 sensu
