<?xml version="1.0" encoding="UTF-8"?>
<!DOCTYPE html PUBLIC "-//W3C//DTD XHTML 1.0 Transitional//EN"
    "http://www.w3.org/TR/xhtml1/DTD/xhtml1-transitional.dtd">
<html xmlns="http://www.w3.org/1999/xhtml" xml:lang="en" lang="en">
 <head>
  <title>
</title>
<meta http-equiv="Content-Type" content="text/html;charset=utf-8" />
  <meta name='ocr-system' content='tesseract 3.04.00' />
  <meta name='ocr-capabilities' content='ocr_page ocr_carea ocr_par ocr_line ocrx_word'/>
</head>
<body>
  <div class='ocr_page' id='page_1' title='image "./apocalypsisexpl00swedgoog_0392.png"; bbox 0 0 2684 4988; ppageno 0'>
   <div class='ocr_carea' id='block_1_1' title="bbox 120 470 924 554">
    <p class='ocr_par' dir='ltr' id='par_1_1' title="bbox 120 470 924 554">
     <span class='ocr_line' id='line_1_1' title="bbox 120 470 924 554; baseline 0.002 -18"><span class='ocrx_word' id='word_1_1' title='bbox 120 470 200 554; x_wconf 80' lang='lat'><strong>1056</strong></span> <span class='ocrx_word' id='word_1_2' title='bbox 426 484 675 537; x_wconf 77' lang='lat' dir='ltr'>APOCALYPSIS</span> <span class='ocrx_word' id='word_1_3' title='bbox 697 487 924 538; x_wconf 79' lang='lat' dir='ltr'><strong>EXPLICATA.</strong></span> 
     </span>
    </p>
   </div>
   <div class='ocr_carea' id='block_1_2' title="bbox 114 655 1187 927">
    <p class='ocr_par' dir='ltr' id='par_1_2' title="bbox 114 655 1187 927">
     <span class='ocr_line' id='line_1_2' title="bbox 114 655 1187 740; baseline -0.001 -21"><span class='ocrx_word' id='word_1_4' title='bbox 114 656 170 738; x_wconf 91' lang='lat' dir='ltr'>qui</span> <span class='ocrx_word' id='word_1_5' title='bbox 193 676 350 719; x_wconf 91' lang='lat' dir='ltr'>numerus</span> <span class='ocrx_word' id='word_1_6' title='bbox 373 666 426 720; x_wconf 89' lang='lat' dir='ltr'>est</span> <span class='ocrx_word' id='word_1_7' title='bbox 451 672 487 720; x_wconf 87' lang='lat'>12</span> <span class='ocrx_word' id='word_1_8' title='bbox 510 658 543 719; x_wconf 93' lang='lat' dir='ltr'>in</span> <span class='ocrx_word' id='word_1_9' title='bbox 567 672 602 720; x_wconf 87' lang='lat'>12</span> <span class='ocrx_word' id='word_1_10' title='bbox 626 655 884 739; x_wconf 89' lang='lat' dir='ltr'>multiplicatus,</span> <span class='ocrx_word' id='word_1_11' title='bbox 905 658 939 721; x_wconf 92' lang='lat' dir='ltr'>in</span> <span class='ocrx_word' id='word_1_12' title='bbox 958 656 1151 740; x_wconf 86' lang='lat' dir='ltr'>sequentibus</span> <span class='ocrx_word' id='word_1_13' title='bbox 1165 657 1187 719; x_wconf 91' lang='lat' dir='ltr'>in</span> 
     </span>
     <span class='ocr_line' id='line_1_3' title="bbox 114 749 1187 832; baseline -0.001 -20"><span class='ocrx_word' id='word_1_14' title='bbox 114 749 328 832; x_wconf 78' lang='lat' dir='ltr'><em>Apocalypsi,</em></span> <span class='ocrx_word' id='word_1_15' title='bbox 349 751 404 814; x_wconf 93' lang='lat' dir='ltr'>ubi</span> <span class='ocrx_word' id='word_1_16' title='bbox 425 753 545 815; x_wconf 91' lang='lat' dir='ltr'>civitas</span> <span class='ocrx_word' id='word_1_17' title='bbox 569 751 669 814; x_wconf 91' lang='lat' dir='ltr'>Nova</span> <span class='ocrx_word' id='word_1_18' title='bbox 693 750 934 832; x_wconf 90' lang='lat' dir='ltr'>Hierosolyma</span> <span class='ocrx_word' id='word_1_19' title='bbox 953 753 1133 814; x_wconf 80' lang='lat' dir='ltr'>describitur</span> <span class='ocrx_word' id='word_1_20' title='bbox 1148 770 1187 832; x_wconf 83' lang='lat' dir='ltr'>per</span> 
     </span>
     <span class='ocr_line' id='line_1_4' title="bbox 115 846 1167 927; baseline -0.001 -20"><span class='ocrx_word' id='word_1_21' title='bbox 115 864 289 908; x_wconf 84' lang='lat' dir='ltr'>mensuras</span> <span class='ocrx_word' id='word_1_22' title='bbox 308 847 341 908; x_wconf 94' lang='lat' dir='ltr'>in</span> <span class='ocrx_word' id='word_1_23' title='bbox 362 847 528 924; x_wconf 90' lang='lat' dir='ltr'>numeris;</span> <span class='ocrx_word' id='word_1_24' title='bbox 552 847 595 909; x_wconf 91' lang='lat' dir='ltr'>de</span> <span class='ocrx_word' id='word_1_25' title='bbox 615 846 707 927; x_wconf 91' lang='lat' dir='ltr'>cujus</span> <span class='ocrx_word' id='word_1_26' title='bbox 726 848 810 910; x_wconf 92' lang='lat' dir='ltr'>muri</span> <span class='ocrx_word' id='word_1_27' title='bbox 830 866 988 910; x_wconf 90' lang='lat' dir='ltr'>mensura</span> <span class='ocrx_word' id='word_1_28' title='bbox 1006 847 1052 910; x_wconf 90' lang='lat' dir='ltr'>ita</span> <span class='ocrx_word' id='word_1_29' title='bbox 1069 847 1167 917; x_wconf 87' lang='lat' dir='ltr'>dicitur,</span> 
     </span>
    </p>
   </div>
   <div class='ocr_carea' id='block_1_3' title="bbox 166 978 1185 1110">
    <p class='ocr_par' dir='ltr' id='par_1_3' title="bbox 166 978 1185 1110">
     <span class='ocr_line' id='line_1_5' title="bbox 166 978 1185 1044; baseline -0.003 -15"><span class='ocrx_word' id='word_1_30' title='bbox 166 982 184 1003; x_wconf 82' lang='lat'>⁴¹</span> <span class='ocrx_word' id='word_1_31' title='bbox 193 978 307 1029; x_wconf 82' lang='lat' dir='ltr'>Mensus</span> <span class='ocrx_word' id='word_1_32' title='bbox 319 989 361 1029; x_wconf 87' lang='lat' dir='ltr'>est</span> <span class='ocrx_word' id='word_1_33' title='bbox 372 994 479 1028; x_wconf 90' lang='lat' dir='ltr'>murum</span> <span class='ocrx_word' id='word_1_34' title='bbox 492 979 551 1042; x_wconf 85' lang='lat' dir='ltr'>ejus</span> <span class='ocrx_word' id='word_1_35' title='bbox 563 989 671 1044; x_wconf 88' lang='lat' dir='ltr'>centum</span> <span class='ocrx_word' id='word_1_36' title='bbox 681 980 859 1043; x_wconf 80' lang='lat' dir='ltr'>quadraginta</span> <span class='ocrx_word' id='word_1_37' title='bbox 868 989 984 1044; x_wconf 88' lang='lat' dir='ltr'>quatuor</span> <span class='ocrx_word' id='word_1_38' title='bbox 995 981 1133 1036; x_wconf 84' lang='lat' dir='ltr'>cubitorum,</span> <span class='ocrx_word' id='word_1_39' title='bbox 1141 991 1185 1041; x_wconf 79' lang='lat' dir='ltr'>quae</span> 
     </span>
     <span class='ocr_line' id='line_1_6' title="bbox 245 1045 1048 1110; baseline 0.002 -17"><span class='ocrx_word' id='word_1_40' title='bbox 245 1054 286 1093; x_wconf 88' lang='lat' dir='ltr'>est</span> <span class='ocrx_word' id='word_1_41' title='bbox 298 1059 425 1094; x_wconf 80' lang='lat' dir='ltr'>mensura</span> <span class='ocrx_word' id='word_1_42' title='bbox 436 1046 564 1103; x_wconf 82' lang='lat' dir='ltr'>hominis,</span> <span class='ocrx_word' id='word_1_43' title='bbox 578 1047 630 1094; x_wconf 88' lang='lat' dir='ltr'>boc</span> <span class='ocrx_word' id='word_1_44' title='bbox 642 1055 692 1104; x_wconf 81' lang='lat' dir='ltr'>est,</span> <span class='ocrx_word' id='word_1_45' title='bbox 706 1046 795 1108; x_wconf 81' lang='lat' dir='ltr'>angeli</span> <span class='ocrx_word' id='word_1_46' title='bbox 804 1045 819 1064; x_wconf 90' lang='lat'>&#39;&#39;</span> <span class='ocrx_word' id='word_1_47' title='bbox 831 1047 917 1110; x_wconf 69' lang='lat' dir='ltr'>(Aple.</span> <span class='ocrx_word' id='word_1_48' title='bbox 929 1046 983 1095; x_wconf 80' lang='lat' dir='ltr'>xxi.</span> <span class='ocrx_word' id='word_1_49' title='bbox 997 1050 1048 1105; x_wconf 86' lang='lat'>17):</span> 
     </span>
    </p>
   </div>
   <div class='ocr_carea' id='block_1_4' title="bbox 107 1168 1201 4380">
    <p class='ocr_par' dir='ltr' id='par_1_4' title="bbox 107 1168 1191 4076">
     <span class='ocr_line' id='line_1_7' title="bbox 115 1168 1185 1253; baseline -0.005 -20"><span class='ocrx_word' id='word_1_50' title='bbox 115 1190 174 1251; x_wconf 90' lang='lat' dir='ltr'>per</span> <span class='ocrx_word' id='word_1_51' title='bbox 185 1170 389 1233; x_wconf 87' lang='lat' dir='ltr'>“civitatem</span> <span class='ocrx_word' id='word_1_52' title='bbox 404 1169 704 1251; x_wconf 88' lang='lat' dir='ltr'>Hierosolymam”</span> <span class='ocrx_word' id='word_1_53' title='bbox 714 1170 759 1233; x_wconf 93' lang='lat' dir='ltr'>ibi</span> <span class='ocrx_word' id='word_1_54' title='bbox 772 1169 981 1253; x_wconf 86' lang='lat' dir='ltr'>significatur</span> <span class='ocrx_word' id='word_1_55' title='bbox 991 1192 1074 1233; x_wconf 91' lang='lat' dir='ltr'>nova</span> <span class='ocrx_word' id='word_1_56' title='bbox 1083 1168 1185 1232; x_wconf 84' lang='lat' dir='ltr'>ecclesia</span> 
     </span>
     <span class='ocr_line' id='line_1_8' title="bbox 114 1262 1186 1348; baseline -0.006 -22"><span class='ocrx_word' id='word_1_57' title='bbox 114 1285 133 1326; x_wconf 90' lang='lat' dir='ltr'>a</span> <span class='ocrx_word' id='word_1_58' title='bbox 153 1263 302 1327; x_wconf 92' lang='lat' dir='ltr'>Domino</span> <span class='ocrx_word' id='word_1_59' title='bbox 321 1264 552 1340; x_wconf 91' lang='lat' dir='ltr'>instauranda,</span> <span class='ocrx_word' id='word_1_60' title='bbox 573 1275 608 1328; x_wconf 91' lang='lat' dir='ltr'>et</span> <span class='ocrx_word' id='word_1_61' title='bbox 628 1265 699 1346; x_wconf 88' lang='lat' dir='ltr'>ejus</span> <span class='ocrx_word' id='word_1_62' title='bbox 717 1263 892 1341; x_wconf 70' lang='lat' dir='ltr'>doctrina;</span> <span class='ocrx_word' id='word_1_63' title='bbox 920 1287 1022 1348; x_wconf 92' lang='lat' dir='ltr'>quare</span> <span class='ocrx_word' id='word_1_64' title='bbox 1040 1286 1092 1346; x_wconf 88' lang='lat' dir='ltr'>per</span> <span class='ocrx_word' id='word_1_65' title='bbox 1107 1262 1186 1326; x_wconf 84' lang='lat' dir='ltr'>onnia</span> 
     </span>
     <span class='ocr_line' id='line_1_9' title="bbox 113 1357 1185 1442; baseline -0.003 -23"><span class='ocrx_word' id='word_1_66' title='bbox 113 1357 171 1420; x_wconf 92' lang='lat' dir='ltr'>illa</span> <span class='ocrx_word' id='word_1_67' title='bbox 194 1379 280 1440; x_wconf 86' lang='lat' dir='ltr'>quae</span> <span class='ocrx_word' id='word_1_68' title='bbox 304 1369 546 1434; x_wconf 85' lang='lat' dir='ltr'>memorantur,</span> <span class='ocrx_word' id='word_1_69' title='bbox 571 1370 608 1423; x_wconf 91' lang='lat' dir='ltr'>ut</span> <span class='ocrx_word' id='word_1_70' title='bbox 633 1381 692 1442; x_wconf 89' lang='lat' dir='ltr'>per</span> <span class='ocrx_word' id='word_1_71' title='bbox 716 1360 906 1434; x_wconf 75' lang='lat' dir='ltr'>“murum”</span> <span class='ocrx_word' id='word_1_72' title='bbox 925 1381 984 1442; x_wconf 91' lang='lat' dir='ltr'>per</span> <span class='ocrx_word' id='word_1_73' title='bbox 1004 1357 1147 1442; x_wconf 85' lang='lat' dir='ltr'>“portas&#39;&#39;</span> <span class='ocrx_word' id='word_1_74' title='bbox 1163 1365 1185 1417; x_wconf 86' lang='lat' dir='ltr'>et</span> 
     </span>
     <span class='ocr_line' id='line_1_10' title="bbox 114 1451 1185 1536; baseline -0.004 -22"><span class='ocrx_word' id='word_1_75' title='bbox 114 1471 173 1532; x_wconf 90' lang='lat' dir='ltr'>per</span> <span class='ocrx_word' id='word_1_76' title='bbox 193 1452 467 1516; x_wconf 83' lang='lat' dir='ltr'>“fundamenta”</span> <span class='ocrx_word' id='word_1_77' title='bbox 486 1452 724 1534; x_wconf 85' lang='lat' dir='ltr'>intelliguntur</span> <span class='ocrx_word' id='word_1_78' title='bbox 744 1453 826 1516; x_wconf 88' lang='lat' dir='ltr'>talia</span> <span class='ocrx_word' id='word_1_79' title='bbox 845 1475 932 1536; x_wconf 92' lang='lat' dir='ltr'>quae</span> <span class='ocrx_word' id='word_1_80' title='bbox 956 1466 1033 1516; x_wconf 86' lang='lat' dir='ltr'>sunt</span> <span class='ocrx_word' id='word_1_81' title='bbox 1053 1451 1185 1521; x_wconf 84' lang='lat' dir='ltr'>ecclesiae,</span> 
     </span>
     <span class='ocr_line' id='line_1_11' title="bbox 114 1536 1186 1629; baseline -0.006 -21"><span class='ocrx_word' id='word_1_82' title='bbox 114 1536 253 1626; x_wconf 82' lang='lat' dir='ltr'>proinde</span> <span class='ocrx_word' id='word_1_83' title='bbox 267 1546 451 1628; x_wconf 88' lang='lat' dir='ltr'>spiritualia</span> <span class='ocrx_word' id='word_1_84' title='bbox 464 1569 471 1623; x_wconf 94' lang='lat'>;</span> <span class='ocrx_word' id='word_1_85' title='bbox 492 1558 526 1610; x_wconf 92' lang='lat' dir='ltr'>et</span> <span class='ocrx_word' id='word_1_86' title='bbox 540 1549 617 1629; x_wconf 90' lang='lat' dir='ltr'>quia</span> <span class='ocrx_word' id='word_1_87' title='bbox 630 1547 775 1611; x_wconf 92' lang='lat' dir='ltr'>ecclesia</span> <span class='ocrx_word' id='word_1_88' title='bbox 787 1558 821 1610; x_wconf 92' lang='lat' dir='ltr'>et</span> <span class='ocrx_word' id='word_1_89' title='bbox 835 1547 905 1629; x_wconf 91' lang='lat' dir='ltr'>ejus</span> <span class='ocrx_word' id='word_1_90' title='bbox 918 1546 1069 1610; x_wconf 75' lang='lat' dir='ltr'>dodirina</span> <span class='ocrx_word' id='word_1_91' title='bbox 1080 1549 1106 1608; x_wconf 92' lang='lat' dir='ltr'>in</span> <span class='ocrx_word' id='word_1_92' title='bbox 1117 1562 1186 1607; x_wconf 87' lang='lat' dir='ltr'>sensu</span> 
     </span>
     <span class='ocr_line' id='line_1_12' title="bbox 113 1639 1186 1723; baseline -0.004 -22"><span class='ocrx_word' id='word_1_93' title='bbox 113 1639 249 1703; x_wconf 88' lang='lat' dir='ltr'>litterae</span> <span class='ocrx_word' id='word_1_94' title='bbox 265 1641 466 1704; x_wconf 87' lang='lat' dir='ltr'>describitur</span> <span class='ocrx_word' id='word_1_95' title='bbox 482 1662 541 1723; x_wconf 90' lang='lat' dir='ltr'>per</span> <span class='ocrx_word' id='word_1_96' title='bbox 559 1641 834 1723; x_wconf 86' lang='lat' dir='ltr'>Hierosolymam</span> <span class='ocrx_word' id='word_1_97' title='bbox 851 1644 1038 1715; x_wconf 89' lang='lat' dir='ltr'>civitatem,</span> <span class='ocrx_word' id='word_1_98' title='bbox 1057 1653 1087 1704; x_wconf 89' lang='lat' dir='ltr'>et</span> <span class='ocrx_word' id='word_1_99' title='bbox 1101 1639 1186 1702; x_wconf 86' lang='lat' dir='ltr'>civius</span> 
     </span>
     <span class='ocr_line' id='line_1_13' title="bbox 113 1735 1187 1818; baseline -0.007 -22"><span class='ocrx_word' id='word_1_100' title='bbox 113 1744 165 1796; x_wconf 90' lang='lat' dir='ltr'>est</span> <span class='ocrx_word' id='word_1_101' title='bbox 179 1735 424 1810; x_wconf 84' lang='lat' dir='ltr'>mensurabilis,</span> <span class='ocrx_word' id='word_1_102' title='bbox 438 1736 515 1799; x_wconf 93' lang='lat' dir='ltr'>ideo</span> <span class='ocrx_word' id='word_1_103' title='bbox 528 1736 715 1818; x_wconf 87' lang='lat' dir='ltr'>spiritualia</span> <span class='ocrx_word' id='word_1_104' title='bbox 731 1736 819 1799; x_wconf 91' lang='lat' dir='ltr'>illius</span> <span class='ocrx_word' id='word_1_105' title='bbox 831 1736 996 1799; x_wconf 86' lang='lat' dir='ltr'>ecclesiae</span> <span class='ocrx_word' id='word_1_106' title='bbox 1009 1738 1187 1816; x_wconf 84' lang='lat' dir='ltr'>designantur</span> 
     </span>
     <span class='ocr_line' id='line_1_14' title="bbox 113 1830 1185 1912; baseline -0.004 -22"><span class='ocrx_word' id='word_1_107' title='bbox 113 1848 172 1909; x_wconf 91' lang='lat' dir='ltr'>per</span> <span class='ocrx_word' id='word_1_108' title='bbox 185 1849 359 1892; x_wconf 87' lang='lat' dir='ltr'>mensuras</span> <span class='ocrx_word' id='word_1_109' title='bbox 376 1831 408 1892; x_wconf 94' lang='lat' dir='ltr'>in</span> <span class='ocrx_word' id='word_1_110' title='bbox 423 1832 579 1905; x_wconf 90' lang='lat' dir='ltr'>numeris,</span> <span class='ocrx_word' id='word_1_111' title='bbox 593 1851 632 1894; x_wconf 92' lang='lat' dir='ltr'>ac</span> <span class='ocrx_word' id='word_1_112' title='bbox 647 1851 760 1894; x_wconf 85' lang='lat' dir='ltr'>murus</span> <span class='ocrx_word' id='word_1_113' title='bbox 772 1830 842 1911; x_wconf 85' lang='lat' dir='ltr'>ejus</span> <span class='ocrx_word' id='word_1_114' title='bbox 858 1851 917 1912; x_wconf 91' lang='lat' dir='ltr'>per</span> <span class='ocrx_word' id='word_1_115' title='bbox 931 1849 1098 1893; x_wconf 92' lang='lat' dir='ltr'>numerum</span> <span class='ocrx_word' id='word_1_116' title='bbox 1110 1835 1185 1888; x_wconf 86' lang='lat' dir='ltr'>“ceu-</span> 
     </span>
     <span class='ocr_line' id='line_1_15' title="bbox 113 1924 1186 2007; baseline -0.007 -21"><span class='ocrx_word' id='word_1_117' title='bbox 113 1933 184 1986; x_wconf 90' lang='lat' dir='ltr'>tum</span> <span class='ocrx_word' id='word_1_118' title='bbox 198 1924 425 2005; x_wconf 89' lang='lat' dir='ltr'>quadraginta</span> <span class='ocrx_word' id='word_1_119' title='bbox 438 1925 610 2006; x_wconf 90' lang='lat' dir='ltr'>quatuor,’‘</span> <span class='ocrx_word' id='word_1_120' title='bbox 621 1946 679 1988; x_wconf 92' lang='lat' dir='ltr'>seu</span> <span class='ocrx_word' id='word_1_121' title='bbox 693 1946 751 2007; x_wconf 89' lang='lat' dir='ltr'>per</span> <span class='ocrx_word' id='word_1_122' title='bbox 768 1941 802 1988; x_wconf 90' lang='lat'>12</span> <span class='ocrx_word' id='word_1_123' title='bbox 817 1926 849 1987; x_wconf 93' lang='lat' dir='ltr'>in</span> <span class='ocrx_word' id='word_1_124' title='bbox 867 1941 913 2000; x_wconf 90' lang='lat'>12,</span> <span class='ocrx_word' id='word_1_125' title='bbox 928 1946 987 2007; x_wconf 91' lang='lat' dir='ltr'>per</span> <span class='ocrx_word' id='word_1_126' title='bbox 999 1944 1091 2007; x_wconf 90' lang='lat' dir='ltr'>quem</span> <span class='ocrx_word' id='word_1_127' title='bbox 1103 1938 1186 1984; x_wconf 88' lang='lat' dir='ltr'>nume·</span> 
     </span>
     <span class='ocr_line' id='line_1_16' title="bbox 112 2008 1186 2101; baseline -0.006 -22"><span class='ocrx_word' id='word_1_128' title='bbox 112 2037 183 2079; x_wconf 93' lang='lat' dir='ltr'>rum</span> <span class='ocrx_word' id='word_1_129' title='bbox 198 2017 432 2098; x_wconf 88' lang='lat' dir='ltr'>significantur</span> <span class='ocrx_word' id='word_1_130' title='bbox 444 2040 524 2082; x_wconf 89' lang='lat' dir='ltr'>vera</span> <span class='ocrx_word' id='word_1_131' title='bbox 536 2041 580 2082; x_wconf 89' lang='lat' dir='ltr'>ex</span> <span class='ocrx_word' id='word_1_132' title='bbox 598 2020 689 2082; x_wconf 90' lang='lat' dir='ltr'>bono</span> <span class='ocrx_word' id='word_1_133' title='bbox 704 2020 737 2082; x_wconf 92' lang='lat' dir='ltr'>in</span> <span class='ocrx_word' id='word_1_134' title='bbox 751 2021 842 2082; x_wconf 93' lang='lat' dir='ltr'>omni</span> <span class='ocrx_word' id='word_1_135' title='bbox 858 2019 1051 2101; x_wconf 86' lang='lat' dir='ltr'>complexu,</span> <span class='ocrx_word' id='word_1_136' title='bbox 1064 2008 1186 2079; x_wconf 83' lang='lat' dir='ltr'>“murus&#39;&#39;</span> 
     </span>
     <span class='ocr_line' id='line_1_17' title="bbox 111 2106 1186 2193; baseline -0.007 -20"><span class='ocrx_word' id='word_1_137' title='bbox 111 2113 201 2174; x_wconf 92' lang='lat' dir='ltr'>enim</span> <span class='ocrx_word' id='word_1_138' title='bbox 219 2112 387 2193; x_wconf 88' lang='lat' dir='ltr'>significat</span> <span class='ocrx_word' id='word_1_139' title='bbox 404 2134 484 2176; x_wconf 91' lang='lat' dir='ltr'>vera</span> <span class='ocrx_word' id='word_1_140' title='bbox 500 2116 650 2177; x_wconf 85' lang='lat' dir='ltr'>tutantia</span> <span class='ocrx_word' id='word_1_141' title='bbox 665 2125 786 2177; x_wconf 84' lang='lat' dir='ltr'>contra</span> <span class='ocrx_word' id='word_1_142' title='bbox 805 2113 888 2176; x_wconf 88' lang='lat' dir='ltr'>salsa</span> <span class='ocrx_word' id='word_1_143' title='bbox 908 2124 942 2176; x_wconf 90' lang='lat' dir='ltr'>et</span> <span class='ocrx_word' id='word_1_144' title='bbox 960 2113 1066 2190; x_wconf 88' lang='lat' dir='ltr'>mala;</span> <span class='ocrx_word' id='word_1_145' title='bbox 1087 2109 1154 2193; x_wconf 86' lang='lat' dir='ltr'>quod</span> <span class='ocrx_word' id='word_1_146' title='bbox 1168 2106 1186 2167; x_wconf 89' lang='lat' dir='ltr'>is</span> 
     </span>
     <span class='ocr_line' id='line_1_18' title="bbox 113 2206 1191 2290; baseline -0.006 -23"><span class='ocrx_word' id='word_1_147' title='bbox 113 2226 269 2269; x_wconf 90' lang='lat' dir='ltr'>numerus</span> <span class='ocrx_word' id='word_1_148' title='bbox 286 2206 454 2287; x_wconf 86' lang='lat' dir='ltr'>significet</span> <span class='ocrx_word' id='word_1_149' title='bbox 471 2208 538 2279; x_wconf 92' lang='lat' dir='ltr'>illa,</span> <span class='ocrx_word' id='word_1_150' title='bbox 557 2218 653 2290; x_wconf 86' lang='lat' dir='ltr'>patet</span> <span class='ocrx_word' id='word_1_151' title='bbox 670 2208 848 2271; x_wconf 84' lang='lat' dir='ltr'>manifeste</span> <span class='ocrx_word' id='word_1_152' title='bbox 864 2229 908 2271; x_wconf 89' lang='lat' dir='ltr'>ex</span> <span class='ocrx_word' id='word_1_153' title='bbox 926 2229 978 2281; x_wconf 91' lang='lat' dir='ltr'>eo,</span> <span class='ocrx_word' id='word_1_154' title='bbox 992 2207 1077 2289; x_wconf 91' lang='lat' dir='ltr'>quod</span> <span class='ocrx_word' id='word_1_155' title='bbox 1092 2206 1191 2268; x_wconf 84' lang='lat' dir='ltr'>dicatur·</span> 
     </span>
     <span class='ocr_line' id='line_1_19' title="bbox 111 2301 1185 2384; baseline -0.008 -23"><span class='ocrx_word' id='word_1_156' title='bbox 111 2301 201 2381; x_wconf 93' lang='lat' dir='ltr'>quod</span> <span class='ocrx_word' id='word_1_157' title='bbox 219 2320 376 2363; x_wconf 91' lang='lat' dir='ltr'>mensura</span> <span class='ocrx_word' id='word_1_158' title='bbox 388 2312 526 2364; x_wconf 90' lang='lat' dir='ltr'>centum</span> <span class='ocrx_word' id='word_1_159' title='bbox 540 2303 765 2384; x_wconf 88' lang='lat' dir='ltr'>quadraginta</span> <span class='ocrx_word' id='word_1_160' title='bbox 778 2313 923 2383; x_wconf 90' lang='lat' dir='ltr'>quatuor</span> <span class='ocrx_word' id='word_1_161' title='bbox 935 2302 1114 2364; x_wconf 87' lang='lat' dir='ltr'>cubitorum</span> <span class='ocrx_word' id='word_1_162' title='bbox 1124 2302 1185 2359; x_wconf 86' lang='lat' dir='ltr'>esset</span> 
     </span>
     <span class='ocr_line' id='line_1_20' title="bbox 114 2389 1185 2476; baseline -0.007 -20"><span class='ocrx_word' id='word_1_163' title='bbox 114 2401 299 2457; x_wconf 83' lang='lat' dir='ltr'>“mensura</span> <span class='ocrx_word' id='word_1_164' title='bbox 322 2395 478 2468; x_wconf 91' lang='lat' dir='ltr'>hominis,</span> <span class='ocrx_word' id='word_1_165' title='bbox 503 2395 568 2458; x_wconf 91' lang='lat' dir='ltr'>hoc</span> <span class='ocrx_word' id='word_1_166' title='bbox 592 2406 656 2469; x_wconf 87' lang='lat' dir='ltr'>est,</span> <span class='ocrx_word' id='word_1_167' title='bbox 681 2394 823 2476; x_wconf 85' lang='lat' dir='ltr'>angeli.”</span> <span class='ocrx_word' id='word_1_168' title='bbox 868 2393 958 2476; x_wconf 85' lang='lat' dir='ltr'>Quid</span> <span class='ocrx_word' id='word_1_169' title='bbox 986 2395 1049 2458; x_wconf 91' lang='lat' dir='ltr'>hoc</span> <span class='ocrx_word' id='word_1_170' title='bbox 1071 2389 1185 2457; x_wconf 87' lang='lat' dir='ltr'>involvit,</span> 
     </span>
     <span class='ocr_line' id='line_1_21' title="bbox 112 2489 1186 2572; baseline -0.009 -22"><span class='ocrx_word' id='word_1_171' title='bbox 112 2508 213 2551; x_wconf 92' lang='lat' dir='ltr'>nemo</span> <span class='ocrx_word' id='word_1_172' title='bbox 229 2499 345 2570; x_wconf 90' lang='lat' dir='ltr'>potest</span> <span class='ocrx_word' id='word_1_173' title='bbox 360 2491 454 2564; x_wconf 90' lang='lat' dir='ltr'>scire,</span> <span class='ocrx_word' id='word_1_174' title='bbox 470 2491 532 2552; x_wconf 92' lang='lat' dir='ltr'>nisi</span> <span class='ocrx_word' id='word_1_175' title='bbox 549 2491 633 2552; x_wconf 85' lang='lat' dir='ltr'>sciat</span> <span class='ocrx_word' id='word_1_176' title='bbox 647 2491 736 2572; x_wconf 90' lang='lat' dir='ltr'>quod</span> <span class='ocrx_word' id='word_1_177' title='bbox 755 2510 813 2571; x_wconf 93' lang='lat' dir='ltr'>per</span> <span class='ocrx_word' id='word_1_178' title='bbox 827 2495 1046 2552; x_wconf 83' lang='lat' dir='ltr'>“mensuram</span> <span class='ocrx_word' id='word_1_179' title='bbox 1055 2489 1068 2510; x_wconf 88' lang='lat'>&#39;‘</span> <span class='ocrx_word' id='word_1_180' title='bbox 1079 2491 1107 2550; x_wconf 93' lang='lat' dir='ltr'>in</span> <span class='ocrx_word' id='word_1_181' title='bbox 1118 2500 1186 2548; x_wconf 88' lang='lat' dir='ltr'>seusu</span> 
     </span>
     <span class='ocr_line' id='line_1_22' title="bbox 112 2583 1186 2665; baseline -0.004 -22"><span class='ocrx_word' id='word_1_182' title='bbox 112 2583 276 2664; x_wconf 87' lang='lat' dir='ltr'>spirituali</span> <span class='ocrx_word' id='word_1_183' title='bbox 301 2583 509 2664; x_wconf 88' lang='lat' dir='ltr'>significetur</span> <span class='ocrx_word' id='word_1_184' title='bbox 530 2583 638 2646; x_wconf 85' lang='lat' dir='ltr'>simile</span> <span class='ocrx_word' id='word_1_185' title='bbox 661 2584 751 2665; x_wconf 92' lang='lat' dir='ltr'>quod</span> <span class='ocrx_word' id='word_1_186' title='bbox 776 2603 834 2665; x_wconf 91' lang='lat' dir='ltr'>per</span> <span class='ocrx_word' id='word_1_187' title='bbox 855 2583 1083 2656; x_wconf 75' lang='lat' dir='ltr'>“numerum&#39;&#39;</span> <span class='ocrx_word' id='word_1_188' title='bbox 1100 2593 1186 2656; x_wconf 78' lang='lat' dir='ltr'>nempe</span> 
     </span>
     <span class='ocr_line' id='line_1_23' title="bbox 111 2675 1187 2759; baseline -0.011 -20"><span class='ocrx_word' id='word_1_189' title='bbox 111 2678 210 2758; x_wconf 91' lang='lat' dir='ltr'>quale</span> <span class='ocrx_word' id='word_1_190' title='bbox 224 2680 269 2740; x_wconf 91' lang='lat' dir='ltr'>rei</span> <span class='ocrx_word' id='word_1_191' title='bbox 283 2679 325 2740; x_wconf 89' lang='lat' dir='ltr'>de</span> <span class='ocrx_word' id='word_1_192' title='bbox 338 2699 403 2759; x_wconf 92' lang='lat' dir='ltr'>qua</span> <span class='ocrx_word' id='word_1_193' title='bbox 417 2679 528 2758; x_wconf 89' lang='lat' dir='ltr'>agitur</span> <span class='ocrx_word' id='word_1_194' title='bbox 542 2699 549 2753; x_wconf 92' lang='lat'><strong>;</strong></span> <span class='ocrx_word' id='word_1_195' title='bbox 571 2688 605 2740; x_wconf 88' lang='lat' dir='ltr'>et</span> <span class='ocrx_word' id='word_1_196' title='bbox 619 2678 709 2759; x_wconf 92' lang='lat' dir='ltr'>quod</span> <span class='ocrx_word' id='word_1_197' title='bbox 724 2699 782 2759; x_wconf 89' lang='lat' dir='ltr'>per</span> <span class='ocrx_word' id='word_1_198' title='bbox 794 2685 813 2709; x_wconf 81' lang='lat'>‘⁸</span> <span class='ocrx_word' id='word_1_199' title='bbox 823 2678 1013 2740; x_wconf 86' lang='lat' dir='ltr'>hominem&#39;’</span> <span class='ocrx_word' id='word_1_200' title='bbox 1024 2675 1187 2759; x_wconf 85' lang='lat' dir='ltr'>significetur</span> 
     </span>
     <span class='ocr_line' id='line_1_24' title="bbox 112 2770 1186 2854; baseline -0.005 -20"><span class='ocrx_word' id='word_1_201' title='bbox 112 2774 263 2853; x_wconf 88' lang='lat' dir='ltr'>receptio</span> <span class='ocrx_word' id='word_1_202' title='bbox 283 2774 351 2835; x_wconf 92' lang='lat' dir='ltr'>veri</span> <span class='ocrx_word' id='word_1_203' title='bbox 375 2794 419 2834; x_wconf 87' lang='lat' dir='ltr'>ex</span> <span class='ocrx_word' id='word_1_204' title='bbox 439 2770 616 2835; x_wconf 68' lang='lat' dir='ltr'>afledtione</span> <span class='ocrx_word' id='word_1_205' title='bbox 635 2771 810 2854; x_wconf 87' lang='lat' dir='ltr'>spirituali,</span> <span class='ocrx_word' id='word_1_206' title='bbox 832 2773 895 2834; x_wconf 90' lang='lat' dir='ltr'>hoc</span> <span class='ocrx_word' id='word_1_207' title='bbox 915 2782 979 2846; x_wconf 91' lang='lat' dir='ltr'>est,</span> <span class='ocrx_word' id='word_1_208' title='bbox 1001 2793 1044 2834; x_wconf 87' lang='lat' dir='ltr'>ex</span> <span class='ocrx_word' id='word_1_209' title='bbox 1067 2773 1147 2833; x_wconf 87' lang='lat' dir='ltr'>bono.</span> <span class='ocrx_word' id='word_1_210' title='bbox 1160 2780 1186 2824; x_wconf 73' lang='lat' dir='ltr'>at</span> 
     </span>
     <span class='ocr_line' id='line_1_25' title="bbox 111 2859 1186 2947; baseline -0.008 -20"><span class='ocrx_word' id='word_1_211' title='bbox 111 2866 189 2928; x_wconf 91' lang='lat' dir='ltr'>inde</span> <span class='ocrx_word' id='word_1_212' title='bbox 213 2865 452 2947; x_wconf 84' lang='lat' dir='ltr'>intelligentia,</span> <span class='ocrx_word' id='word_1_213' title='bbox 476 2885 515 2928; x_wconf 91' lang='lat' dir='ltr'>ac</span> <span class='ocrx_word' id='word_1_214' title='bbox 540 2865 648 2928; x_wconf 92' lang='lat' dir='ltr'>simile</span> <span class='ocrx_word' id='word_1_215' title='bbox 676 2886 734 2947; x_wconf 86' lang='lat' dir='ltr'>per</span> <span class='ocrx_word' id='word_1_216' title='bbox 760 2865 987 2946; x_wconf 85' lang='lat' dir='ltr'>“angelum;”</span> <span class='ocrx_word' id='word_1_217' title='bbox 1014 2866 1108 2928; x_wconf 92' lang='lat' dir='ltr'>homo</span> <span class='ocrx_word' id='word_1_218' title='bbox 1126 2859 1186 2923; x_wconf 80' lang='lat' dir='ltr'>enin</span> 
     </span>
     <span class='ocr_line' id='line_1_26' title="bbox 110 2951 1186 3043; baseline -0.006 -21"><span class='ocrx_word' id='word_1_219' title='bbox 110 2970 163 3022; x_wconf 86' lang='lat' dir='ltr'>est</span> <span class='ocrx_word' id='word_1_220' title='bbox 184 2960 325 3041; x_wconf 89' lang='lat' dir='ltr'>angelus</span> <span class='ocrx_word' id='word_1_221' title='bbox 343 2960 479 3043; x_wconf 92' lang='lat' dir='ltr'>quando</span> <span class='ocrx_word' id='word_1_222' title='bbox 498 2961 531 3022; x_wconf 95' lang='lat' dir='ltr'>in</span> <span class='ocrx_word' id='word_1_223' title='bbox 548 2962 634 3022; x_wconf 91' lang='lat' dir='ltr'>veris</span> <span class='ocrx_word' id='word_1_224' title='bbox 655 2981 699 3022; x_wconf 89' lang='lat' dir='ltr'>ex</span> <span class='ocrx_word' id='word_1_225' title='bbox 719 2961 809 3023; x_wconf 93' lang='lat' dir='ltr'>bono</span> <span class='ocrx_word' id='word_1_226' title='bbox 828 2970 892 3034; x_wconf 88' lang='lat' dir='ltr'>est,</span> <span class='ocrx_word' id='word_1_227' title='bbox 909 2959 947 3023; x_wconf 84' lang='lat' dir='ltr'>fit</span> <span class='ocrx_word' id='word_1_228' title='bbox 967 2962 1068 3022; x_wconf 88' lang='lat' dir='ltr'>etiam</span> <span class='ocrx_word' id='word_1_229' title='bbox 1083 2951 1186 3037; x_wconf 74' lang='lat' dir='ltr'>angelus</span> 
     </span>
     <span class='ocr_line' id='line_1_27' title="bbox 111 3052 1186 3135; baseline -0.012 -19"><span class='ocrx_word' id='word_1_230' title='bbox 111 3064 189 3135; x_wconf 86' lang='lat' dir='ltr'>post</span> <span class='ocrx_word' id='word_1_231' title='bbox 214 3065 370 3117; x_wconf 90' lang='lat' dir='ltr'>mortem.</span> <span class='ocrx_word' id='word_1_232' title='bbox 417 3053 532 3116; x_wconf 85' lang='lat' dir='ltr'>Simile</span> <span class='ocrx_word' id='word_1_233' title='bbox 559 3055 663 3116; x_wconf 87' lang='lat' dir='ltr'>etiam</span> <span class='ocrx_word' id='word_1_234' title='bbox 687 3052 854 3134; x_wconf 85' lang='lat' dir='ltr'>significat</span> <span class='ocrx_word' id='word_1_235' title='bbox 879 3073 1036 3116; x_wconf 88' lang='lat' dir='ltr'>numerus</span> <span class='ocrx_word' id='word_1_236' title='bbox 1061 3059 1186 3114; x_wconf 86' lang='lat' dir='ltr'>“centurn</span> 
     </span>
     <span class='ocr_line' id='line_1_28' title="bbox 110 3144 1185 3230; baseline -0.004 -20"><span class='ocrx_word' id='word_1_237' title='bbox 110 3149 337 3230; x_wconf 89' lang='lat' dir='ltr'>quadraginta</span> <span class='ocrx_word' id='word_1_238' title='bbox 350 3159 494 3230; x_wconf 87' lang='lat' dir='ltr'>quatuor</span> <span class='ocrx_word' id='word_1_239' title='bbox 509 3147 613 3209; x_wconf 90' lang='lat' dir='ltr'>millia</span> <span class='ocrx_word' id='word_1_240' title='bbox 626 3147 653 3224; x_wconf 83' lang='lat'>;’&#39;</span> <span class='ocrx_word' id='word_1_241' title='bbox 677 3167 753 3209; x_wconf 90' lang='lat' dir='ltr'>nam</span> <span class='ocrx_word' id='word_1_242' title='bbox 769 3166 926 3210; x_wconf 90' lang='lat' dir='ltr'>numerus</span> <span class='ocrx_word' id='word_1_243' title='bbox 940 3147 1045 3228; x_wconf 90' lang='lat' dir='ltr'>major</span> <span class='ocrx_word' id='word_1_244' title='bbox 1056 3158 1087 3210; x_wconf 89' lang='lat' dir='ltr'>et</span> <span class='ocrx_word' id='word_1_245' title='bbox 1102 3144 1185 3207; x_wconf 71' lang='lat' dir='ltr'>minor.</span> 
     </span>
     <span class='ocr_line' id='line_1_29' title="bbox 110 3232 1186 3322; baseline -0.01 -16"><span class='ocrx_word' id='word_1_246' title='bbox 110 3245 214 3306; x_wconf 93' lang='lat' dir='ltr'>modo</span> <span class='ocrx_word' id='word_1_247' title='bbox 230 3264 274 3305; x_wconf 89' lang='lat' dir='ltr'>ex</span> <span class='ocrx_word' id='word_1_248' title='bbox 292 3243 391 3305; x_wconf 90' lang='lat' dir='ltr'>simili</span> <span class='ocrx_word' id='word_1_249' title='bbox 408 3243 537 3322; x_wconf 86' lang='lat' dir='ltr'>origine</span> <span class='ocrx_word' id='word_1_250' title='bbox 554 3243 608 3314; x_wconf 87' lang='lat' dir='ltr'>sit,</span> <span class='ocrx_word' id='word_1_251' title='bbox 627 3241 735 3303; x_wconf 93' lang='lat' dir='ltr'>simile</span> <span class='ocrx_word' id='word_1_252' title='bbox 751 3240 941 3321; x_wconf 87' lang='lat' dir='ltr'>significat;</span> <span class='ocrx_word' id='word_1_253' title='bbox 967 3259 1113 3303; x_wconf 88' lang='lat' dir='ltr'>numerus</span> <span class='ocrx_word' id='word_1_254' title='bbox 1126 3232 1186 3298; x_wconf 82' lang='lat' dir='ltr'>euim</span> 
     </span>
     <span class='ocr_line' id='line_1_30' title="bbox 110 3323 1187 3418; baseline -0.01 -19"><span class='ocrx_word' id='word_1_255' title='bbox 110 3337 215 3418; x_wconf 88' lang='lat' dir='ltr'>major</span> <span class='ocrx_word' id='word_1_256' title='bbox 231 3336 413 3399; x_wconf 89' lang='lat' dir='ltr'>adhibetur</span> <span class='ocrx_word' id='word_1_257' title='bbox 429 3336 566 3417; x_wconf 89' lang='lat' dir='ltr'>quando</span> <span class='ocrx_word' id='word_1_258' title='bbox 585 3334 690 3415; x_wconf 90' lang='lat' dir='ltr'>major</span> <span class='ocrx_word' id='word_1_259' title='bbox 707 3333 892 3396; x_wconf 87' lang='lat' dir='ltr'>multitudo</span> <span class='ocrx_word' id='word_1_260' title='bbox 911 3336 986 3408; x_wconf 90' lang='lat' dir='ltr'>erit,</span> <span class='ocrx_word' id='word_1_261' title='bbox 1005 3345 1074 3397; x_wconf 90' lang='lat' dir='ltr'>tum</span> <span class='ocrx_word' id='word_1_262' title='bbox 1088 3323 1187 3414; x_wconf 84' lang='lat' dir='ltr'>quaudo</span> 
     </span>
     <span class='ocr_line' id='line_1_31' title="bbox 110 3421 1186 3518; baseline -0.009 -26"><span class='ocrx_word' id='word_1_263' title='bbox 110 3428 348 3512; x_wconf 72' lang='lat' dir='ltr'>comple&amp;itur</span> <span class='ocrx_word' id='word_1_264' title='bbox 368 3429 462 3511; x_wconf 89' lang='lat' dir='ltr'>plura</span> <span class='ocrx_word' id='word_1_265' title='bbox 486 3449 612 3509; x_wconf 88' lang='lat' dir='ltr'>genera</span> <span class='ocrx_word' id='word_1_266' title='bbox 631 3427 750 3505; x_wconf 91' lang='lat' dir='ltr'>simul;</span> <span class='ocrx_word' id='word_1_267' title='bbox 775 3439 873 3509; x_wconf 91' lang='lat' dir='ltr'>prout</span> <span class='ocrx_word' id='word_1_268' title='bbox 897 3433 1062 3491; x_wconf 90' lang='lat' dir='ltr'>“centum</span> <span class='ocrx_word' id='word_1_269' title='bbox 1080 3421 1186 3518; x_wconf 61' lang='lat' dir='ltr'>quadra</span> 
     </span>
     <span class='ocr_line' id='line_1_32' title="bbox 109 3520 1186 3606; baseline -0.005 -20"><span class='ocrx_word' id='word_1_270' title='bbox 109 3526 206 3604; x_wconf 86' lang='lat' dir='ltr'>ginta</span> <span class='ocrx_word' id='word_1_271' title='bbox 225 3535 370 3606; x_wconf 91' lang='lat' dir='ltr'>quatuor</span> <span class='ocrx_word' id='word_1_272' title='bbox 389 3523 525 3596; x_wconf 88' lang='lat' dir='ltr'>millia,”</span> <span class='ocrx_word' id='word_1_273' title='bbox 544 3524 598 3605; x_wconf 92' lang='lat' dir='ltr'>qui</span> <span class='ocrx_word' id='word_1_274' title='bbox 622 3520 859 3604; x_wconf 75' lang='lat' dir='ltr'>complediitur</span> <span class='ocrx_word' id='word_1_275' title='bbox 878 3524 993 3584; x_wconf 92' lang='lat' dir='ltr'>omnia</span> <span class='ocrx_word' id='word_1_276' title='bbox 1016 3540 1127 3603; x_wconf 86' lang='lat' dir='ltr'>genera</span> <span class='ocrx_word' id='word_1_277' title='bbox 1141 3526 1186 3573; x_wconf 68' lang='lat' dir='ltr'>ves!</span> 
     </span>
     <span class='ocr_line' id='line_1_33' title="bbox 109 3613 1186 3700; baseline -0.008 -19"><span class='ocrx_word' id='word_1_278' title='bbox 109 3640 153 3681; x_wconf 87' lang='lat' dir='ltr'>ex</span> <span class='ocrx_word' id='word_1_279' title='bbox 178 3620 278 3689; x_wconf 92' lang='lat' dir='ltr'>bono,</span> <span class='ocrx_word' id='word_1_280' title='bbox 299 3639 385 3700; x_wconf 91' lang='lat' dir='ltr'>quae</span> <span class='ocrx_word' id='word_1_281' title='bbox 409 3617 641 3698; x_wconf 88' lang='lat' dir='ltr'>significantur</span> <span class='ocrx_word' id='word_1_282' title='bbox 661 3638 719 3698; x_wconf 92' lang='lat' dir='ltr'>per</span> <span class='ocrx_word' id='word_1_283' title='bbox 737 3613 970 3678; x_wconf 79' lang='lat' dir='ltr'>“¹¹¹duodecim</span> <span class='ocrx_word' id='word_1_284' title='bbox 992 3617 1090 3679; x_wconf 90' lang='lat' dir='ltr'>millia</span> <span class='ocrx_word' id='word_1_285' title='bbox 1107 3613 1186 3689; x_wconf 80' lang='lat' dir='ltr'>signa·</span> 
     </span>
     <span class='ocr_line' id='line_1_34' title="bbox 109 3710 1186 3802; baseline -0.004 -28"><span class='ocrx_word' id='word_1_286' title='bbox 109 3723 164 3775; x_wconf 91' lang='lat' dir='ltr'>tos</span> <span class='ocrx_word' id='word_1_287' title='bbox 178 3713 192 3738; x_wconf 87' lang='lat'>’¹</span> <span class='ocrx_word' id='word_1_288' title='bbox 220 3735 264 3776; x_wconf 88' lang='lat' dir='ltr'>ex</span> <span class='ocrx_word' id='word_1_289' title='bbox 293 3714 477 3794; x_wconf 88' lang='lat' dir='ltr'>unaquavis</span> <span class='ocrx_word' id='word_1_290' title='bbox 504 3712 614 3788; x_wconf 91' lang='lat' dir='ltr'>tribu;</span> <span class='ocrx_word' id='word_1_291' title='bbox 646 3723 681 3774; x_wconf 91' lang='lat' dir='ltr'>et</span> <span class='ocrx_word' id='word_1_292' title='bbox 709 3722 808 3792; x_wconf 87' lang='lat' dir='ltr'>prout</span> <span class='ocrx_word' id='word_1_293' title='bbox 836 3729 993 3773; x_wconf 88' lang='lat' dir='ltr'>mensura</span> <span class='ocrx_word' id='word_1_294' title='bbox 1021 3710 1107 3781; x_wconf 92' lang='lat' dir='ltr'>muri,</span> <span class='ocrx_word' id='word_1_295' title='bbox 1122 3711 1186 3802; x_wconf 31' lang='lat' dir='ltr'>‘quae</span> 
     </span>
     <span class='ocr_line' id='line_1_35' title="bbox 108 3801 1185 3888; baseline -0.006 -20"><span class='ocrx_word' id='word_1_296' title='bbox 108 3808 231 3870; x_wconf 91' lang='lat' dir='ltr'>dicitur</span> <span class='ocrx_word' id='word_1_297' title='bbox 249 3814 416 3869; x_wconf 87' lang='lat' dir='ltr'>“centum</span> <span class='ocrx_word' id='word_1_298' title='bbox 436 3806 663 3888; x_wconf 89' lang='lat' dir='ltr'>quadraginta</span> <span class='ocrx_word' id='word_1_299' title='bbox 681 3816 826 3887; x_wconf 91' lang='lat' dir='ltr'>quatuor</span> <span class='ocrx_word' id='word_1_300' title='bbox 844 3804 1064 3875; x_wconf 88' lang='lat' dir='ltr'>cubitorum,‘&#39;</span> <span class='ocrx_word' id='word_1_301' title='bbox 1079 3801 1140 3884; x_wconf 83' lang='lat' dir='ltr'>quia</span> <span class='ocrx_word' id='word_1_302' title='bbox 1153 3807 1185 3851; x_wconf 80' lang='lat'>¹¹¹·</span> 
     </span>
     <span class='ocr_line' id='line_1_36' title="bbox 108 3884 1185 3983; baseline -0.006 -20"><span class='ocrx_word' id='word_1_303' title='bbox 108 3900 214 3964; x_wconf 91' lang='lat' dir='ltr'>cludit</span> <span class='ocrx_word' id='word_1_304' title='bbox 232 3912 303 3964; x_wconf 89' lang='lat' dir='ltr'>tam</span> <span class='ocrx_word' id='word_1_305' title='bbox 321 3912 438 3983; x_wconf 89' lang='lat' dir='ltr'>portas</span> <span class='ocrx_word' id='word_1_306' title='bbox 455 3919 555 3983; x_wconf 91' lang='lat' dir='ltr'>quam</span> <span class='ocrx_word' id='word_1_307' title='bbox 572 3899 803 3972; x_wconf 81' lang='lat' dir='ltr'>fundamenta,</span> <span class='ocrx_word' id='word_1_308' title='bbox 815 3919 901 3980; x_wconf 90' lang='lat' dir='ltr'>quae</span> <span class='ocrx_word' id='word_1_309' title='bbox 918 3919 1057 3961; x_wconf 91' lang='lat' dir='ltr'>numero</span> <span class='ocrx_word' id='word_1_310' title='bbox 1069 3884 1185 3959; x_wconf 73' lang='lat' dir='ltr'>“duode-</span> 
     </span>
     <span class='ocr_line' id='line_1_37' title="bbox 107 3993 1140 4076; baseline -0.002 -18"><span class='ocrx_word' id='word_1_311' title='bbox 107 3996 197 4058; x_wconf 91' lang='lat' dir='ltr'>cim”</span> <span class='ocrx_word' id='word_1_312' title='bbox 213 4007 302 4058; x_wconf 87' lang='lat' dir='ltr'>sunt.</span> <span class='ocrx_word' id='word_1_313' title='bbox 350 3996 401 4057; x_wconf 93' lang='lat' dir='ltr'>De</span> <span class='ocrx_word' id='word_1_314' title='bbox 422 3996 528 4076; x_wconf 89' lang='lat' dir='ltr'>portis</span> <span class='ocrx_word' id='word_1_315' title='bbox 548 4004 583 4057; x_wconf 88' lang='lat' dir='ltr'>et</span> <span class='ocrx_word' id='word_1_316' title='bbox 607 3994 649 4056; x_wconf 92' lang='lat' dir='ltr'>de</span> <span class='ocrx_word' id='word_1_317' title='bbox 668 3993 898 4056; x_wconf 78' lang='lat' dir='ltr'>fundamentis</span> <span class='ocrx_word' id='word_1_318' title='bbox 917 3995 1008 4056; x_wconf 92' lang='lat' dir='ltr'>enim</span> <span class='ocrx_word' id='word_1_319' title='bbox 1027 3993 1140 4055; x_wconf 82' lang='lat' dir='ltr'>dicitur.</span> 
     </span>
    </p>

    <p class='ocr_par' dir='ltr' id='par_1_5' title="bbox 162 4115 1201 4380">
     <span class='ocr_line' id='line_1_38' title="bbox 162 4115 1187 4192; baseline -0.005 -13"><span class='ocrx_word' id='word_1_320' title='bbox 162 4129 186 4179; x_wconf 91' lang='lat' dir='ltr'>N</span> <span class='ocrx_word' id='word_1_321' title='bbox 189 4145 241 4179; x_wconf 87' lang='lat' dir='ltr'>ova</span> <span class='ocrx_word' id='word_1_322' title='bbox 251 4129 445 4192; x_wconf 85' lang='lat' dir='ltr'>Hierosolyma</span> <span class='ocrx_word' id='word_1_323' title='bbox 453 4132 470 4152; x_wconf 83' lang='lat'>‘¹</span> <span class='ocrx_word' id='word_1_324' title='bbox 478 4129 582 4178; x_wconf 81' lang='lat' dir='ltr'>habens</span> <span class='ocrx_word' id='word_1_325' title='bbox 591 4142 697 4176; x_wconf 89' lang='lat' dir='ltr'>murum</span> <span class='ocrx_word' id='word_1_326' title='bbox 706 4141 834 4189; x_wconf 83' lang='lat' dir='ltr'>magnum</span> <span class='ocrx_word' id='word_1_327' title='bbox 843 4136 870 4175; x_wconf 86' lang='lat' dir='ltr'>et</span> <span class='ocrx_word' id='word_1_328' title='bbox 877 4127 972 4183; x_wconf 84' lang='lat' dir='ltr'>altum,</span> <span class='ocrx_word' id='word_1_329' title='bbox 981 4128 1115 4176; x_wconf 81' lang='lat' dir='ltr'>habentem</span> <span class='ocrx_word' id='word_1_330' title='bbox 1121 4115 1187 4190; x_wconf 38' lang='lat'>9⁰¹³„</span> 
     </span>
     <span class='ocr_line' id='line_1_39' title="bbox 236 4181 1192 4256; baseline -0.006 -12"><span class='ocrx_word' id='word_1_331' title='bbox 236 4196 388 4250; x_wconf 92' lang='lat' dir='ltr'>duodecim,</span> <span class='ocrx_word' id='word_1_332' title='bbox 408 4205 435 4243; x_wconf 86' lang='lat' dir='ltr'>et</span> <span class='ocrx_word' id='word_1_333' title='bbox 453 4208 533 4256; x_wconf 88' lang='lat' dir='ltr'>super</span> <span class='ocrx_word' id='word_1_334' title='bbox 550 4195 635 4256; x_wconf 88' lang='lat' dir='ltr'>portis</span> <span class='ocrx_word' id='word_1_335' title='bbox 652 4194 764 4255; x_wconf 83' lang='lat' dir='ltr'>angelos</span> <span class='ocrx_word' id='word_1_336' title='bbox 782 4193 933 4251; x_wconf 85' lang='lat' dir='ltr'>duodecim,</span> <span class='ocrx_word' id='word_1_337' title='bbox 954 4203 980 4241; x_wconf 88' lang='lat' dir='ltr'>et</span> <span class='ocrx_word' id='word_1_338' title='bbox 998 4192 1102 4241; x_wconf 84' lang='lat' dir='ltr'>nomina</span> <span class='ocrx_word' id='word_1_339' title='bbox 1116 4181 1192 4254; x_wconf 56' lang='lat' dir='ltr'>§filiu</span> 
     </span>
     <span class='ocr_line' id='line_1_40' title="bbox 236 4244 1195 4335; baseline -0.004 -27"><span class='ocrx_word' id='word_1_340' title='bbox 236 4275 304 4324; x_wconf 86' lang='lat' dir='ltr'>quae</span> <span class='ocrx_word' id='word_1_341' title='bbox 314 4271 377 4309; x_wconf 87' lang='lat' dir='ltr'>sunt</span> <span class='ocrx_word' id='word_1_342' title='bbox 386 4260 528 4309; x_wconf 85' lang='lat' dir='ltr'>duodecim</span> <span class='ocrx_word' id='word_1_343' title='bbox 539 4260 655 4308; x_wconf 84' lang='lat' dir='ltr'>tribuum</span> <span class='ocrx_word' id='word_1_344' title='bbox 667 4254 811 4335; x_wconf 58' lang='lat' dir='ltr'>[fillfflffml</span> <span class='ocrx_word' id='word_1_345' title='bbox 823 4257 942 4335; x_wconf 80' lang='lat' dir='ltr'>Israelis.</span> <span class='ocrx_word' id='word_1_346' title='bbox 1007 4295 1013 4307; x_wconf 88' lang='lat'><strong>.</strong></span> <span class='ocrx_word' id='word_1_347' title='bbox 1024 4257 1119 4334; x_wconf 76' lang='lat' dir='ltr'>,Murus</span> <span class='ocrx_word' id='word_1_348' title='bbox 1127 4244 1195 4296; x_wconf 59' lang='lat'>‘1¹⁸⁰‘</span> 
     </span>
     <span class='ocr_line' id='line_1_41' title="bbox 236 4311 1201 4380; baseline -0.006 -5"><span class='ocrx_word' id='word_1_349' title='bbox 236 4328 353 4375; x_wconf 85' lang='lat' dir='ltr'>babebat</span> <span class='ocrx_word' id='word_1_350' title='bbox 366 4326 542 4374; x_wconf 79' lang='lat' dir='ltr'>fundamenta</span> <span class='ocrx_word' id='word_1_351' title='bbox 553 4325 703 4380; x_wconf 91' lang='lat' dir='ltr'>duodecim,</span> <span class='ocrx_word' id='word_1_352' title='bbox 715 4334 742 4373; x_wconf 87' lang='lat' dir='ltr'>et</span> <span class='ocrx_word' id='word_1_353' title='bbox 754 4338 781 4372; x_wconf 86' lang='lat' dir='ltr'>ru</span> <span class='ocrx_word' id='word_1_354' title='bbox 794 4338 828 4372; x_wconf 83' lang='lat' dir='ltr'>ns</span> <span class='ocrx_word' id='word_1_355' title='bbox 840 4337 953 4372; x_wconf 79' lang='lat' dir='ltr'>nomina</span> <span class='ocrx_word' id='word_1_356' title='bbox 964 4324 1098 4372; x_wconf 79' lang='lat' dir='ltr'>duodecim</span> <span class='ocrx_word' id='word_1_357' title='bbox 1109 4311 1201 4376; x_wconf 71' lang='lat' dir='ltr'>up⁰⁵¹⁰&#39;</span> 
     </span>
    </p>
   </div>
   <div class='ocr_carea' id='block_1_5' title="bbox 236 4369 1210 4521">
    <p class='ocr_par' dir='ltr' id='par_1_6' title="bbox 236 4369 1210 4521">
     <span class='ocr_line' id='line_1_42' title="bbox 236 4369 1210 4453; baseline -0.017 -13"><span class='ocrx_word' id='word_1_358' title='bbox 236 4393 324 4441; x_wconf 89' lang='lat' dir='ltr'>lorum</span> <span class='ocrx_word' id='word_1_359' title='bbox 333 4391 405 4453; x_wconf 83' lang='lat' dir='ltr'>Agni</span> <span class='ocrx_word' id='word_1_360' title='bbox 415 4390 449 4440; x_wconf 85' lang='lat'><strong>:&#39;&#39;.</strong></span> <span class='ocrx_word' id='word_1_361' title='bbox 461 4429 466 4440; x_wconf 94' lang='lat'><em>.</em></span> <span class='ocrx_word' id='word_1_362' title='bbox 477 4428 482 4440; x_wconf 93' lang='lat'><strong><em>.</em></strong></span> <span class='ocrx_word' id='word_1_363' title='bbox 493 4406 536 4441; x_wconf 89' lang='lat' dir='ltr'>.ac</span> <span class='ocrx_word' id='word_1_364' title='bbox 544 4390 720 4439; x_wconf 76' lang='lat' dir='ltr'>fundamenta</span> <span class='ocrx_word' id='word_1_365' title='bbox 730 4391 892 4438; x_wconf 78' lang='lat' dir='ltr'>constabant</span> <span class='ocrx_word' id='word_1_366' title='bbox 900 4403 934 4438; x_wconf 85' lang='lat' dir='ltr'>ex</span> <span class='ocrx_word' id='word_1_367' title='bbox 940 4389 1078 4439; x_wconf 89' lang='lat' dir='ltr'>duodecim</span> <span class='ocrx_word' id='word_1_368' title='bbox 1085 4369 1210 4446; x_wconf 68' lang='lat' dir='ltr'>upilio-²⁸</span> 
     </span>
     <span class='ocr_line' id='line_1_43' title="bbox 236 4453 779 4521; baseline -0.004 -14"><span class='ocrx_word' id='word_1_369' title='bbox 236 4458 362 4521; x_wconf 82' lang='lat' dir='ltr'>pretiosis</span> <span class='ocrx_word' id='word_1_370' title='bbox 375 4456 461 4521; x_wconf 86' lang='lat' dir='ltr'>(Apoc.</span> <span class='ocrx_word' id='word_1_371' title='bbox 473 4456 527 4507; x_wconf 84' lang='lat' dir='ltr'>xxi.</span> <span class='ocrx_word' id='word_1_372' title='bbox 541 4453 593 4521; x_wconf 74' lang='lat'>[12.</span> <span class='ocrx_word' id='word_1_373' title='bbox 607 4453 660 4520; x_wconf 80' lang='lat'>14,]</span> <span class='ocrx_word' id='word_1_374' title='bbox 676 4454 779 4518; x_wconf 81' lang='lat'>19-21):</span> 
     </span>
    </p>
   </div>
   <div class='ocr_carea' id='block_1_6' title="bbox 0 0 1346 4988">
    <p class='ocr_par' dir='ltr' id='par_1_7' title="bbox 0 0 1346 4988">
     <span class='ocr_line' id='line_1_44' title="bbox 0 0 1346 4988; baseline 0 1"><span class='ocrx_word' id='word_1_375' title='bbox 0 0 1346 4988; x_wconf 95' lang='lat' dir='ltr'> </span> 
     </span>
    </p>
   </div>
  </div>
 </body>
</html>
