2684 4988
120 482 201 548 1214
427 479 677 531 APOCALYPSIS
699 480 925 534 EXPLICATA.

114 675 165 712 rum
176 666 230 724 aa)
272 650 358 713 Inde
376 649 537 732 estquod
556 648 712 731 angelus,
729 649 810 713 dum
829 652 1116 733 repraesentative
1130 653 1199 716 sisti·

115 758 179 820 tur,
203 745 371 828 significet
395 745 449 809 vel
478 747 681 809 societatem
705 746 791 809 caeli
819 767 928 831 equa
954 759 1016 822 est,
1041 748 1093 811 vel
1116 748 1197 830 plures

114 842 299 904 societates
322 841 432 913 simul,
452 840 506 903 vel
530 841 634 903 etiam
654 840 847 904 universum
866 841 999 905 caelum
1017 842 1121 925 quoad
1140 840 1195 905 illul

114 936 200 999 caeli
223 944 258 999 et
282 934 448 998 ecclesiae
466 935 510 997 de
528 956 596 1016 quo
615 936 737 1017 agitur.
783 934 885 1016 Quod
909 957 969 1019 per
989 937 1194 1019 “angelos''in

115 1029 231 1094 Verbo
247 1029 479 1111 significentur
495 1031 649 1111 integrae
665 1031 851 1094 societates
870 1033 903 1094 in
923 1031 1032 1107 caelo,
1048 1043 1083 1096 et
1096 1051 1195 1114 quoque

115 1133 228 1185 totum
254 1122 398 1192 caelum,
422 1120 580 1184 videatur
607 1142 709 1204 supra
736 1139 770 1193 (n.
785 1139 836 1202 90.
852 1139 922 1202 302.
936 1140 1029 1204 307):
1058 1146 1112 1206 per
1133 1125 1194 1186 hunc

114 1213 284 1296 angelum,
298 1215 354 1297 qui
367 1214 495 1276 “stetit
508 1213 552 1276 ad
565 1213 703 1288 altare‚”
713 1213 922 1296 significatur
934 1217 1066 1280 caelum
1079 1218 1194 1280 intimum

114 1318 148 1371 et
163 1309 299 1372 tertium
312 1329 319 1384 ;
337 1309 495 1390 quoniam
509 1329 568 1390 per
580 1316 600 1340 ‘¹
610 1308 718 1372 altare
727 1309 741 1330 ”
751 1308 960 1390 significatur
973 1312 1094 1375 bonum
1105 1310 1194 1374 amoris

114 1404 147 1464 in
168 1402 362 1476 Dominum,
379 1412 414 1464 et
433 1422 554 1464 omnes
571 1403 627 1484 qui
646 1404 680 1465 in
696 1402 817 1466 intimo
833 1425 892 1467 seu
909 1406 1013 1468 tertio
1028 1405 1118 1468 caelo
1130 1412 1193 1475 sunt,

114 1499 146 1559 in
163 1496 222 1560 illo
238 1498 328 1559 bono
341 1507 429 1559 sunt.
475 1495 578 1578 Quod
596 1498 705 1561 altare
718 1499 826 1561 visum
842 1500 885 1562 sit
902 1500 935 1562 in
953 1500 1060 1573 caelo,
1076 1520 1134 1563 non
1145 1504 1194 1561 erat

114 1592 191 1673 quia
214 1591 350 1673 aliquod
374 1591 493 1663 altare,
514 1592 615 1674 quale
637 1593 697 1655 suit
721 1593 810 1674 apud
833 1605 974 1674 gentem
1000 1594 1194 1663 Israeliticam,

114 1686 158 1749 ibi
180 1686 299 1763 datur;
323 1685 383 1748 sed
402 1687 480 1768 quia
498 1688 608 1749 altare
630 1687 664 1749 id
687 1688 720 1749 in
741 1685 857 1750 Verbo
876 1689 1011 1770 saepius
1030 1689 1195 1755 nominatur.

114 1789 150 1845 et
177 1801 236 1862 per
262 1781 297 1862 ld.
323 1780 368 1843 ibi
396 1778 606 1861 significatur
629 1780 755 1844 bonum
779 1783 903 1844 amoris
930 1783 964 1845 in
992 1783 1159 1846 Dominum
1173 1784 1196 1839 et

114 1875 226 1939 cultus
248 1896 293 1938 ex
316 1874 376 1937 illo
399 1874 500 1949 bono,
521 1876 598 1938 ideo
617 1876 724 1938 visum
748 1886 801 1938 est
823 1875 981 1956 johanni,
1002 1897 1103 1960 aquo
1122 1874 1199 1939 etim

115 1968 266 2033 Verbum
291 1969 503 2043 scriberetur,
524 1970 570 2032 ob
591 1988 729 2032 causam
753 1979 789 2032 ut
809 1968 961 2033 Verbum
985 1971 1048 2034 sibi
1070 1979 1200 2034 constans

115 2073 206 2127 esset
226 2063 353 2138 ubivis;
377 2062 531 2126 similiter
550 2062 687 2126 “altare
706 2083 843 2127 aureum
853 2063 868 2087 ’'
886 2064 977 2145 quod
997 2074 1070 2129 erat
1088 2085 1142 2147 pro
1154 2050 1200 2124 sul¹

115 2157 296 2231 inionibus,
315 2168 387 2221 tum
402 2165 422 2189 ‘⁸
432 2156 639 2221 thuribulum
648 2157 663 2181 ”
675 2168 710 2221 et
726 2156 915 2232 “suffitus,”
927 2180 1015 2240 quae
1031 2161 1130 2223 etiam
1144 2164 1200 2221 mo:

116 2263 356 2325 memorantur,
370 2262 408 2315 ut
424 2273 556 2335 quoque
572 2259 679 2315 “arca
695 2252 838 2315 foederis
846 2253 860 2274 ’⁸
876 2252 965 2335 (cap.
979 2255 1025 2316 xi.
1043 2254 1104 2336 19).
1132 2252 1200 2317 Plu

115 2350 204 2412 enim
221 2349 511 2430 repraesentativa
527 2359 693 2430 apparent
709 2349 743 2410 in
759 2347 857 2411 caelo
872 2347 938 2411 illis
955 2351 1011 2431 qui
1027 2351 1109 2413 infra
1123 2354 1200 2413 sta!

116 2465 201 2526 quae
221 2454 337 2507 tamen
361 2439 539 2505 actualiter
562 2443 606 2505 ibi
630 2462 698 2505 non
717 2443 891 2519 existunt;
916 2455 995 2506 sunt
1016 2447 1104 2508 enirn
1121 2442 1200 2508 solt

115 2539 242 2600 formae
270 2538 580 2619 repraesentativae
609 2537 727 2599 talium
753 2558 838 2618 quae
866 2539 980 2618 angeli
1007 2540 1051 2602 ibi
1077 2540 1200 2620 cogita

116 2652 160 2695 ex
189 2630 315 2693 influxu
344 2631 491 2701 Domini.
516 2651 602 2712 quae
629 2632 708 2693 inde
731 2633 844 2693 omnia
868 2631 1063 2713 significant
1092 2634 1200 2696 Divir]

115 2727 201 2788 sicut
215 2728 304 2809 quod
321 2727 538 2808 apparuerint
550 2732 569 2756 “
579 2726 736 2787 animalia
744 2726 759 2747 ”
772 2747 857 2808 quae
870 2738 968 2791 erant
982 2727 1130 2806 cherubi,
1140 2741 1200 2811 qu

114 2821 306 2903 apparuerit
327 2820 439 2883 “liber
462 2820 662 2901 obsignatus
687 2831 818 2902 septem
843 2821 993 2902 sigillis‚''
1017 2833 1052 2885 et
1075 2824 1161 2906 quod

114 2916 240 2998 apertis
267 2926 411 2997 quatuor
442 2914 555 2996 primis
585 2914 703 2994 sigillis
734 2916 902 2977 exiverint
931 2917 1072 2999 “equi'’
1099 2930 1200 2999 prae'

114 3010 234 3073 similia
251 3010 349 3086 alibi;
374 3011 421 3072 ita
434 3029 565 3092 quoquc
582 3007 635 3070 hic
649 3009 738 3090 quod
756 3012 949 3090 apparuerit
965 3011 1130 3085 “altare''
1141 3025 1200 3094 qr)

116 3102 383 3178 “thuribulum''
402 3115 436 3166 et
456 3104 546 3185 quod
565 3102 723 3165 “suffitus
737 3104 763 3179 ;”
781 3125 866 3185 quae
886 3106 928 3166 ad
950 3106 1059 3167 visum
1079 3106 1200 3169 exhil’

114 3211 192 3264 sunt
210 3199 369 3281 Johanni,
388 3199 465 3280 quia
485 3199 517 3260 in
537 3196 653 3260 Verbo
671 3209 902 3261 memorantur
921 3210 956 3262 et
977 3201 1021 3263 ibi
1041 3201 1200 3283 significa

114 3296 247 3366 Divina,
272 3304 306 3356 et
331 3293 408 3376 quia
431 3290 582 3354 Verbum
611 3312 669 3373 per
693 3293 813 3355 similia
839 3294 943 3355 etiam
971 3296 1004 3356 in
1030 3295 1200 3378 Apocaly,

113 3389 392 3454 conscriberetur.
447 3385 556 3449 Erant
582 3386 649 3448 duo
676 3386 797 3449 altaria
824 3387 857 3449 in
885 3409 947 3449 usu
974 3389 1064 3471 apud
1092 3400 1200 3472 gent⁴

114 3484 348 3553 Israeliticam,
366 3502 507 3565 quorum
528 3501 628 3544 unum
645 3482 832 3544 vocabatur
850 3483 990 3546 “altare
1010 3484 1200 3548 holocaus¹

112 3580 257 3642 alterum
276 3579 412 3641 “altare
429 3575 641 3650 suffimenti‚''
657 3577 747 3659 quod
764 3577 840 3658 quia
857 3576 1041 3641 obductum
1060 3590 1132 3642 erat
1150 3597 1200 3642 a!

112 3675 299 3738 vocabatur
320 3673 458 3735 “altare
482 3691 618 3734 aureum
632 3671 657 3746 ;”
681 3682 715 3734 et
735 3671 842 3734 altare
866 3671 1059 3736 holocausti
1083 3685 1155 3738 erat
1195 3691 1200 3729 1

112 3769 402 3850 praesentativum
421 3767 558 3829 Domini
574 3776 608 3828 et
625 3765 737 3828 cultus
757 3765 838 3846 Ejus
857 3788 901 3828 ex
922 3768 1014 3830 bono
1031 3769 1200 3839 caelesti,

111 3863 220 3925 altare
244 3861 427 3925 suffimenti
451 3871 523 3924 erat
547 3862 874 3942 repraesentativum
899 3861 1038 3925 Domini
1063 3874 1098 3927 et
1120 3862 1200 3927 cult

112 3958 193 4038 Ejus
206 3979 250 4021 ex
265 3958 356 4019 bono
369 3956 543 4038 spirituali.
589 3956 721 4018 Bonum
735 3955 885 4019 caeleste
898 3968 951 4019 est
969 3958 1096 4021 bonum
1108 3972 1200 4021 amc

110 4055 143 4116 in
161 4053 356 4125 Dominum,
370 4062 405 4114 et
422 4052 548 4114 bonum
562 4050 734 4131 spirituale
751 4061 803 4113 est
820 4050 947 4113 bonum
960 4052 1137 4116 charitatis
1148 4066 1200 4116 e!

109 4148 312 4230 proximum.
359 4145 448 4227 Quid
472 4156 586 4208 autem
608 4145 779 4208 “altaria”
798 4145 830 4207 in
855 4165 981 4226 genere
1001 4157 1037 4210 et
1060 4147 1093 4210 in
1117 4165 1193 4228 spe

108 4249 457 4321 repraesentaverunt
470 4249 505 4301 et
519 4237 809 4319 significaverunt,
822 4237 980 4300 videatur
989 4259 1092 4321 supra
1103 4257 1135 4314 (n.
1144 4247 1200 4319 35

167 4354 267 4423 491.
296 4338 438 4400 “Habent
452 4338 633 4401 thuribulum
649 4335 953 4417 aureum.''-Quod
970 4338 1139 4419 significet
1152 4355 1200 4400 c«

104 4433 309 4518 Jirrrc‘irbncm
320 4431 413 4494 illius
426 4431 583 4494 bonicum
595 4431 675 4493 bono
686 4430 869 4511 spirituali,
880 4439 912 4492 et
923 4431 972 4493 sic
979 4431 1200 4516 conjunctior!
