2716 4986
139 453 200 535 898
448 463 696 514 nrocnuvrsrs
720 461 945 513 axrmcnsn.

138 632 314 715 dejiciendi
342 634 374 696 in
401 633 576 706 infernum,
600 632 834 713 intelligantur
858 651 918 713 per
941 629 1108 694 “corbem
1135 627 1250 693 ficuum

138 728 300 791 malarum
314 728 339 804 ;”
358 749 459 809 quare
477 729 518 791 de
535 728 586 790 his
601 728 732 801 dicitur,
749 727 839 808 quod
854 732 949 788 “non
966 725 1099 789 comedi
1116 734 1251 806 possent
1345 746 1357 784 .-

138 842 217 903 prae
236 822 393 895 malitia,''
413 843 471 904 per
489 822 579 903 quod
600 820 808 901 significatur
825 820 916 901 quod
939 819 1080 882 interius
1098 817 1197 895 mali;
1219 828 1252 880 et

138 915 180 977 de
210 914 285 990 illis,
313 917 403 998 quod
432 917 545 978 “sicut
575 914 656 977 ficus
686 915 848 996 primitias
877 911 1054 986 ferentes,”
1082 932 1143 993 per
1167 911 1251 994 quod

137 1008 343 1090 significatur
364 1009 454 1091 quod
482 1010 620 1073 interius
647 1009 736 1081 boni,
761 1017 797 1071 ut
821 1027 946 1070 novum
969 1006 1103 1070 caelum
1126 1006 1170 1069 ab
1192 1006 1253 1068 illis
1357 1040 1358 1045 ι

136 1103 317 1180 formetur;
346 1101 478 1165 “ficus”
501 1104 590 1165 enim
614 1111 651 1165 ut
678 1098 802 1164 fruetus
825 1099 992 1182 significat
1015 1101 1144 1163 bonum
1167 1101 1254 1163 vitae

137 1197 170 1259 in
189 1197 322 1260 interna
341 1208 375 1260 et
395 1196 492 1259 simul
517 1198 549 1259 in
568 1207 713 1259 externa
731 1195 848 1269 forma,
868 1204 904 1257 et
927 1195 961 1257 in
978 1194 1140 1276 opposito
1158 1213 1254 1257 sensu

137 1289 304 1370 significat
327 1291 454 1353 bonum
477 1291 567 1353 vitae
590 1289 699 1352 solum
722 1290 755 1351 in
779 1299 924 1351 externa
946 1288 1065 1362 forma,
1089 1287 1181 1370 quod
1204 1297 1254 1350 est
1354 1321 1358 1342 ι

138 1383 262 1446 malum
274 1386 375 1458 vitae,
387 1386 463 1465 quia
476 1384 600 1446 malum
614 1392 665 1446 est
680 1383 818 1446 interius
830 1404 838 1458 ;
857 1391 1040 1445 externum
1053 1381 1145 1444 enim
1157 1401 1255 1444 omne
1348 1413 1354 1417 ·

137 1497 231 1539 suum
248 1478 347 1560 quale
363 1479 466 1542 trahit
486 1479 529 1540 ab
545 1480 690 1551 interno,
708 1496 786 1539 nam
806 1487 858 1539 est
875 1473 1014 1539 effeRus
1030 1474 1111 1556 ejus.
1157 1475 1255 1556 Quod
1328 1508 1355 1534 ι

138 1572 263 1633 malum
282 1582 443 1652 appareat
463 1573 495 1633 in
516 1573 668 1634 externis
687 1581 724 1634 ut
745 1571 871 1633 bonurn
890 1570 978 1651 apud
1003 1569 1090 1644 illos,
1110 1571 1247 1651 estqui
1321 1602 1355 1628 τ,

139 1666 347 1728 mentiuntur
364 1666 488 1727 bonum
505 1678 643 1746 propter
660 1665 797 1739 malum,
814 1665 903 1746 quod
916 1666 1010 1726 intus
1026 1674 1091 1738 est,
1108 1665 1153 1726 ad
1169 1664 1336 1727 obti—

138 1754 286 1822 nendum
320 1759 432 1834 finem,
463 1761 514 1822 cui
548 1760 674 1822 bonum
703 1780 869 1842 apparens
898 1760 1002 1822 servit
1031 1770 1069 1823 ut
1100 1757 1275 1822 medium.
1296 1783 1357 1826 n

138 1852 253 1917 Simile
276 1853 397 1915 dicitur
419 1854 462 1915 de
486 1853 551 1916 illis
570 1855 625 1935 qui
649 1863 905 1936 permanserunt
928 1855 961 1915 in
985 1863 1077 1916 terra
1099 1851 1358 1921 Canama,-

139 1947 218 2011 alibi
236 1949 324 2031 apud
345 1949 500 2024 eundem,

189 2088 257 2138 “Sic
269 2089 335 2138 dixit
347 2088 468 2152 Jehovah
480 2089 514 2137 de
526 2099 681 2150 rege....et
693 2090 726 2137 de
739 2089 866 2138 universo
884 2088 983 2151 populo
1000 2087 1141 2137 habitante
1155 2088 1206 2137 lu
1233 2111 1237 2126 ι
1294 2116 1322 2132 ·
1349 2119 1353 2134 .

269 2156 318 2202 hac
320 2191 389 2211 .....
395 2155 438 2216 qui
452 2170 505 2203 non
516 2156 656 2203 exiverunt
666 2155 803 2203 vobiscum
816 2155 843 2203 ln
855 2155 1039 2216 captivitatem
1041 2190 1113 2211 .....
1120 2152 1254 2214 Eccelig·
1299 2182 1325 2213 :
1347 2184 1350 2216 3

268 2221 378 2268 mittens
392 2219 418 2267 in
434 2235 480 2268 eos
495 2219 622 2281 gladium,
638 2218 746 2277 tarnem,
761 2229 787 2267 et
806 2229 917 2281 pestem,
931 2227 958 2267 et
969 2219 1041 2268 dabo
1052 2233 1101 2268 eoa
1113 2219 1182 2268 sicut
1196 2218 1355 2274 fiettt,

269 2285 397 2341 horridas,
412 2299 479 2348 quae
492 2299 546 2332 non
559 2285 663 2333 cornedi
676 2293 789 2346 possunt
801 2297 865 2346 pree
877 2282 1000 2332 mulltla”
1013 2283 1096 2344 (xxix.
1108 2284 1147 2343 1⁶,
1160 2283 1209 2344 172

203 2445 264 2530 [e.]
296 2447 397 2527 Quod
416 2446 551 2508 “licus''
567 2456 603 2508 ut
622 2447 723 2509 arbor
741 2447 774 2508 in
793 2447 955 2528 opposito
969 2466 1072 2509 sensu
1088 2445 1305 2528 significa
1323 2475 1355 2518 :e

139 2539 308 2600 hominem
324 2560 413 2601 mere
429 2538 628 2612 naturalem,
642 2549 677 2601 et
690 2538 867 2601 ecclesiam
881 2560 900 2601 a
912 2538 1086 2612 similibus,
1100 2559 1159 2601 seu
1171 2557 1358 2620 uptun

141 2653 226 2713 quos
249 2653 316 2694 non
340 2643 392 2695 est
417 2635 541 2695 bonum
566 2633 718 2696 naturale
741 2635 817 2714 quia
840 2642 984 2696 nonest
1008 2634 1136 2697 bonum
1159 2634 1357 2702 ineman

140 2736 278 2789 constat
297 2728 385 2808 apud
404 2727 537 2801 Lucam,

188 2867 266 2933 Jesus
281 2870 371 2918 “dixit
382 2871 450 2918 hanc
463 2870 632 2932 parabolam:
653 2866 769 2917 turicum
782 2869 898 2917 habebat
909 2868 1005 2932 aliquis
1019 2868 1046 2917 in
1059 2869 1140 2918 vinea
1158 2868 1225 2930 plan·
1242 2885 1350 2925 1:112

269 2944 332 2991 tam,
347 2937 420 2984 venit
433 2950 497 2996 ergo
515 2932 629 2983 fruetum
644 2948 775 2996 quaerens
793 2935 819 2982 ln
832 2935 923 2983 cased
942 2949 996 2982 non
1011 2935 1131 2989 invenit:
1148 2935 1214 2983 dixit
1256 2943 1355 2991 :aad

270 3001 420 3057 vinitorem,
435 3000 502 3048 Ecce
512 3011 565 3048 tres
575 3015 662 3048 annos
673 3000 752 3047 venio
762 3014 893 3062 quaerens
905 2997 1019 3047 lrudlum
1034 3001 1060 3047 in
1071 2999 1122 3048 ficu
1134 3000 1192 3057 hac,
1204 3015 1350 3056 τισι]

270 3076 357 3113 autern
372 3066 496 3119 invenio:
514 3065 640 3112 exscinde
654 3064 734 3119 illam,
749 3064 853 3126 utquid
869 3065 949 3112 etiam
964 3074 1062 3113 terram
1075 3065 1346 3126 intmgiter-Jam

270 3130 366 3179 iaciat?
402 3130 452 3177 llic
465 3145 528 3177 vero
544 3131 710 3191 respondens
723 3130 797 3185 dixit,
814 3129 938 3186 Domine,
953 3129 1072 3192 relinque
1091 3129 1164 3179 illam
1178 3130 1342 3186 etifi‘am

270 3196 319 3243 hoe
328 3211 409 3252 anno,
420 3196 573 3257 usquedum
584 3195 684 3243 fodiam
693 3196 792 3243 circum
803 3195 883 3249 illam,
893 3203 920 3243 et
928 3193 1052 3255 adjiciam
1060 3204 1172 3254 stercus,
1181 3195 1338 3259 oitxgui.

269 3261 329 3308 dem
343 3261 434 3308 iecerit
447 3257 578 3318 fructum,
597 3260 638 3308 sin
652 3260 748 3316 minus,
759 3261 785 3308 in
802 3259 918 3307 futurum
931 3260 1072 3309 exscindae
1085 3260 1158 3309 illum
1167 3258 1181 3280 ''
1192 3262 1329 3319 (-iii,

270 3327 342 3387 tr<al:

140 3489 199 3549 per
219 3467 403 3530 “vineam'’
422 3469 455 3529 in
475 3489 540 3549 qua
563 3477 634 3529 erat
656 3465 794 3539 “ficus’'
814 3465 1021 3547 significatur
1039 3466 1183 3531 ecclesia
1207 3470 1315 3537 *rbi

139 3563 241 3624 etiam
261 3562 308 3624 illi
328 3564 382 3643 qui
404 3563 436 3624 in
456 3563 609 3624 externis
632 3571 721 3634 sunt,
739 3581 817 3623 nam
836 3562 868 3623 in
888 3560 1032 3624 ecclesia
1051 3561 1188 3625 Domini
1239 3578 1303 3630 est

140 3656 307 3718 internum
328 3668 362 3718 et
383 3667 583 3733 externum;
608 3657 776 3718 internum
796 3656 958 3719 ecclesiae
982 3665 1035 3720 est
1054 3657 1210 3721 charitas
1263 3672 1292 3725 et

140 3749 217 3812 inde
235 3749 327 3823 fides,
343 3761 522 3812 externum
536 3762 649 3812 autem
666 3749 829 3812 ecclesiae
846 3761 898 3813 est
915 3751 1041 3813 bonum
1053 3752 1164 3814 vitae:
1184 3752 1280 3832 quia

140 3865 243 3926 opera
259 3845 432 3906 charitatis
449 3855 484 3907 et
504 3843 589 3916 fidei,
607 3864 692 3925 quae
710 3855 787 3906 sunt
807 3845 931 3907 bonum
949 3846 1050 3919 vitae,
1065 3855 1145 3908 sunt
1162 3851 1270 3907 natu-

139 3939 217 4001 ralis
237 3939 391 4011 hominia,
412 3951 446 4000 et
466 3940 537 4019 ipsa
557 3938 703 4000 charitas
723 3948 757 4000 et
782 3939 858 4001 inde
883 3937 964 4000 fides
983 3951 1061 4002 sunt
1080 3934 1261 4021 spiritualis

140 4032 295 4106 hominis,
315 4033 391 4094 inde
411 4054 469 4114 per
487 4033 647 4094 “vineam
658 4031 672 4054 ”
688 4032 893 4112 significatur
909 4033 1072 4096 ecclesiae
1091 4035 1250 4096 internum

139 4136 174 4188 et
191 4147 250 4207 per
265 4134 283 4157 ‘⁸
295 4125 391 4188 ficum
402 4126 416 4149 ”
428 4137 607 4188 externum
625 4125 704 4205 ejus.
739 4126 841 4207 Apud
858 4137 998 4207 gentem
1010 4127 1182 4208 Judaicam
1199 4123 1245 4190 suit

141 4221 243 4281 modo
259 4232 439 4282 externum
456 4220 629 4291 ecclesiae,
647 4222 722 4301 quia
741 4221 772 4281 in
793 4220 885 4283 cultu
901 4231 1047 4284 externo
1063 4238 1239 4303 repraesen-

139 4316 248 4377 tativo
265 4324 358 4389 erat;
382 4335 483 4394 quare
502 4334 559 4394 per
577 4320 595 4344 ¹‘
607 4313 728 4375 ficum''
744 4314 886 4377 ecclesia
902 4315 989 4395 apud
1009 4314 1101 4377 illam
1118 4324 1235 4396 gentem
1338 4349 1347 4365 .

140 4407 357 4487 intelligitur:
388 4407 448 4468 sed
472 4408 548 4488 quia
575 4409 607 4469 in
632 4407 723 4469 cultu
747 4419 892 4471 externo
915 4419 1023 4484 erant,
1047 4419 1082 4473 et
1109 4410 1143 4472 in
1162 4405 1234 4470 nullo
1334 4456 1339 4473 .
