2684 4988
436 487 516 537 cnn.
534 486 622 545 v111.,
640 485 743 535 verm.
764 486 891 552 13.-u.
910 486 980 554 5³2·
1186 485 1265 553 1317

119 678 251 741 quare
274 659 397 722 dicitur
419 657 509 740 quod
535 662 644 719 “tunc
668 655 837 718 residuum
860 665 953 719 esset
980 655 1090 718 minus
1114 653 1267 737 pusillo,'’

123 775 205 835 per
225 755 316 836 quod
336 751 545 833 significatur
567 752 658 833 quod
682 770 750 815 non
773 750 938 834 amplius;
971 757 1069 814 “tres
1092 752 1171 814 anni
1180 750 1195 775 ’⁹
1214 751 1266 814 di·

125 860 281 923 cuntur,
299 859 333 911 et
354 869 413 930 per
428 847 506 910 illos
522 846 725 928 intelligitur
739 856 1025 921 consummatum,
1041 848 1090 909 ita
1106 867 1126 909 a
1142 846 1267 928 princi·

129 946 203 1024 pio
227 945 270 1006 ad
294 942 405 1006 finem.
451 940 634 1006 Sciendum
657 951 710 1005 est
733 941 824 1024 quod
847 940 957 1005 simile
980 939 1188 1021 significetur
1207 961 1267 1023 per

134 1046 249 1101 “tres
268 1036 399 1099 annos”
418 1036 507 1118 quod
527 1057 586 1118 per
607 1042 704 1099 “tres
723 1035 888 1108 menses,”
907 1056 966 1118 per
984 1041 1083 1099 “tres
1102 1035 1266 1117 septima-

135 1131 239 1203 nas‚”
252 1137 350 1194 “tres
363 1129 466 1204 dies,”
478 1150 603 1212 perque
616 1135 713 1194 “tres
729 1129 831 1193 horas
844 1129 870 1207 ;”
885 1129 1045 1212 quoniam
1057 1133 1077 1161 “
1087 1139 1243 1211 tempora
1251 1129 1267 1153 ''

139 1228 180 1288 in
210 1247 312 1289 sensu
338 1225 504 1307 spirituali
528 1224 721 1306 significant
749 1235 872 1299 status,
896 1235 932 1288 et
957 1225 1054 1288 “tria
1080 1222 1267 1306 tempora,”

140 1323 219 1384 sive
237 1320 365 1400 majora
383 1321 453 1383 sive
473 1321 603 1382 minora
622 1321 701 1395 sint,
719 1330 849 1383 statum
866 1319 1014 1402 plenum.
1060 1317 1164 1401 Apud
1184 1337 1266 1381 eun·

144 1416 240 1489 dem,
1164 1407 1168 1417 '

202 1552 218 1574 ¹¹
226 1551 297 1600 Sicut
308 1551 356 1599 ivit
365 1566 459 1600 servus
470 1566 545 1599 meus
557 1551 652 1600 Esaias
663 1553 750 1601 nudus
760 1561 787 1600 et
798 1551 976 1601 discalceatus
984 1562 1039 1601 tres
1049 1566 1145 1609 annos,
1158 1552 1267 1614 signum

280 1627 307 1665 et
317 1617 469 1678 prodigium
480 1632 562 1678 super
572 1618 697 1679 Aegypto
706 1628 733 1667 et
741 1631 823 1679 super
836 1617 956 1674 Kuscho,
968 1618 1007 1666 sic
1017 1618 1097 1667 ducet
1107 1632 1155 1667 rex
1164 1618 1269 1667 Aschu-

281 1683 317 1730 ris
332 1683 516 1743 captivitatem
529 1683 656 1744 Aegypti,
671 1693 698 1732 et
711 1685 817 1731 turbam
831 1683 1028 1745 deportandam
1045 1683 1155 1741 Kuschi,
1170 1697 1268 1746 pueros

280 1759 307 1796 et
318 1763 407 1804 senes,
422 1748 523 1796 nudum
537 1758 563 1796 et
575 1748 766 1797 discalceatum
774 1748 788 1768 ''
800 1751 855 1809 (xx.
866 1760 889 1809 3,
898 1750 938 1810 4):

154 1899 209 1959 per
229 1879 483 1962 “Aegyptum''
503 1889 537 1942 et
558 1901 616 1962 per
637 1880 870 1943 “Kuschum”
889 1900 956 1943 non
976 1880 1179 1962 intelligitur
1195 1880 1267 1944 Ae·

153 1984 277 2055 gyptus
295 1984 331 2037 et
349 1973 479 2047 Kusch,
497 1976 556 2037 sed
577 1996 635 2056 per
656 1973 886 2057 “Aegyptum
895 1975 910 2000 ”
929 1975 1132 2057 intelligitur
1150 1986 1267 2040 exter·

154 2086 228 2130 num
252 2089 311 2131 seu
336 2069 490 2131 naturale
513 2070 623 2150 quoad
645 2069 877 2145 scientificum,
897 2080 933 2134 et
957 2091 1017 2152 per
1036 2069 1268 2132 “Kuschum”

153 2175 331 2226 externum
355 2185 414 2226 seu
437 2155 591 2227 naturale
614 2165 726 2246 quoad
750 2166 901 2241 cultum;
931 2186 1018 2248 quae
1040 2184 1117 2229 cum
1139 2166 1268 2247 absque

150 2260 285 2325 interno
308 2262 472 2343 spirituali
496 2273 586 2335 sunt,
610 2265 715 2326 etiam
738 2265 865 2346 absque
888 2285 969 2327 vero
995 2272 1031 2327 et
1054 2264 1145 2326 bono
1167 2274 1267 2340 sunt;

150 2374 227 2419 nam
251 2376 353 2419 omne
377 2376 493 2420 verum
515 2367 550 2421 et
576 2377 676 2421 omne
700 2359 827 2422 bonum
850 2359 939 2441 quod
964 2369 1016 2422 est
1040 2358 1185 2422 naturali
1208 2379 1269 2421 seu

146 2462 296 2514 externo
316 2451 443 2513 homini
462 2463 515 2514 est
539 2473 583 2514 ex
603 2451 730 2515 influxu
750 2473 809 2535 per
827 2453 1036 2535 spiritualem
1056 2454 1229 2516 hominem
1248 2473 1269 2515 a

145 2541 318 2621 Domino;
346 2556 381 2608 et
405 2565 481 2608 cum
505 2547 632 2629 absque
655 2568 736 2610 vero
759 2558 794 2610 et
818 2547 920 2622 bono,
944 2559 998 2611 est
1022 2547 1185 2610 naturalis
1208 2569 1267 2610 seu

140 2652 313 2703 externus
333 2640 436 2703 homo
455 2642 566 2722 quoad
590 2641 648 2704 illa
668 2663 754 2723 quae
777 2642 822 2705 ibi
844 2644 932 2705 sicut
951 2643 1056 2706 homo
1077 2643 1213 2705 “nudus
1232 2652 1267 2705 et

140 2734 414 2797 discalceatus:”
445 2736 536 2817 quod
563 2746 661 2799 erunt
693 2737 795 2801 modo
822 2738 999 2800 ratiocinia
1026 2758 1071 2800 ex
1101 2737 1203 2811 salsis,
1232 2747 1268 2799 et

140 2832 239 2913 quod
262 2829 321 2894 illa
344 2831 533 2904 destruent,
557 2829 766 2911 significatur
789 2853 848 2914 per
873 2834 964 2915 quod
990 2839 1079 2896 “rex
1103 2831 1268 2895 Aschuris

142 2927 251 2988 ducet
267 2926 506 3006 captivitatem
524 2923 689 3006 Aegypti,
706 2934 742 2989 et
758 2926 893 2989 turbam
910 2926 1159 3009 deportandam
1177 2926 1267 2988 Kus-

143 3020 214 3093 chi,
236 3019 362 3081 nudum
381 3029 416 3082 et
437 3019 680 3082 discalceatum
693 3019 719 3082 :n
743 3021 833 3102 quod
853 3022 1001 3103 peritura
1024 3022 1067 3085 sit
1088 3020 1197 3083 omnis
1216 3021 1267 3083 in·

147 3116 310 3177 nocentia
337 3124 371 3177 et
399 3116 509 3177 omnis
537 3116 714 3196 sapientia,
739 3115 949 3197 significatur
975 3136 1035 3198 per
1058 3123 1210 3198 “pueros
1232 3126 1268 3178 et

149 3210 278 3282 senes,”
302 3231 386 3293 quos
411 3216 501 3272 “rex
526 3208 692 3272 Aschuris
718 3211 865 3275 abducet
878 3210 905 3273 :”
939 3208 1126 3274 destructio
1152 3229 1268 3274 eorum

150 3304 269 3368 totalis
293 3314 328 3367 et
352 3303 503 3385 plenaria
521 3305 842 3385 repraesentabatur
864 3326 923 3387 per
942 3306 1157 3388 prophetam,
1177 3304 1269 3387 quod

152 3401 278 3462 “iverit
296 3410 366 3461 tres
382 3418 490 3461 annos
507 3399 615 3461 nudus
631 3410 666 3463 et
683 3399 910 3464 discalceatus
922 3400 949 3479 ;''
974 3407 1072 3464 “tres
1085 3401 1163 3463 anni
1171 3399 1186 3424 '¹
1199 3401 1269 3481 sig·

151 3493 289 3557 nificant
313 3495 482 3574 integram
506 3494 680 3573 periodum
704 3515 723 3556 a
743 3496 907 3577 principio
929 3496 972 3558 ad
994 3494 1106 3570 finem,
1127 3495 1268 3578 proinde

151 3589 295 3653 totalem
315 3585 591 3652 destructionem.
637 3587 740 3671 Apud
760 3588 955 3665 Hosclteam,

231 3731 353 3796 Jehovah
368 3730 541 3780 “vivificabit
553 3741 616 3793 post
628 3732 746 3791 biduum,
761 3732 804 3780 die
818 3732 898 3782 tertio
910 3733 996 3795 eriget
1009 3748 1059 3782 nos
1069 3731 1084 3751 ”
1095 3731 1142 3795 (vl.
1155 3731 1194 3792 al:

151 3886 210 3947 per
230 3863 426 3927 “vivificare
446 3874 524 3946 post
543 3865 692 3938 biduum,
712 3874 748 3929 et
767 3866 822 3929 die
841 3867 945 3929 tertio
963 3865 1123 3947 erigere,”
1141 3863 1268 3946 signifi-

151 3971 247 4023 catur
260 3960 439 4023 reformare
453 3971 488 4022 et
503 3969 692 4023 restaurare
705 3960 883 4023 ecclesiam
896 3982 903 4037 ;
931 3967 949 3993 ‘⁶
959 3962 1013 4023 die
1026 3962 1129 4024 tertio
1137 3959 1152 3982 ”
1165 3960 1268 4041 signi-

152 4053 231 4117 ficat
251 4054 388 4136 plenam
404 4055 679 4117 reformationem
699 4064 735 4119 et
754 4055 1048 4128 restaurationem,
1065 4074 1167 4136 quare
1186 4053 1269 4116 dici·

153 4160 207 4211 tur
222 4149 312 4230 quod
330 4159 410 4211 tunc
430 4150 567 4229 “eriget
580 4148 606 4226 ;”
628 4149 720 4231 quod
739 4168 801 4212 nec
818 4148 956 4211 biduum
976 4167 1037 4210 nec
1057 4148 1129 4210 dies
1149 4148 1269 4209 tertius

152 4243 374 4324 intelligatur,
395 4254 543 4306 constat.
591 4243 760 4324 Quoniam
780 4261 938 4305 numerus
956 4242 1122 4306 ternarius
1141 4239 1269 4322 signifi·

152 4342 253 4403 cabat
286 4339 496 4420 completum
527 4360 632 4421 usque
661 4338 705 4400 ad
735 4337 847 4410 finem,
878 4337 955 4400 ideo
986 4338 1014 4399 is
1044 4355 1201 4398 numerus
1235 4336 1269 4398 in

154 4432 308 4498 Ecclesia
333 4433 640 4516 Repraesentativa
662 4441 819 4515 receptus
842 4442 907 4509 est,
930 4440 965 4496 et
988 4430 1160 4494 adhibitus
1183 4449 1268 4511 quo-
