2684 4988
352 491 431 542 cnr.
448 491 538 554 vnn,
555 490 658 541 vens.
674 489 784 559 9.—rr.
804 474 922 559 514[c].
1117 491 1196 556 1²73

46 665 130 723 tur
150 660 193 724 de
212 660 372 724 rationali
390 660 538 736 homine,
556 669 591 724 et
609 659 805 743 “quercus'’
821 660 863 722 de
883 659 1038 731 naturali,
1056 677 1095 721 ac
1116 656 1196 720 rati·

45 753 168 817 onali
184 753 314 816 homini
333 763 386 818 est
405 753 646 835 intelligentia,
664 764 700 817 et
719 753 865 815 naturali
885 753 1012 815 homini
1032 752 1195 815 scientia:

45 865 134 926 per
161 853 329 911 “montes
352 848 442 910 altos
468 858 504 910 et
532 847 638 911 colles
666 846 800 910 elatos”
823 845 1056 927 significantur
1080 846 1136 927 qui
1163 844 1196 905 in

43 957 195 1000 amore
218 939 269 1000 sui
291 948 326 1001 et
348 940 381 1001 in
403 958 519 1001 amore
542 937 659 1000 mundi
681 947 760 1000 sunt
783 953 903 1013 (videatur
919 966 998 1010 supra,
1014 966 1037 998 n.
1053 950 1196 1015 4o5[g]):

49 1049 135 1110 per
163 1031 313 1093 “turrim
333 1029 537 1101 excelsam,’'
558 1036 622 1093 “et
642 1049 771 1092 murum
792 1028 987 1102 munitum‚”
1006 1026 1198 1108 significan·

46 1132 128 1186 tur
148 1123 312 1205 principia
327 1122 400 1186 salsi
417 1122 628 1196 confirmata,
646 1125 695 1185 ita
710 1143 843 1205 quoque
859 1123 906 1185 illi
922 1124 977 1203 qui
994 1123 1026 1184 in
1043 1123 1082 1183 iis
1098 1130 1196 1183 sunt:

48 1237 134 1298 per
155 1222 291 1279 “naves
307 1216 566 1289 Tharschisch,’'
582 1226 617 1279 et
637 1237 696 1298 per
714 1218 911 1297 “imagines
927 1213 1112 1287 desiderii,”
1128 1215 1199 1294 sig·

50 1308 260 1374 nificantur
282 1308 481 1373 doctrinalia
505 1310 589 1372 salsa
611 1310 759 1373 faventia
774 1310 930 1390 jucundis
953 1328 1106 1371 amorum
1129 1318 1199 1371 ter·

51 1404 257 1467 restrium:
297 1401 482 1466 destruetio
514 1403 620 1467 fastus
656 1425 701 1466 ex
738 1405 870 1485 propria
903 1402 1131 1483 intelligentia
1164 1410 1200 1464 et

55 1498 236 1570 scientia,
256 1497 459 1578 intelligitur
483 1517 541 1579 per
565 1504 632 1560 “ut
656 1497 850 1560 destruatur
869 1497 1024 1578 superbia
1042 1495 1199 1569 hominis,

55 1600 109 1654 et
126 1589 354 1673 [humilietur]
368 1591 517 1653 altitudo
533 1592 679 1653 virorum
692 1589 718 1667 ;”
742 1591 832 1674 quod
845 1592 954 1652 omnis
969 1588 1199 1669 intelligentia

60 1695 112 1748 et
139 1685 286 1746 scientia
308 1685 352 1746 sit
379 1705 399 1746 a
428 1684 586 1756 Domino,
611 1682 822 1764 significatur
849 1704 908 1765 per
932 1691 998 1745 “ut
1026 1681 1200 1744 exaltetur
1300 1709 1304 1717 ·

58 1776 236 1858 Jehovah
254 1777 345 1839 solus
368 1778 401 1839 in
425 1778 479 1840 die
498 1776 586 1839 illo.‘'
631 1776 788 1840 Creditur
806 1777 895 1858 quod
920 1776 1063 1838 scientia
1087 1776 1131 1837 sit
1154 1794 1199 1837 ex

66 1871 242 1947 homine;
273 1871 333 1933 sed
361 1872 504 1933 scientia
531 1881 699 1952 quatenus
722 1871 861 1933 inservit
886 1869 1146 1950 intelligentiae,
1167 1868 1200 1930 in

68 1985 148 2048 qua
169 1974 223 2026 est
243 1966 417 2046 perceptio
436 1965 515 2037 veri,
535 1973 589 2027 est
607 1985 627 2026 a
646 1963 721 2026 solo
742 1963 900 2026 Domin0.

145 2054 208 2138 [c.]
240 2055 345 2138 Apud
362 2055 517 2130 Esaiam,

135 2178 168 2229 ln
181 2178 264 2228 Zione
277 2188 303 2228 et
320 2179 509 2241 Hierosolyma
523 2178 706 2240 “magnificus
724 2177 847 2243 Jehovab
865 2177 951 2235 nobis,
964 2176 1038 2224 locus
1051 2175 1201 2233 fluviorum,

215 2243 340 2301 fluminis,
355 2244 501 2293 latitudinis
514 2244 677 2306 spatiorum:
696 2258 750 2292 non
764 2243 811 2292 ibit
824 2244 851 2291 in
863 2258 897 2291 eo
912 2243 987 2290 navis
1000 2242 1074 2298 remi,
1086 2251 1113 2290 et
1125 2241 1203 2290 navis

215 2309 357 2371 magnifica
369 2325 423 2358 non
439 2309 562 2358 transibit
574 2323 635 2358 eurn
643 2308 657 2327 ’⁹
667 2309 767 2370 (xxxiii.
780 2309 836 2369 τηε

82 2443 144 2504 per
159 2429 178 2454 “
189 2422 329 2485 Zionem
339 2423 353 2445 ”
366 2433 400 2486 et
416 2429 435 2455 ‘⁸
446 2420 745 2503 Hierosolymam'¹
758 2421 960 2502 intelligitur
973 2419 1118 2482 ecclesia
1132 2419 1203 2482 Do·

85 2518 178 2588 mini,
199 2536 258 2598 per
278 2516 472 2579 “Zionem''
491 2516 635 2578 ecclesia
654 2515 709 2579 ubi
728 2526 850 2596 regnat
870 2516 996 2577 bonum
1016 2514 1150 2586 amoris,
1168 2524 1203 2576 et

87 2630 145 2690 per
163 2609 468 2690 “Hierosolymam
480 2608 495 2632 ”
509 2610 562 2671 ubi
576 2629 690 2671 verum
704 2606 877 2671 dodlrinae
891 2630 898 2684 ;
922 2609 966 2670 ibi
983 2608 1105 2669 dicitur
1121 2606 1204 2688 “Je-

89 2702 201 2765 hovah
230 2702 452 2784 magnificus”
475 2703 611 2785 quando
639 2701 793 2764 homines
820 2701 984 2764 ecclesiae
1012 2700 1100 2763 tales
1126 2711 1205 2764 sunt

89 2807 124 2859 ut
143 2798 212 2860 sint
229 2798 442 2878 receptiones
463 2796 574 2859 Divini
599 2796 683 2858 Boni
703 2807 738 2858 et
756 2794 838 2858 Veri
858 2816 878 2857 a
899 2795 1064 2857 Domino:
1090 2806 1125 2857 et
1145 2815 1205 2857 vo·

88 2900 186 2953 catur
209 2889 294 2953 Zion
317 2901 352 2953 et
379 2889 620 2970 Hierosolyma
641 2888 764 2950 “locus
787 2888 974 2960 fluviorum,
995 2887 1149 2960 fluminis,
1170 2897 1205 2950 et

90 2982 278 3046 latitudinis
298 2983 514 3064 spatiorum,”
533 2982 669 3064 quando
692 2982 802 3044 omnis
825 2980 959 3043 illorum
979 2982 1146 3062 sapientia
1169 2991 1206 3044 et

88 3077 317 3158 intelligentia
336 3096 375 3139 ac
396 3077 521 3139 bonum
540 3085 575 3138 et
594 3094 710 3138 verum
730 3086 808 3137 sunt
828 3096 847 3136 a
870 3074 1018 3136 Domino
1030 3096 1038 3151 ;
1064 3074 1181 3137 “fluvii
1190 3074 1206 3096 ”

88 3170 281 3252 significant
305 3172 518 3252 sapientiam,
540 3168 715 3232 “flumen''
734 3168 1009 3249 intelligentiam,
1032 3168 1207 3231 “latitudo

90 3264 300 3346 spatiorum”
323 3284 402 3327 vera
429 3285 473 3327 ex
498 3264 588 3326 bono
615 3264 648 3324 in
676 3261 893 3324 multitudine
921 3270 956 3324 et
983 3263 1205 3324 extensione:

92 3364 187 3421 “non
207 3357 268 3420 ibit
288 3359 321 3420 in
341 3378 381 3420 eo
401 3358 496 3419 navis
515 3358 607 3430 remi,
625 3365 660 3419 et
680 3357 775 3417 navis
795 3353 975 3435 magnifica
996 3374 1062 3416 non
1083 3355 1207 3417 transi·

91 3452 138 3515 bit
158 3451 265 3525 eum,”
285 3450 455 3531 significat
472 3450 561 3532 quod
582 3469 649 3512 non
673 3451 707 3511 in
727 3447 872 3511 ecclesia
891 3450 954 3510 erit
978 3448 1208 3528 intelligentia

92 3555 124 3608 et
144 3547 312 3627 sapientia
331 3565 375 3606 ex
395 3545 550 3626 proprio;
576 3545 699 3605 “navis
718 3541 823 3605 remi”
843 3551 895 3604 est
915 3541 1144 3622 intelligentia
1163 3561 1208 3603 ex

94 3641 236 3721 proprio,
256 3640 334 3720 quia
352 3639 486 3700 ducitur
508 3638 552 3699 ab
574 3636 769 3699 hominibus
792 3655 852 3716 per
870 3654 1003 3711 remos;
1027 3645 1061 3696 et
1083 3634 1208 3696 “navis

94 3731 294 3814 magnifica”
307 3743 359 3794 est
376 3732 543 3812 sapientia
555 3751 600 3793 ex
617 3730 764 3810 propri0,
782 3728 860 3810 quia
879 3727 983 3789 homo
999 3748 1043 3789 ex
1061 3728 1118 3789 illa
1132 3727 1209 3809 glo·

94 3828 195 3890 riatur
208 3837 243 3889 et
256 3825 406 3908 superbit
423 3847 429 3902 ;
455 3831 473 3856 “
484 3823 602 3886 navis”
613 3825 701 3886 enirn
715 3821 883 3903 significat
897 3821 1161 3902 intelligentiam
1174 3831 1209 3885 et

94 3921 294 4003 sapientiam
311 3919 447 4001 quando
463 3919 557 3980 vadit
577 3918 610 3980 in
627 3917 709 3979 mari
726 3928 761 3980 et
782 3917 915 3986 transit,
934 3917 980 3977 sic
997 3916 1087 3977 enim
1104 3927 1156 3978 est
1176 3916 1209 3978 in

92 4030 188 4077 cursu
202 4012 331 4076 vehens
344 4033 420 4074 suas
433 4032 516 4092 opes
531 4031 537 4074 :
559 4011 649 4093 quod
662 4010 715 4072 hic
730 4030 797 4071 non
811 4009 1023 4089 intelligatur
1035 4010 1140 4080 navis,
1153 4029 1211 4089 pa·

92 4113 155 4183 tet,
169 4107 247 4189 quia
260 4106 382 4168 dicitur
394 4106 436 4169 de
450 4105 554 4168 Zione
568 4115 603 4167 et
622 4102 871 4183 Hierosolyma.
918 4101 1020 4184 Apud
1033 4101 1209 4176 Davidem,

143 4238 160 4260 ‘⁸
169 4234 257 4286 Multa
271 4243 333 4282 sunt
347 4248 429 4295 opera
444 4243 497 4289 tua,
513 4231 634 4297 Jehovalt
646 4245 663 4288 ;.
674 4267 696 4280 ..
707 4231 769 4280 ,hoc
782 4244 856 4278 mare
870 4243 997 4292 magnum
1012 4238 1038 4277 et
1054 4229 1136 4277 latum
1151 4242 1212 4290 spa·

223 4299 276 4355 tiis,
292 4299 327 4347 ibi
343 4299 436 4360 reptile
450 4299 491 4346 cui
507 4313 561 4345 non
577 4311 712 4353 numerus,
727 4296 853 4343 animalia
865 4310 948 4356 parva
961 4309 1020 4342 curn
1034 4295 1155 4355 magnis:
1173 4293 1211 4341 ibi

224 4374 394 4421 naveseunt;
409 4364 542 4412 leviathan
552 4377 630 4427 quem
639 4362 761 4409 formasti
771 4361 804 4409 ad
815 4361 959 4408 ludendum
971 4361 996 4407 in
1008 4374 1055 4407 eo:
1072 4359 1163 4407 ornnia
1171 4356 1210 4406 Te

224 4428 389 4493 exspectant,
404 4440 432 4478 ut
444 4430 491 4478 des
503 4429 590 4478 cibum
603 4441 696 4476 eorum
709 4426 736 4475 in
749 4438 869 4489 tempore
881 4440 931 4474 suo
939 4425 952 4443 ''
965 4424 1020 4486 (Ps.
1031 4425 1082 4474 civ.
1094 4422 1199 4485 24-27):
