2684 4988
111 495 174 581 ⁶7²
422 509 673 562 nnocncvrsrs
694 510 920 562 sxrucnrn.

113 701 195 744 vera
214 679 294 743 boni
312 679 496 758 naturalis;
519 699 559 743 ac
580 700 639 761 per
659 685 803 762 “equos,
823 680 954 761 equites
967 689 1002 742 et
1016 677 1147 742 mulos”
1160 678 1269 760 sig*

111 772 267 837 nificatur
289 771 482 838 intellei‘tus
501 775 570 836 veri
593 783 628 836 et
652 773 743 847 boni,
769 794 828 854 per
852 779 986 855 “equos
995 773 1010 796 '¹
1033 769 1269 836 intelledtu3

111 869 191 943 veri,
210 888 269 950 per
286 867 447 950 “equites
456 867 471 892 ”
490 867 728 948 intelligentia,
743 877 778 930 et
795 887 855 949 per
871 866 1035 929 “mulos’'
1051 867 1257 929 rationale..

112 971 197 1032 (Quod
207 986 251 1030 per
261 968 274 985 '⁴
283 972 376 1017 mulum
384 971 398 986 '⁹
409 972 555 1029 significetur
566 972 688 1024 rationale,
699 972 808 1016 videntur
819 984 842 1017 n.
854 974 921 1026 2781,
933 982 1001 1029 5741,
1011 971 1093 1028 9212.)
1126 953 1247 1034 Quis-

111 1069 176 1130 que
195 1049 309 1111 videre
328 1057 444 1130 potest
464 1047 553 1130 quod
577 1068 636 1129 per
657 1048 938 1129 “negotiationes
957 1046 1068 1127 Tyri,”
1088 1066 1177 1129 quae
1197 1047 1241 1108 in

111 1142 171 1206 illo
190 1144 302 1224 capite
322 1152 357 1205 et
380 1142 459 1204 alibi
479 1153 728 1215 enumerantur,
750 1162 817 1204 non
837 1141 1073 1222 intelligantur
1093 1142 1246 1222 negoti-

111 1236 244 1300 atio'nes
263 1256 340 1299 cum
360 1235 493 1309 talibus,
515 1245 551 1298 ut
570 1255 646 1298 cum
664 1237 753 1297 vasis
772 1237 869 1308 aeris,
890 1236 983 1317 equis
1006 1245 1041 1298 et
1065 1234 1179 1308 mulis,
1197 1246 1240 1298 et:

111 1350 188 1394 cum
216 1331 365 1413 pluribus
392 1331 476 1404 aliis,
505 1331 564 1393 sed
593 1331 682 1412 quod
711 1330 949 1410 intelligantur
975 1331 1241 1410 negotiationes

112 1426 312 1507 spirituales,
326 1447 411 1508 quae
425 1425 508 1488 fiunt
523 1446 582 1507 per
595 1426 810 1507 cognitiones
823 1425 892 1487 veri
904 1433 939 1487 et
953 1425 1050 1510 boni:
1076 1423 1234 1486 Verbum

111 1521 201 1583 enim
220 1530 273 1584 est
294 1520 453 1582 Divinum
473 1529 508 1582 et
528 1519 570 1581 de
591 1518 722 1582 Divinis
741 1520 824 1600 agit,
845 1529 880 1581 et
905 1538 972 1580 non
996 1519 1038 1580 de
1058 1510 1234 1580 terrestri-

111 1613 192 1692 bus;
217 1636 319 1697 quare
343 1615 498 1677 continet
522 1612 718 1694 spiritualia,
739 1633 825 1694 quae
849 1622 928 1675 sunt
951 1612 1035 1674 caeli
1059 1622 1094 1674 et
1119 1613 1231 1674 eccle·

111 1707 191 1783 siae,
220 1729 306 1792 quae
333 1709 569 1789 exprimuntur
596 1708 629 1768 in
657 1726 757 1769 sensu
787 1706 918 1780 ultimo,
947 1707 1003 1787 qui
1030 1715 1083 1768 est
1111 1726 1230 1767 sensus

112 1798 262 1872 litterae,
276 1819 335 1880 per
352 1798 522 1860 naturalia
535 1818 621 1879 quae
639 1798 910 1879 correspondent
926 1797 1002 1859 illis.
1039 1814 1124 1870 (Quod
1136 1808 1229 1870 “nego

111 1886 162 1932 tiari
170 1887 182 1902 '¹
194 1896 218 1932 et
228 1892 242 1910 ⁴·
250 1887 347 1932 mercari
355 1886 368 1901 '¹
380 1887 404 1930 in
415 1886 497 1931 Verbo
508 1886 623 1944 significet
638 1886 785 1943 cognitiones
796 1886 843 1929 veri
859 1894 883 1929 et
898 1885 955 1930 boni
972 1898 1112 1942 comparare
1128 1893 1151 1929 et
1168 1899 1229 1930 com·

111 1954 239 2008 munionre,
251 1955 358 1999 videntur
368 1967 392 1998 n.
405 1955 471 2010 2967,
482 1965 554 2010 4453:
574 1961 597 1997 et
610 1954 676 2010 quod
690 1953 766 1997 simile
777 1957 790 1974 ¹·
799 1951 922 1997 l¹lemere''
934 1961 957 1997 et
968 1952 1116 2005 “vendere'’
1129 1966 1152 1997 n.
1165 1955 1228 2009 29⁶7·

111 2041 179 2164 ἓν.
196 2040 263 2114 4455.
281 2039 349 2086 ⁵371.
366 2039 435 2085 5374.
453 2024 546 2085 ΙΙ15466.
564 2039 632 2085 5466.
649 2028 717 2084 5466.
735 2028 802 2083 5886.
819 2028 888 2085 6149.
902 2040 970 2084 7999.
987 2028 1066 2086 9699)
1124 2010 1227 2091 Apud

145 2122 265 2176 saram,

163 2226 323 2290 “Quiduxit
333 2240 381 2274 eos
389 2227 566 2288 perabyssos,
576 2225 644 2274 sicut
655 2239 739 2287 equus
751 2225 778 2272 in
788 2224 895 2273 deserto
907 2239 960 2272 non
974 2224 1154 2281 offenderunt,
1165 2225 1229 2273 sicut

242 2292 329 2341 bestia
339 2292 365 2339 in
377 2291 447 2339 valle
456 2291 602 2348 descendit,
615 2291 723 2352 spiritus
733 2289 852 2354 Jehovae
864 2290 937 2339 duxit
946 2304 1006 2338 eum
1014 2289 1029 2308 ”
1039 2290 1113 2349 (lxiii.
1125 2302 1164 2350 13,
1177 2293 1227 2349 14):

111 2421 223 2501 agitur
246 2421 279 2482 in
304 2440 345 2482 eo
369 2420 481 2500 capite
505 2420 548 2481 de
573 2419 732 2491 Domino,
757 2428 792 2480 et
817 2418 859 2480 de
884 2419 992 2500 Ipsius
1015 2438 1130 2504 pugna
1154 2438 1228 2481 curn

111 2514 247 2576 infernis
271 2524 306 2578 et
330 2513 568 2594 subjugatione
592 2533 727 2589 eorum;
759 2511 812 2575 hic
836 2523 950 2575 autem
974 2512 1016 2575 de
1039 2512 1229 2575 salvatione

111 2627 226 2670 eorum
243 2609 348 2690 quiin
367 2627 483 2669 amore
501 2617 535 2669 et
553 2606 618 2669 fide
635 2609 667 2668 in
681 2607 796 2687 lpsum
814 2617 910 2668 sunt:
936 2606 970 2668 hi
986 2617 1229 2687 comparantur

113 2706 229 2784 “equo
245 2703 278 2764 in
295 2700 462 2775 desert0,”
479 2713 513 2764 et
533 2703 691 2764 “bestiae
707 2703 740 2763 in
757 2700 875 2773 valle,''
892 2702 967 2782 quia
983 2720 1042 2781 per
1056 2707 1208 2782 “equum
1216 2700 1230 2724 ”

111 2794 321 2875 significatur
336 2792 531 2857 intelleftus
544 2797 623 2868 veri,
637 2805 671 2857 et
689 2815 748 2876 per
765 2799 784 2825 ‘⁴
794 2795 939 2857 bestiam
948 2794 962 2817 ”
979 2786 1113 2856 afsedtio
1130 2795 1230 2871 boni;

111 2909 231 2952 omnes
250 2891 339 2952 enim
359 2890 634 2970 comparationes
656 2890 689 2950 in
710 2887 827 2951 Verbo
850 2909 895 2950 ex
919 2889 1230 2970 correspondentiis

111 2995 201 3048 sunt.
248 2985 286 3048 ln
305 2984 522 3065 Apocalypsi,

161 3118 246 3167 “Vidi
259 3118 361 3167 caelum
371 3128 501 3178 apertum,
513 3125 539 3164 et
552 3130 612 3164 ecce
622 3130 705 3178 equus
715 3116 799 3173 albus,
810 3126 837 3165 et
850 3117 969 3165 insidens
983 3117 1007 3164 ei
1017 3118 1175 3167 vocabatur.
1187 3155 1193 3167 .
1203 3156 1209 3168 .
1220 3156 1226 3167 .

240 3183 356 3232 Verbum
371 3181 436 3231 Dei:
454 3191 481 3229 et
498 3181 628 3229 exercitus
646 3183 690 3243 qui
708 3182 735 3229 in
753 3181 827 3230 caelo
846 3183 1026 3244 sequebantur
1043 3181 1135 3244 lpsum
1149 3197 1230 3245 super

240 3248 315 3312 equis
326 3246 416 3296 albis'’
428 3246 491 3306 (xix.
504 3247 607 3306 11-16):

110 3378 200 3459 quod
227 3397 285 3457 per
312 3381 463 3456 “equum
490 3374 603 3437 album
616 3373 631 3396 ”
656 3373 862 3455 significetur
889 3371 1083 3438 intellectus
1111 3374 1229 3449 Verbi,

109 3470 262 3532 similiter
274 3490 332 3551 per
345 3475 478 3551 “equos
494 3468 590 3530 albos
599 3468 614 3490 ’⁹
626 3469 744 3549 quibus
761 3469 951 3530 insidebant
968 3470 1023 3551 qui
1039 3470 1230 3551 sequeban-

110 3573 174 3636 tur,
187 3574 322 3626 constat
335 3584 341 3637 ;
362 3581 439 3623 nam
455 3561 630 3623 “insidens
643 3583 729 3642 equo
742 3562 821 3624 albo
829 3562 844 3585 ”
854 3573 925 3624 erat
941 3563 1105 3624 Dominus
1115 3565 1230 3643 quoad

110 3655 260 3719 Verbum
274 3677 281 3732 ;
298 3657 418 3717 dicitur
431 3657 520 3717 enim
533 3655 608 3717 “Et
622 3655 751 3718 Sedens
764 3676 863 3737 super
874 3655 931 3718 illo
942 3658 1127 3719 vocabatur
1138 3657 1227 3720 Ver·

108 3749 187 3813 bum
208 3751 269 3812 Dei
282 3749 308 3826 ;''
330 3760 365 3812 et
385 3750 417 3810 in
437 3769 535 3811 versu
560 3749 597 3811 16
615 3751 670 3823 ibi,
691 3750 881 3813 “Habebat
901 3770 998 3831 super
1017 3753 1229 3816 vestimento

109 3853 143 3907 et
160 3863 258 3924 super
270 3842 396 3904 femore
415 3862 475 3903 suo
492 3862 618 3905 nomen
635 3844 807 3924 scriptum,
830 3844 994 3906 Dominus
1011 3845 1226 3909 dominorum

109 3945 143 4000 et
167 3937 243 3999 Rex
263 3934 408 4016 regum.”
453 3935 618 3998 Dominus
637 3948 777 4000 vocatur
798 3937 958 4011 Verbum,
978 3941 1054 4020 quia
1074 3939 1227 4003 Verbum

108 4025 278 4108 significat
302 4025 463 4088 Divinum
486 4024 616 4089 Verum
639 4029 830 4108 procedens
853 4028 896 4090 ab
920 4029 1011 4111 Ipso.
1055 4047 1114 4103 (Sed
1128 4048 1189 4093 haec
1204 4049 1228 4093 in

108 4114 252 4173 Apocalypsi
261 4114 354 4172 plenius
364 4115 481 4172 explicata
492 4115 616 4160 videantur
627 4117 651 4160 in
663 4117 779 4174 opusculo
792 4118 829 4161 De
841 4118 910 4174 Equo
922 4119 990 4169 Albo,
1001 4132 1024 4163 n.
1035 4132 1046 4163 1
1056 4133 1061 4170 ;
1079 4127 1102 4163 et
1111 4120 1177 4163 unde
1193 4130 1228 4165 est

108 4189 175 4246 quod
185 4189 304 4236 Dominus
313 4189 530 4241 dicaturvubum,
540 4203 563 4234 n.
575 4202 603 4248 14
612 4191 663 4247 in.)
696 4174 1091 4254 Quoniam“currus”et
1106 4179 1228 4259 “equi’'

108 4264 299 4345 significant
313 4261 501 4326 doctrinam
514 4285 558 4327 ex
573 4264 689 4328 Verbo
702 4276 736 4328 et
750 4266 820 4344 ejus
833 4266 1052 4340 intelledlum,
1066 4278 1101 4331 et
1115 4272 1226 4331 omnis

108 4356 260 4421 doctrina
276 4359 344 4420 veri
361 4369 395 4420 et
414 4357 484 4437 ejus
500 4356 693 4421 intellectus
710 4371 762 4422 est
782 4381 801 4422 e
819 4361 915 4423 caelo
931 4383 950 4423 a
968 4362 1124 4435 Domino,
1145 4364 1225 4426 ideo

109 4452 229 4515 dicitur
245 4452 287 4514 de
307 4452 397 4533 lpso,
415 4453 505 4534 quod
526 4454 683 4533 “equitet
702 4474 802 4534 super
818 4454 962 4530 Verbo,”
980 4463 1107 4539 “super
1127 4459 1224 4521 nubi·
