2684 4988
358 472 447 525 cna.
466 457 772 536 vr.,v1‹:ns.6.-n.
791 457 915 542 375[a].
1136 475 1200 544 747

126 645 182 727 quid
196 643 260 707 haec
282 642 486 719 involvunt,
510 652 606 725 patet
630 643 807 706 manifeste
830 664 874 706 ex
898 663 999 706 sensu
1022 643 1196 725 spirituali,

126 759 182 801 nan
201 737 318 819 singula
346 738 395 801 ibi
427 748 508 800 sunt
537 738 880 819 correspondentiae;
912 738 1078 800 Dominus
1108 739 1197 800 enim

126 851 180 894 cun
191 834 214 895 in
226 832 346 895 mundo
363 831 427 895 fuit
444 852 504 912 per
519 851 628 895 meras
645 832 964 913 correspondentias
982 831 1116 894 locutus
1131 842 1195 908 est,

126 927 180 1006 quia
191 947 223 988 ex
238 925 380 1002 Divino;
405 926 519 1006 agitur
534 925 579 988 ibi
597 926 639 987 de
658 925 779 987 ultimo
792 925 928 1005 judicio,
947 926 1082 1007 quando
1098 946 1196 1006 sepa·

126 1021 193 1082 randi
206 1031 271 1085 sunt
288 1021 372 1084 boni
391 1041 412 1082 a
431 1018 539 1094 malis,
557 1039 596 1082 ac
616 1019 696 1082 boni
713 1021 845 1082 venturi
864 1020 897 1082 in
916 1020 1048 1082 caelum
1065 1029 1099 1082 et
1116 1020 1197 1083 mali

125 1113 149 1174 in
166 1114 317 1177 inlemum:
346 1119 494 1176 “semen
517 1113 643 1176 bonum
666 1114 700 1175 in
723 1113 837 1194 agro,”
855 1114 945 1195 quod
968 1113 1072 1176 homo
1095 1114 1195 1177 semi·

125 1210 199 1282 navit,
212 1208 370 1290 significat
390 1209 556 1271 ecclesiae
571 1229 651 1272 vera
669 1229 754 1290 quae
771 1230 816 1271 ex
832 1209 923 1272 bono
939 1219 1038 1286 sunt;
1064 1215 1173 1290 “ager
1181 1209 1196 1233 ”

124 1301 251 1381 significat
262 1302 443 1367 ecclesiam
457 1302 510 1364 ubi
522 1301 591 1377 illa,
602 1312 637 1365 et
653 1303 846 1367 “seminare
855 1303 869 1327 ”
879 1301 1046 1384 significat
1060 1303 1195 1366 influere

102 1415 104 1418 ·
124 1413 152 1456 ac
168 1398 302 1478 recipere,
325 1399 374 1460 ita
393 1413 525 1479 quoque
544 1397 728 1459 instruere:
763 1397 894 1459 “homo
913 1399 968 1479 qui
993 1398 1172 1461 seminavit
1180 1396 1196 1421 ’'

124 1500 162 1550 est
179 1488 324 1554 Dominus
347 1510 407 1572 per
426 1490 577 1554 Verbum
601 1491 657 1553 ubi
682 1491 795 1553 omnia
814 1511 893 1554 vera
912 1491 1077 1554 ecclesiae
1095 1502 1192 1555 sunt:

125 1587 201 1646 “cum
213 1585 436 1648 dormiverunt
453 1584 619 1658 homines,
631 1586 725 1648 v'enit
741 1584 812 1665 ejus
828 1587 981 1649 inimicus
997 1596 1032 1649 et
1048 1586 1193 1649 semina-

124 1675 158 1736 vit
166 1678 269 1742 zizania
278 1690 312 1743 et
325 1679 461 1754 abivit,”
472 1678 640 1759 significat
651 1680 741 1761 quod
753 1680 842 1761 apud
856 1680 1026 1743 naturales
1039 1680 1194 1743 homines

124 1768 184 1832 falsa
204 1773 272 1836 mali
297 1775 342 1837 ab
368 1774 498 1838 inferno
525 1774 665 1836 influant
692 1784 728 1837 et
758 1775 970 1855 recipiantur,
997 1775 1193 1838 “dormire''

125 1865 188 1926 enim
208 1868 365 1948 significat
388 1871 502 1931 vivere
525 1869 631 1930 vitam
659 1868 848 1931 naturalem
876 1870 1003 1950 absque
1030 1869 1194 1950 spirituali

126 1970 211 2025 inuam
220 1988 291 2033 supra,
306 1990 329 2021 n.
352 1962 474 2038 187[a]),
491 1969 527 2022 et
547 1959 730 2021 “inimicus
739 1958 754 1982 ”
772 1959 942 2039 significat
961 1960 1137 2031 infernum,
1157 1969 1192 2022 et

127 2049 263 2114 “onnia''
284 2051 478 2134 significant
500 2050 590 2113 mala
616 2051 699 2114 salsi.
759 2050 848 2132 Quid
872 2052 999 2134 reliqua
1022 2074 1125 2135 usque
1148 2053 1191 2114 ad

127 2137 197 2205 finem
211 2145 404 2226 significant,
420 2155 577 2207 constare
595 2154 710 2226 potest
726 2165 771 2207 ex
790 2144 856 2207 illis
875 2166 960 2226 quae
979 2146 1012 2207 in
1029 2146 1192 2227 opusculo

127 2228 161 2292 De
180 2234 285 2300 Ultimo
301 2237 446 2312 Judicio
474 2253 508 2310 (n.
527 2253 568 2310 70)
594 2234 744 2298 addutta
771 2245 863 2309 sunt,
892 2235 1073 2299 involvunt
1102 2239 1191 2299 enim

128 2340 214 2388 arcana
228 2350 308 2411 quae
327 2330 372 2393 ibi
388 2330 548 2410 exposita
568 2338 667 2404 sunt;
690 2327 744 2390 hic
761 2326 870 2390 solum
890 2328 980 2409 quod
1000 2348 1058 2409 per
1076 2330 1193 2393 “triti-
1287 2363 1291 2370 ·

129 2419 195 2479 cun‘'
209 2422 407 2503 significetur
429 2423 554 2484 bonum
579 2422 647 2484 veri
670 2430 705 2484 et
728 2422 805 2484 inde
829 2421 876 2483 illi
895 2422 950 2502 qui
973 2423 1006 2483 in
1026 2423 1115 2485 bono
1135 2444 1194 2504 per

129 2528 181 2572 vera
194 2528 267 2590 sunt,
284 2538 323 2581 ac
348 2537 408 2599 per
426 2517 581 2579 “zizania
589 2515 604 2538 '’
621 2515 746 2578 malum
769 2514 843 2577 lalsi
862 2525 896 2578 et
920 2517 996 2578 inde
1016 2516 1062 2579 illi
1081 2518 1137 2598 qui
1159 2518 1192 2582 in

130 2604 189 2667 nalo
199 2630 247 2691 per
258 2611 341 2674 falsa
357 2621 448 2673 sunt.
484 2608 585 2691 Quod
604 2606 766 2673 illa'dicta
782 2610 849 2672 sint
866 2610 907 2672 de
925 2610 1043 2674 ultimo
1055 2609 1191 2691 judicio,

129 2713 223 2767 constat
239 2727 280 2769 ex
299 2705 523 2788 sequentibus
540 2705 574 2767 in
593 2725 635 2767 eo
654 2705 775 2786 capite,
794 2704 848 2765 ubl
867 2705 997 2778 dicitur,

86 2820 93 2841 ⁸
160 2833 213 2897 “Qu
221 2840 333 2888 seminat
342 2840 445 2887 bonum
456 2812 550 2886 semen
559 2847 600 2886 est
611 2836 692 2885 Filius
701 2837 827 2893 bominis,
839 2851 904 2898 ager
913 2846 953 2886 est
963 2838 1088 2895 mundus,
1100 2853 1191 2888 semen

218 2914 319 2953 ...sunt
332 2903 380 2952 filii
394 2903 480 2964 regui,
494 2903 596 2972 zizania
607 2912 669 2951 sunt
681 2901 727 2951 filii
740 2902 811 2961 mali,
827 2902 961 2951 inimicus.
972 2912 1041 2953 ..est
1057 2904 1190 2964 diabolus,

215 2971 305 3019 messis
318 2968 518 3018 consummatio
530 2967 651 3016 saeculi''
664 2967 743 3028 (vers.
754 2963 820 3031 [37,]
830 2967 869 3027 38,
879 2968 934 3029 39):

127 3095 353 3165 “consummatio
367 3099 511 3164 saeculi'
524 3109 576 3164 est
591 3099 745 3162 ultimum
759 3109 892 3181 tempus
906 3100 1069 3165 ecclesiae
1085 3123 1191 3184 quan-

125 3185 153 3248 do
159 3189 304 3269 judicium.
352 3195 410 3257 Ex
427 3195 478 3257 his
495 3193 577 3257 locis
590 3215 634 3256 ex
648 3193 764 3256 Verbo
776 3193 888 3257 allatis
902 3205 1058 3259 constare
1076 3207 1191 3278 potest

124 3288 181 3359 quod
196 3293 368 3355 “triticum
377 3289 393 3313 ’'
411 3287 579 3370 significet
603 3289 727 3351 bonum
751 3288 915 3353 ecclesiae
938 3291 971 3351 in
994 3311 1130 3371 genere,
1151 3314 1191 3358 ac

124 3375 273 3449 “hordeum
280 3385 296 3410 ’⁹
315 3403 434 3448 verum
453 3381 533 3463 ejus.

157 3487 296 3568 375[a].
324 3485 391 3546 “Et
410 3485 507 3546 oleum
522 3490 557 3546 at
573 3484 668 3546 vinum
683 3503 722 3546 no
736 3485 1044 3566 lucreris.''-Quod
1062 3489 1191 3569 signifi-

121 3581 156 3633 (εἴ
169 3580 241 3656 quod
251 3579 431 3660 provisum
449 3577 496 3639 sit
512 3597 551 3638 ne
566 3577 722 3639 damnum
740 3577 909 3656 inferatur
931 3581 1044 3642 sensui
1063 3581 1192 3647 interno

120 3680 156 3726 stt
171 3672 336 3751 spirituali
364 3670 472 3744 Verbi,
499 3690 555 3732 nec
579 3671 690 3752 quoad
713 3670 829 3733 bonum
856 3692 911 3733 nec
935 3674 1047 3754 quoad
1066 3696 1190 3752 verum,

121 3770 220 3826 constat
240 3785 285 3827 ex
308 3762 559 3845 significatione
583 3762 709 3835 “olei'’
731 3762 822 3843 quod
845 3765 889 3825 sit
915 3764 1042 3827 bonum
1065 3770 1192 3831 amoris

120 3858 198 3922 lierni
214 3871 349 3931 equinum
381 3873 428 3916 ex
453 3851 702 3935 significatione
731 3853 859 3927 “vini''
885 3855 977 3935 quod
1002 3857 1047 3918 sit
1073 3877 1191 3922 verum

121 3933 179 4004 illius
189 3945 271 4021 boni,
287 3961 368 4010 'nam
386 3965 488 4008 omne
504 3945 629 4008 bonum
643 3945 747 4009 habet
765 3966 860 4008 suum
874 3967 1000 4020 verum,
1015 3969 1073 4011 seu
1090 3969 1192 4014 omne

121 4047 201 4100 verum
216 4052 264 4105 est
283 4041 374 4114 boni,
394 4040 473 4104 inde
491 4039 589 4121 quale
609 4039 733 4101 bonum
754 4038 823 4103 tale
843 4061 979 4118 verum;
1003 4052 1038 4105 et
1058 4064 1102 4105 ex
1123 4045 1193 4124 sig·

122 4124 270 4200 nificatione
290 4133 486 4208 “laedere,”
501 4135 591 4217 quod
609 4136 653 4196 sit
669 4134 829 4196 damnum
847 4136 894 4197 eis
913 4136 1042 4200 inferre.
1089 4135 1191 4217 Quod

122 4219 263 4292 sitiemus
284 4232 439 4295 internus
462 4248 520 4292 seu
543 4227 724 4310 spiritualis
743 4228 848 4291 Verbi
871 4231 983 4312 quoad
1007 4231 1132 4293 bonum
1157 4242 1192 4295 et

122 4321 200 4391 quoad
214 4343 318 4390 vemm
337 4327 395 4408 qui
419 4323 474 4386 hic
493 4324 527 4386 in
546 4323 658 4404 specie
681 4322 889 4405 significatur
912 4346 971 4406 per
991 4325 1131 4387 “oleum
1155 4336 1192 4387 et

123 4407 227 4489 vinum?
246 4431 380 4487 constat
405 4440 451 4484 ex
474 4440 526 4495 eo,
546 4417 636 4501 quod
660 4439 719 4500 per
740 4419 920 4482 “triticum
943 4429 979 4482 et
1002 4419 1192 4482 hordeum'‘
