2684 4988
390 114 552 177 car.v1.,
570 116 671 166 vaus.
688 105 796 167 8.-u.
814 104 944 188 386[d].
1166 109 1227 189 80³

114 279 197 358 qnod
214 279 322 362 Ipsius
341 283 470 364 proprii
486 284 555 347 sint
573 293 609 347 et
627 285 659 347 in
677 285 774 350 caelo
785 307 792 362 ;
805 284 876 369 'per
892 292 987 350 “non
1004 285 1176 370 pudefient
1194 289 1228 355 in

125 380 258 455 tempore
280 377 388 441 mali’'
407 377 618 458 significatur
635 379 724 461 quod
748 382 886 444 vincent
909 400 985 444 cum
1008 391 1186 445 tentantur
1208 403 1229 446 a

129 467 224 545 malis
250 480 286 533 et
309 490 371 551 per
389 471 483 553 quod
504 473 565 534 “in
589 473 706 536 diebus
728 473 824 537 lamis
846 475 1057 538 satiabuntur
1065 475 1080 499 ”
1102 475 1228 557 signifi·

136 570 208 625 catur
222 565 310 644 quod
334 565 619 628 sustentabuntur
636 587 655 629 a
674 569 760 630 veris
778 588 855 631 cum
874 579 1051 632 tentantur
1068 579 1105 632 et
1127 570 1227 632 inses-

141 660 227 719 untur
243 678 263 719 a
279 657 392 734 falsis;
418 665 581 742 “tempus
602 660 704 723 mali”
722 673 757 725 et
777 661 877 724 “dies
899 662 1018 725 iamis”
1036 663 1228 744 significant

144 757 222 812 natus
239 755 482 827 tentationum,
499 775 538 816 ac
558 756 766 818 tentationes
785 767 863 819 sunt
882 777 902 818 a
921 756 1017 819 malis
1036 768 1071 820 et
1089 779 1110 820 a
1127 757 1227 821 salsis.

104 858 106 867 ·
147 837 270 909 lnLibru
285 845 406 911 Primo
425 846 601 922 Samuelis,

104 978 108 1047 [r
178 985 273 1034 “irem
284 985 492 1046 torriumrmcli,
502 989 583 1053 etqui
596 990 702 1052 impulsi
711 1001 788 1040 erant
797 993 878 1040 robur
886 993 1134 1049 circumcinxerunt,
1146 994 1228 1042 saturi

104 1054 106 1105 l
242 1067 290 1113 pro
302 1068 372 1114 pene
380 1051 517 1111 condurlli,
527 1064 555 1103 et
567 1055 681 1104 lamelici
693 1067 839 1114 cessarunt.
851 1059 1006 1121 usquedum
1016 1058 1113 1107 sterilis
1126 1059 1228 1123 peperit

104 1128 106 1137 ·
242 1129 354 1180 septem,
368 1119 529 1181 multiprolis
541 1120 638 1169 deiecit
645 1119 659 1139 ''
669 1121 706 1183 (ii.
715 1135 740 1183 4.
751 1121 790 1183 9:

144 1270 188 1331 per
205 1261 356 1323 “saturos
378 1281 440 1343 pro
462 1281 549 1343 pane
573 1260 760 1327 conductos
768 1263 783 1288 ”
805 1275 841 1327 et
867 1284 927 1346 per
950 1264 1151 1328 “famelicos
1173 1266 1228 1347 qui

142 1355 316 1425 cessrunt?
334 1354 568 1436 significantur
587 1358 642 1439 qui
665 1357 784 1421 volunt
806 1368 842 1421 et
865 1359 1059 1423 desiderant
1082 1359 1171 1421 bona
1193 1369 1228 1423 et

143 1456 222 1519 vcra3
248 1446 375 1528 reliqua
400 1448 583 1511 videantur
608 1448 784 1530 explicata
809 1470 911 1531 supra
936 1467 970 1526 (n.
986 1465 1047 1532 257
1062 1475 1086 1512 et
1101 1465 1229 1532 357[d]).

143 1528 223 1616 Apud
239 1536 387 1614 Esaiam,

183 1668 292 1720 ‘'Surltus
303 1673 445 1722 stultitiam
457 1673 582 1736 loquitur,
595 1682 623 1722 at
634 1688 680 1723 cor
691 1675 751 1737 ejus
765 1675 828 1725 lacit
840 1676 1015 1739 iniquitatem.
1030 1677 1065 1726 ad
1078 1677 1229 1727 iaciendum

247 1737 407 1800 hypocrisin,
417 1748 446 1787 et
458 1740 491 1786 ad
504 1739 665 1802 loquendum
675 1751 769 1789 contra
777 1740 907 1804 Jehovam
917 1757 1043 1798 errorem,
1055 1744 1088 1791 ad
1100 1757 1230 1792 evacuan-

246 1802 432 1852 dumauimam
440 1804 1228 1870 esurientem.etpotumsirientisdeficerelaciat”(xxxii.6):

147 1950 291 2014 “stultus'’
306 1953 359 2016 hic
376 1953 498 2016 dicitur
513 1955 569 2036 qui
587 1955 619 2016 in
639 1954 729 2017 salsis
744 1965 780 2018 et
797 1954 892 2018 malis
909 1966 961 2018 est
978 1977 1022 2018 ex
1038 1976 1153 2020 amore
1168 1958 1229 2032 sui,

148 2044 258 2118 proinde
284 2068 328 2111 ex
359 2049 494 2130 propria
523 2047 770 2130 intelligentia3
802 2049 885 2112 salsa
912 2050 1147 2131 intelliguntur
1172 2071 1231 2133 per

104 2178 107 2227 3
151 2138 322 2204 “stultitiam
339 2161 440 2224 quam
458 2142 632 2224 loquitur,”
644 2153 679 2205 et
696 2143 785 2205 mala
801 2163 859 2224 per
872 2145 1113 2225 “iniquitatem
1130 2166 1229 2226 quarn

104 2236 107 2277 ¹
152 2244 193 2291 tu
201 2232 256 2312 ejus
266 2235 342 2299 iacit
354 2237 382 2312 ;”
401 2235 491 2299 rnala
503 2257 588 2319 quae
605 2238 750 2319 loquitur
762 2249 881 2300 contra
893 2239 982 2300 bona
998 2238 1231 2319 intelliguntur

154 2339 194 2399 prr
207 2327 412 2410 “hypocrisin
421 2330 437 2355 ”
455 2350 556 2413 quam
574 2330 665 2404 facit,
683 2341 720 2393 et
742 2330 825 2393 falsa
843 2352 928 2413 quae
948 2331 1094 2413 loquitur
1112 2343 1231 2395 contra

156 2431 208 2480 tera
225 2442 276 2502 per
294 2432 470 2488 “errorem
489 2445 588 2507 quern
612 2424 759 2507 loquitur
777 2435 896 2487 contra
915 2425 1079 2506 Jehovam
1091 2425 1117 2487 :”
1139 2427 1230 2507 quod

158 2510 228 2576 irad
244 2519 507 2598 persuadendum
526 2527 561 2581 et
579 2519 623 2580 ad
642 2518 849 2600 perdendum
869 2518 945 2580 illos
963 2520 1018 2601 qui
1038 2519 1230 2583 desiderant

158 2600 266 2678 iuuet
291 2634 382 2685 vera,
411 2612 612 2693 intelligitur
639 2633 698 2694 per
727 2613 797 2674 “ad
827 2614 1057 2676 evacuandum
1085 2614 1230 2675 animam

158 2703 327 2779 sinentem,
340 2716 376 2769 et
393 2716 512 2788 potum
527 2707 671 2770 sitientis
684 2705 828 2770 deficere
843 2706 942 2768 iaciat
955 2706 981 2783 ;”
1001 2708 1140 2769 “anima
1155 2728 1230 2768 esu-

159 2790 233 2856 riens’'
251 2811 325 2862 sunt
348 2801 405 2882 qui
431 2799 625 2863 desiderant
653 2802 752 2874 bona,
776 2821 814 2863 ac
841 2807 987 2882 “potum
1015 2799 1153 2863 sitiens”
1176 2801 1231 2882 qui

158 2882 308 2957 desiduant
326 2913 416 2957 vera.
460 2892 566 2976 Apud
583 2896 739 2969 eundern,

194 3030 230 3080 “Si
242 3037 434 3100 exprompseris
445 3037 574 3085 esurienti
588 3037 706 3087 animaru
717 3046 799 3096 tuam,
814 3047 840 3087 et
857 3037 974 3086 animaru
991 3034 1117 3086 aillitlam
1130 3046 1232 3085 satura-

249 3103 322 3224 (νῦἷίε,
336 3103 473 3230 exopietur
491 3102 519 3150 in
537 3103 652 3150 tenebris
670 3102 715 3150 lux
732 3112 785 3161 tua,
800 3112 826 3151 et
841 3102 927 3164 caligo
945 3112 990 3150 tua
1007 3103 1074 3151 sicut
1086 3103 1210 3151 meridies
1217 3102 1231 3122 '⁸

266 3170 273 3197 ¹
292 3168 344 3218 viii.
359 3179 390 3218 to
407 3184 413 3218 ε

160 3292 312 3369 describitur
327 3328 387 3389 per
402 3307 488 3370 haec
505 3305 652 3369 charitas
668 3325 749 3387 erga
765 3306 968 3388 proximum,
985 3306 1038 3369 hic
1058 3327 1140 3387 erga
1156 3305 1232 3369 illos

160 3392 200 3470 qui
212 3396 237 3458 in
249 3401 431 3482 ignorantia
448 3411 485 3465 et
501 3400 600 3463 simul
619 3402 650 3463 in
668 3401 833 3464 desiderio
849 3402 976 3463 sciendi
991 3423 1070 3463 vera
1086 3412 1175 3475 sunt,
1192 3421 1231 3464 ac

163 3482 186 3544 ir
201 3488 291 3558 dolore
312 3507 451 3578 propter
471 3493 555 3557 salsa
576 3495 695 3576 quibus
714 3506 940 3577 occupantur;
972 3506 1006 3558 et
1030 3495 1120 3576 quod
1143 3496 1232 3576 apud

163 3574 217 3641 illos
232 3588 275 3666 qui
296 3590 328 3651 in
354 3610 394 3652 ea
421 3588 588 3652 charitate
615 3599 704 3661 sunt,
728 3588 812 3651 salsa
839 3589 1061 3651 discutiantur
1086 3609 1125 3650 ac
1153 3608 1233 3650 vera

165 3666 261 3742 luceant
279 3694 309 3745 et
331 3683 503 3764 fulgeant:
538 3683 684 3745 charitas
706 3703 789 3763 erga
811 3682 886 3744 illos
905 3683 959 3764 qui
986 3684 1019 3744 in
1042 3682 1234 3763 ignorantia

165 3773 191 3824 tl
206 3770 278 3836 sinn
300 3779 463 3842 desiderio
486 3778 614 3839 sciendi
640 3798 720 3839 vera
746 3788 836 3850 sunt,
860 3777 1061 3857 intelligitur
1087 3796 1145 3857 per
1170 3773 1233 3836 “Si

166 3872 362 3950 exllfotttpseris
372 3872 533 3936 esurienti
544 3871 690 3934 animam
704 3871 729 3948 ;”
743 3877 762 3904 ‘⁴
772 3871 978 3933 esurientes’'
989 3881 1067 3932 sunt
1078 3871 1133 3950 qui
1144 3869 1232 3930 desi·

169 3947 262 4050 unit,
273 3966 420 4030 “anima''
433 3976 487 4029 est
504 3964 730 4046 intelligentia
743 3967 811 4028 veri
828 3967 1015 4027 instruens:
1036 3963 1124 4045 quod
1142 3960 1232 4042 apud

171 4039 225 4107 rllos
237 4056 278 4132 qui
291 4059 318 4121 in
334 4061 449 4125 dolore
468 4069 608 4143 propter
626 4058 710 4122 falsa
729 4061 846 4141 quibus
865 4069 1083 4139 occupantur,
1103 4052 1232 4118 intelli-
