2684 4988
116 466 196 529 1088
421 472 672 524 APOCALYPSIS
695 475 921 527 exsucata

112 637 251 720 “aqua''
274 648 328 701 est
351 660 467 703 verum
495 639 583 716 fidei,
607 662 646 704 ac
676 643 873 707 “baculus”
901 654 937 709 et
964 645 1104 729 “scipio''
1124 648 1174 711 stu

111 735 297 814 potentiae,
317 746 353 797 et
372 736 450 798 inde
469 739 583 799 omnia
602 739 694 801 vitae
713 739 917 820 spiritualis:
943 740 1177 805 “removeretu-

112 839 181 889 tem
201 839 236 890 et
256 830 362 891 virum
382 829 485 892 belli”
504 830 675 912 significat
694 852 833 897 omnem
856 836 1081 899 resistentiam
1098 846 1180 899 contu

111 922 200 984 mala
219 933 255 984 et
275 922 379 1000 salsa;
406 944 582 988 removere
604 925 781 1007 “judicem
800 939 836 992 et
860 930 1082 1012 prophetam”
1095 926 1181 1011 sigan

111 1026 167 1078 cat
186 1036 288 1078 omne
307 1018 433 1081 bonurn
452 1029 488 1082 et
512 1040 629 1083 verum
652 1018 848 1100 doctrinam
878 1040 1051 1085 removere
1069 1022 1182 1085 “diuina-

111 1119 222 1172 torem
241 1121 276 1173 et
296 1131 414 1174 senem
423 1113 438 1135 ”
457 1113 627 1195 significat
646 1135 785 1179 ornnem
804 1117 1067 1198 intelligentiam
1082 1126 1112 1179 et
1124 1115 1183 1197 sap

110 1205 260 1266 entiam:
289 1206 436 1287 “lingua
459 1228 576 1271 eorum
599 1220 635 1272 et
658 1230 761 1292 opera
784 1230 903 1273 eorum
926 1222 1046 1274 contra
1066 1210 1186 1292 Jehovan

111 1297 153 1359 ad
172 1299 405 1363 rebellandum
422 1300 529 1365 oculis
544 1302 675 1385 gloriae
692 1303 800 1385 Ipsius
809 1304 826 1327 ”
841 1304 1012 1386 significat
1028 1305 1109 1387 quod
1120 1322 1188 1366 omne

111 1390 285 1456 dostrinae
301 1415 417 1457 eorum
434 1406 469 1459 et
482 1399 574 1460 vitae
590 1418 706 1461 eorum
722 1401 767 1461 sit
783 1419 922 1480 prorsus
939 1411 1058 1463 contra
1073 1400 1188 1462 Diuum

113 1484 260 1565 Verum;
287 1489 431 1570 “lingua
440 1489 454 1512 ”
474 1502 527 1554 est
551 1489 716 1565 doctrina,
738 1493 896 1574 “opera'’
916 1505 995 1556 sunt
1016 1495 1093 1566 vita,
1109 1488 1189 1555 “ned

111 1579 240 1659 gloriae
265 1581 442 1662 Jehovae”
467 1595 547 1648 sunt
575 1585 735 1649 Divinum
763 1586 904 1660 Verum,
932 1584 1137 1650 “rebellare''
1155 1592 1189 1647 cn

111 1684 232 1737 contra
251 1676 333 1738 illud
352 1698 437 1741 esse.
484 1679 588 1762 Apud
608 1681 765 1754 eundem,

164 1827 284 1894 “1¹19uid
297 1833 448 1883 iaciendum
458 1836 574 1899 amplius
585 1837 680 1886 vineae
690 1836 798 1887 meae?’'
815 1837 975 1902 ‘'Judicate.
985 1838 1065 1887 ,inter
1073 1834 1190 1887 uectus

243 1900 349 1947 vineam
361 1914 448 1948 meam
459 1919 464 1951 :
485 1903 547 1965 quid
555 1903 706 1951 laciendum
716 1900 771 1967 [am
775 1900 857 1966 plius]
867 1904 964 1952 vineae
972 1917 1048 1952 ωας
1055 1900 1191 1969 qundnonlp·

242 1965 323 2011 cerim
334 1964 360 2012 in
372 1966 435 2016 illa?
463 1968 552 2030 Quare
561 1966 714 2030 exspectavi
723 1978 752 2016 ut
760 1968 860 2016 laceret
868 1983 944 2025 uvas,
954 1968 1002 2017 sed
1012 1967 1191 2017 iecitlsbrnu:

243 2040 269 2077 et
284 2040 378 2079 notum
392 2031 489 2080 faciam
503 2035 589 2088 vobis.
601 2033 664 2096 quid
679 2032 738 2095 Ego
753 2033 850 2081 inciam
864 2034 961 2083 vineae
975 2048 1059 2091 meae,
1070 2029 1191 2106 renone*

243 2108 335 2156 sepem
349 2096 408 2158 ejus
420 2108 448 2145 ut
461 2098 496 2145 sit
507 2099 541 2146 ad
554 2099 762 2160 deposcendum,
775 2100 975 2161 perrumpendo
984 2100 1116 2147 maceriem
1123 2100 1191 2159 em

243 2161 278 2207 sit
290 2160 324 2208 ad
338 2163 566 2212 conculcationem
577 2177 583 2220 ;
602 2178 700 2225 ponam
712 2178 772 2212 eam
787 2164 814 2211 in
825 2164 1024 2213 desolationem
1026 2200 1092 2221 .....
1095 2173 1120 2211 ut
1128 2170 1191 2210 mn·

243 2226 288 2273 dat
296 2228 380 2274 sentis
389 2229 527 2290 etvepris;
542 2231 625 2277 immo
633 2229 749 2277 nubibus
757 2229 930 2292 praecipiam,
937 2239 968 2279 ut
975 2244 1030 2279 non
1037 2226 1191 2290 hempta

244 2305 395 2352 supeream
408 2293 526 2354 pluviam
535 2293 549 2310 '⁹
561 2295 596 2352 (v.
609 2295 681 2354 3-6):

114 2464 172 2526 per
201 2445 365 2507 “vineam
377 2445 392 2468 ”
419 2445 473 2509 hic
504 2446 706 2527 intelligitur
732 2445 878 2509 ecclesia
906 2446 997 2529 apud
1027 2445 1111 2509 illam
1133 2458 1191 2525 gen·

115 2550 206 2613 tem;
231 2560 289 2620 per
308 2538 548 2621 “Exspectavi
568 2551 603 2603 ut
621 2540 745 2604 laceret
763 2561 846 2603 uvas
861 2541 923 2604 sed
942 2540 1020 2604 lecit
1038 2530 1190 2603 labruscas·
1219 2576 1229 2617 4

114 2633 323 2713 significatur
342 2637 431 2716 quod
456 2657 516 2716 pro
536 2636 633 2697 bonis
652 2637 721 2698 veri
740 2656 825 2718 quae
844 2635 1012 2698 ecclesiae
1029 2634 1110 2717 apud
1127 2631 1191 2694 illan
1223 2622 1228 2711 ζ

114 2727 235 2790 luerint
262 2729 351 2790 mala
378 2729 472 2805 salsi;
502 2751 560 2811 per
585 2735 788 2793 “removere
813 2749 931 2812 sepem
959 2729 1029 2810 ejus
1055 2739 1089 2791 ut
1110 2720 1191 2789 sittd
1222 2806 1228 2827 1

114 2822 377 2903 depascendum,
400 2824 648 2905 perrumpendo
668 2825 847 2887 maceriem
864 2834 901 2886 ut
921 2825 966 2886 sit
987 2824 1030 2885 ad
1053 2818 1191 2885 conculca·

116 2917 273 2987 tionem,'’
287 2917 495 2997 significatur
512 2915 699 2981 destructio
715 2917 785 2999 ejus
800 2918 913 2999 quoad
931 2918 1021 2980 bona
1036 2927 1070 2980 et
1085 2918 1191 2984 verant

114 3012 276 3074 invadant
298 3012 387 3074 mala
407 3023 441 3074 et
462 3012 555 3084 salsa,
576 3033 662 3094 quae
682 3021 760 3073 sunt
782 3013 918 3074 “sentis
937 3021 973 3074 et
993 3009 1117 3093 vepris”
1133 3020 1191 3089 quae

114 3108 300 3168 ascendent
315 3129 321 3183 ;
347 3127 405 3188 per
420 3107 603 3169 “Nubibus
616 3106 820 3189 praecipiam
837 3115 873 3168 ut
892 3125 960 3168 non
977 3105 1096 3169 saciant
1110 3101 1191 3185 pluere

114 3221 213 3282 super
232 3201 325 3263 illam
346 3201 517 3282 pluviam¹’
536 3200 745 3284 significatur
764 3200 853 3282 quod
875 3200 1017 3263 ulterius
1036 3220 1097 3262 non
1112 3195 1191 3275 aliqu

113 3297 265 3378 receptio
284 3298 352 3358 veri
373 3306 407 3359 et
427 3297 506 3358 boni
526 3296 591 3358 illis
611 3316 669 3377 per
689 3294 840 3357 Verbum
859 3314 879 3357 e
897 3295 1006 3358 caelo.
1146 3378 1152 3393 ι

176 3387 241 3470 [ll]
271 3388 323 3450 De
334 3385 568 3451 destructione
581 3387 749 3450 ecclesiae
760 3387 849 3468 apud
863 3385 960 3448 illam
973 3398 1106 3468 gentem
1116 3390 1189 3481 ettam

113 3482 225 3560 agitur
244 3482 332 3562 apud
352 3479 495 3543 Esaiam
515 3480 604 3562 (cap.
621 3481 674 3542 vii.
697 3495 806 3559 17-19,
822 3478 922 3560 seq.),
940 3479 1031 3560 apud
1047 3479 1190 3551 ἵσταταί

116 3575 203 3656 (cap.
221 3576 239 3636 i.
263 3576 325 3656 15),
347 3586 381 3638 et
402 3576 517 3637 multis
537 3576 609 3637 aliis
629 3577 662 3637 in
682 3573 775 3637 locis.
821 3574 1007 3655 Propterea
1025 3575 1117 3634 etiam
1132 3576 1189 3647 gess

114 3670 171 3732 illa
190 3669 297 3750 ejedta
317 3681 368 3733 cst
389 3692 407 3733 e
427 3682 517 3733 terra
534 3670 704 3743 Canaane,
723 3670 866 3750 primum
884 3687 971 3748 gens
991 3664 1155 3730 israelitica
1166 3662 1189 3770 ἐξ

113 3778 234 3847 postea
251 3786 335 3846 gens
350 3766 509 3846 Judaica;
534 3776 569 3828 et
588 3765 653 3826 hoc
670 3765 747 3845 quia
765 3782 824 3845 per
841 3768 998 3825 “terram
1015 3761 1175 3859 Canaanefl

113 3859 321 3941 significatur
338 3860 477 3924 Canaan
496 3861 665 3934 caelestis,
686 3866 844 3941 quaeest
863 3857 997 3920 caelum
1020 3867 1054 3919 et
1075 3851 1189 3918 ecclesa

113 3955 232 4036 Qualis
256 3967 396 4038 utraque
424 3957 481 4018 illa
508 3977 593 4038 gens
620 3956 691 4030 fuit,
716 3955 918 4018 describitur
944 3952 1046 4035 plene
1071 3952 1192 4014 insensu

113 4051 247 4113 interno
271 4052 303 4113 in
327 4051 494 4132 capitibus
513 4053 623 4114 xxxii.
641 4061 676 4113 et
696 4051 819 4113 xxxiii.
838 4049 961 4127 Exodi,
982 4051 1038 4113 ubi
1060 4037 1193 4131 agiturdt

112 4145 219 4207 vitulo
247 4166 348 4208 aureo
375 4167 475 4227 quem
503 4148 565 4209 sibi
592 4146 754 4219 fecerunt,
783 4154 923 4226 propter
950 4164 1051 4227 quem
1076 4128 1196 4226 jehonl

112 4240 219 4302 voluit
247 4240 323 4302 illos
350 4260 560 4317 consumere,
585 4251 620 4304 et
648 4240 749 4303 aliam
776 4241 1036 4321 generationem
1063 4261 1106 4305 ex
1128 4234 1199 4300 Moe

113 4333 325 4394 eXSUSCltare
354 4350 468 4406 (quorum
486 4350 594 4394 omnium
611 4349 738 4408 explicatio
754 4349 864 4393 videatur
879 4348 904 4394 in
920 4349 1027 4396 Arcano
1046 4347 1204 4419 coelestim}

115 4430 553 4488 10393·10512.etn.10523-10557).
597 4412 717 4495 Qualis
739 4432 825 4495 gens
844 4411 989 4494 Judalca
1010 4412 1084 4490 fuit,
1102 4413 1206 4475 desen·
