2684 4988
115 482 179 551 724
424 479 673 531 APOCALYPSIS
696 476 922 529 EXPLICATA·

114 671 159 713 ex
174 650 266 713 bono
282 650 426 725 amoris;
448 649 532 731 “qui
548 649 643 730 ponit
661 649 841 711 terminum
859 656 953 710 tuum
971 646 1117 728 pacem”
1129 648 1229 728 signi·

114 743 193 808 licat
216 746 330 808 omnia
352 744 437 807 caeli
460 754 496 807 et
519 742 694 816 ecclesiae,
719 761 797 804 nam
823 740 1039 804 “terminus'’
1063 741 1229 823 significat

114 840 227 901 omnia
240 838 383 912 illorum,
398 839 556 919 quoniam
570 839 602 899 in
616 837 762 900 termino
774 857 833 898 seu
845 837 878 898 in
891 834 1013 897 ultimo
1026 845 1107 899 sunt
1120 837 1231 900 omnia

113 931 148 992 ln
173 930 359 1011 complexu
382 945 501 1002 (videatur
515 958 538 991 n.
554 946 607 1002 ⁶³4·
622 947 690 1002 5897,
704 945 772 1002 ⁶²39·
786 945 855 1004 6451,
868 944 937 1000 6465.
952 939 1230 1002 8603,l¹19215,1219216.

112 1025 871 1084 9824.9828,9836‚9905‚10044‚10099,1o329,10335,10548);
895 1015 914 1039 ‘⁴
923 1007 1024 1087 adipe
1038 1008 1229 1070 triticorum

114 1100 219 1161 satiat
235 1110 269 1163 te
281 1099 295 1122 ’⁵
308 1098 479 1187 significat
497 1098 591 1161 omni
609 1098 701 1160 bono
720 1098 844 1159 amoris
863 1104 898 1158 et
915 1096 1086 1177 sapientia
1104 1108 1230 1170 (⁶¹2deps··

113 1195 176 1238 enirn
186 1194 302 1251 significat
313 1195 404 1239 bonurn
416 1194 510 1245 amoris,
520 1194 628 1239 videatur
636 1207 659 1238 n.
669 1205 737 1249 5943,
746 1194 814 1249 6409,
826 1204 911 1248 10033;
926 1200 950 1235 et
959 1188 972 1204 '¹
981 1191 1084 1236 triticum
1094 1192 1107 1207 '¹
1117 1192 1231 1250 significat

115 1271 196 1314 omnia
203 1284 265 1326 quae
273 1284 302 1315 ex
311 1271 376 1314 bono
383 1270 469 1314 amoris
476 1277 538 1322 sunt,
546 1269 570 1313 in
578 1269 656 1326 specie
663 1282 719 1312 vem
725 1268 791 1319 caeli,
799 1274 822 1312 et
831 1267 886 1312 inde
893 1267 1039 1325 sapientiam,
1047 1281 1070 1313 n.
1078 1280 1147 1325 3941.
1155 1268 1231 1325 7⁶05l

116 1341 218 1423 Apud
238 1343 393 1415 eundem,

165 1486 183 1508 ¹⁴
192 1484 339 1533 Benedicet
348 1485 395 1533 tibi
405 1484 526 1548 Jehovah
539 1499 554 1532 e
566 1483 658 1538 Zione.
670 1494 699 1532 ut
709 1484 801 1531 videas
814 1484 914 1530 bonum
925 1480 1137 1544 Hierosolymae
1147 1483 1231 1530 omni·

243 1552 293 1598 bus
303 1550 397 1598 diebus
407 1551 478 1598 vitae
489 1560 558 1606 tuae,
570 1558 599 1598 ut
609 1549 701 1597 videas
714 1547 783 1596 filios
793 1547 907 1596 filiorum
918 1556 1033 1605 tuorum,
1046 1561 1142 1609 pacem
1153 1563 1232 1609 super

244 1614 344 1663 lsraele
352 1615 365 1633 ”
378 1614 432 1676 (Ps.
444 1615 551 1664 cxxviii.
563 1626 585 1674 5,
595 1614 634 1675 6);

113 1776 171 1837 per
188 1762 207 1786 ⁴⁸
219 1755 384 1818 Zionem”
403 1767 438 1819 et
459 1777 517 1838 per
535 1762 554 1787 ‘⁴
566 1755 842 1836 Hierosolymam
852 1754 866 1776 ”
883 1752 1103 1834 significatur,
1121 1755 1174 1817 hic
1196 1763 1230 1818 ut

113 1870 222 1931 supra,
237 1850 380 1912 ecclesia
396 1852 507 1932 quoad
524 1850 613 1913 bona
629 1851 753 1911 amoris
769 1859 803 1911 et
818 1848 928 1930 quoad
942 1869 1021 1910 vera
1034 1845 1231 1925 dominam

113 1944 202 2025 quod
223 1944 354 2006 dicatur
375 1945 589 2007 “Benedicat
611 1944 671 2006 tibi
689 1942 843 2023 Jehovah
864 1964 882 2004 e
902 1941 1038 2015 Zione,”
1057 1953 1112 2004 est
1133 1952 1170 2004 ut
1187 1963 1231 2005 ex

113 2037 203 2100 bono
216 2040 350 2111 amoris,
363 2058 440 2101 nam
457 2045 476 2070 ‘⁴
486 2038 569 2101 Zion
578 2038 593 2062 ”
602 2035 770 2118 significat
785 2035 964 2099 ecclesiam
978 2036 1090 2117 quoad
1104 2036 1231 2099 bonum

111 2132 255 2207 amoris;
280 2143 314 2194 et
334 2133 410 2215 quia
429 2154 473 2195 ex
494 2132 552 2195 illo
575 2133 665 2194 bono
685 2150 785 2193 omne
809 2131 934 2193 bonum
954 2141 989 2193 et
1006 2150 1124 2193 verum
1149 2130 1231 2194 doc-

113 2226 220 2288 trinae
240 2226 392 2307 procedit
412 2237 447 2289 et
471 2227 602 2300 existit,
623 2224 700 2287 inde
720 2225 852 2296 dicitur,
875 2230 943 2286 “ut
963 2224 1079 2286 videas
1104 2225 1231 2288 bonum

115 2319 385 2400 Hierosolymae‚
409 2341 449 2383 ac
472 2319 559 2382 filios
582 2319 724 2382 filiorum
750 2329 882 2381 tuorum
896 2318 921 2395 ;”
947 2316 1036 2380 “filii
1060 2317 1207 2380 filiorum
1217 2318 1231 2342 '¹

111 2411 303 2494 significant
331 2435 410 2484 vera
439 2412 612 2477 dodlrinae
639 2433 677 2475 ac
706 2411 1025 2494 multiplicationem
1052 2433 1172 2475 eorum
1199 2415 1231 2476 in

111 2517 286 2569 aeternum
302 2529 309 2584 ;
335 2509 411 2591 quia
424 2507 509 2570 haec
526 2509 639 2570 omnia
656 2518 733 2569 sunt
748 2528 792 2569 ex
811 2505 970 2579 Domino,
982 2515 1016 2569 et
1034 2527 1095 2588 per
1111 2527 1231 2588 pacem

111 2622 196 2682 quae
216 2603 259 2664 ab
276 2602 365 2684 Ipso,
383 2602 460 2665 ideo
476 2601 689 2664 concluditur
708 2622 767 2682 per
785 2605 850 2662 “ut
869 2600 984 2663 videas
998 2620 1118 2681 pacem
1132 2622 1230 2683 super

112 2694 238 2758 israele
252 2695 277 2772 ;''
303 2695 462 2758 “Israel’'
494 2705 573 2758 sunt
600 2695 647 2757 illi
678 2694 767 2776 apud
797 2714 881 2776 quos
911 2694 1065 2756 ecclesia.
1124 2694 1227 2778 Apud

112 2789 268 2863 eundem,

162 2935 179 2957 ¹¹
187 2932 234 2981 Est
244 2932 272 2981 in
283 2932 405 2981 Schalem
416 2932 619 2980 tabernaculum
627 2931 641 2949 ”
653 2931 711 2989 Dei,
729 2932 780 2980 “et
791 2931 973 2979 habitaculum
987 2929 1075 2992 ipsius
1088 2931 1116 2980 in
1130 2931 1229 2993 Zione;

241 2998 278 3047 ibi
293 2998 373 3059 fregit
388 2997 520 3046 scintillas
534 3012 621 3054 arcus,
636 3006 750 3056 scutum,
764 2997 883 3058 gladium
896 3005 922 3045 et
936 2996 1059 3045 bellum''
1071 2997 1129 3056 (Ps.
1146 2998 1227 3047 lxxvi.

242 3059 499 3127 3.4[B·A·2·3l)=

110 3206 163 3270 hic
193 3205 434 3285 Hierosolyma
459 3216 601 3268 vocatur
631 3204 801 3279 Schalem,
825 3206 902 3285 quia
929 3225 988 3285 per
1016 3203 1230 3268 “Schalem”

110 3300 318 3382 significatur
337 3321 417 3383 pax,
437 3321 455 3362 e
480 3321 546 3381 qua
565 3301 668 3362 etiam
696 3299 935 3380 Hierosolyma
955 3301 1132 3362 nominata
1156 3310 1228 3378 est;

110 3397 199 3477 quod
219 3397 267 3458 ita
287 3397 463 3457 nominata
482 3397 536 3468 sit,
554 3405 607 3457 est
627 3396 704 3475 quia
719 3401 816 3474 “pax
827 3393 841 3415 ”
858 3393 1026 3473 significat
1041 3395 1157 3456 omnia
1173 3394 1230 3457 illa

110 3488 195 3571 duae
228 3511 327 3572 supra
358 3491 391 3553 in
422 3510 553 3552 summa
583 3486 673 3551 dieta
700 3499 790 3561 sunt,
822 3509 907 3571 quae
939 3489 1137 3551 videantur:
1172 3510 1231 3570 per

110 3584 365 3648 tabernaculum
391 3583 483 3656 Dei‚'’
502 3583 593 3664 quod
617 3584 672 3656 ibi,
690 3581 898 3662 significatur
918 3582 1062 3645 ecclesia
1085 3603 1131 3645 ex
1151 3583 1229 3651 illis.

109 3690 143 3742 et
169 3699 227 3760 per
248 3677 508 3740 “habitaculum
533 3679 640 3759 Ipsius
664 3679 697 3739 in
723 3677 850 3740 Zione”
870 3677 1080 3758 significatur
1101 3679 1229 3742 bonum

109 3776 243 3844 amoris,
261 3775 419 3854 quoniam
436 3774 468 3834 in
486 3772 544 3834 illo
563 3773 728 3835 Dominus
745 3772 890 3847 habitat,
909 3784 943 3835 ct
960 3775 1039 3836 inde
1055 3774 1116 3836 dat
1136 3796 1227 3847 vera,

108 3888 147 3932 ac
176 3865 353 3930 frudiificat
380 3876 416 3929 et
447 3866 650 3948 multiplicat
679 3845 825 3930 illaz'et
855 3869 932 3950 quia
960 3889 1019 3949 per
1051 3868 1229 3950 “pacem’'

108 3963 212 4025 etiarn
232 3960 442 4042 significatur
460 3963 549 4042 quod
574 3982 640 4024 non
666 3983 800 4044 pugnae
824 3962 903 4024 mali
926 3973 962 4024 et
985 3962 1058 4025 falsi
1082 3965 1229 4046 amplius

109 4066 229 4119 contra
249 4056 374 4118 bonurn
394 4066 429 4118 et
449 4076 576 4129 verum,
597 4078 655 4119 seu
675 4076 743 4119 non
767 4058 939 4119 dissidium
960 4067 1018 4119 aut
1042 4057 1172 4120 bellum
1197 4061 1229 4122 in

108 4149 273 4233 spirituali
296 4170 407 4223 sensu,
432 4151 509 4212 ideo
532 4151 665 4224 dicitur,
692 4151 770 4214 “lbi
801 4152 900 4232 fregit
925 4152 1092 4214 scintillas
1115 4173 1226 4228 arcus,

108 4255 241 4308 scutum
261 4255 295 4308 et
315 4244 465 4324 gladium
485 4255 520 4307 et
541 4244 698 4320 bellum,”
718 4266 776 4328 per
795 4268 880 4328 quae
899 4245 1108 4327 significatur
1128 4249 1228 4310 dissi-

108 4341 201 4420 patio
225 4341 335 4401 omnis
359 4359 495 4420 pugnae
518 4339 679 4401 salsorum
703 4338 877 4403 doctrinae
897 4352 1017 4403 contra
1040 4341 1169 4405 bonum
1193 4352 1228 4406 et

108 4452 234 4507 verum,
249 4452 287 4495 ac
304 4434 337 4494 in
350 4452 475 4514 genere
491 4434 669 4515 dissipatio
681 4436 792 4498 omnis
808 4437 944 4498 dissidii.
980 4435 1014 4498 A
1025 4447 1109 4516 pace
1120 4439 1228 4501 etiam
