2716 4986
363 519 443 570 cnr.
462 520 521 583 vr..
537 522 641 573 tvans.
656 509 767 573 6.-N.
786 509 952 595 375[e<vt.r].
1152 530 1215 597 757

126 681 261 735 “inveni
284 686 421 737 Davidem
440 704 547 739 servum
566 705 664 750 meum,
684 693 745 741 oleo
763 691 913 743 sanciitatis
932 692 1033 759 [meae]
1050 696 1113 744 unxi
1131 695 1218 745 eum''

213 751 277 811 (Ps.
291 754 395 804 lxxxix.
408 766 436 802 21
452 752 497 819 [B.
506 759 541 805 A.
554 753 624 819 20]):

72 903 138 964 per
160 890 182 915 “
196 884 376 949 Davidem
388 887 403 911 ”
426 888 470 950 ibi
492 888 695 969 intelligitur
718 890 894 963 Dominus,
919 901 956 954 ut
980 913 1112 974 quoque
1135 893 1216 956 alibi

75 994 305 1052 (nuamrsupm,
316 1009 341 1042 n.
354 994 442 1060 2093
464 980 605 1042 “oleum
622 981 840 1045 sanetitatis”
857 1004 924 1064 quo
938 982 1095 1063 Jehovah
1115 987 1216 1049 unxit

77 1089 176 1142 eum,
188 1081 244 1132 est
258 1070 421 1133 Divinum
433 1071 564 1134 Bonum
575 1073 686 1136 Divini
700 1074 846 1136 Amoris.
879 1073 980 1154 Quod
992 1077 1035 1139 sit
1048 1075 1215 1138 Dominus

80 1164 143 1244 qui
163 1185 226 1245 per
248 1164 448 1228 “Davidem
459 1166 474 1188 ”
493 1167 536 1228 ibi
556 1167 768 1248 intelligitur,
789 1177 886 1248 patet
910 1168 953 1230 ab
976 1169 1040 1231 illis
1059 1191 1146 1252 quae
1169 1171 1214 1235 ibi

83 1259 305 1338 praecedunt
325 1270 361 1322 et
381 1280 466 1341 quae
485 1261 529 1323 ibi
548 1270 743 1343 sequuntur,
764 1261 886 1325 dicitur
904 1264 1005 1336 enim,

143 1391 291 1442 “Locutus
304 1393 332 1442 in
345 1392 449 1442 visione
461 1393 495 1443 de
507 1391 606 1443 Sandlo
617 1404 664 1443 tuo
666 1432 735 1453 .....
741 1395 880 1457 ponamin
895 1395 961 1444 mari
976 1411 1084 1445 manum
1099 1394 1172 1458 Ejus,
1187 1405 1214 1446 et

227 1458 253 1506 in
265 1457 354 1506 fluviis
364 1459 484 1507 dextram
496 1457 576 1520 Ejus:
593 1459 641 1507 llle
650 1460 756 1509 vocabit
766 1459 811 1508 Me
824 1459 901 1508 Pater
911 1475 987 1509 meus
990 1498 1059 1516 .....
1064 1461 1144 1509 etiam
1157 1461 1214 1523 Ego

229 1523 440 1585 Primogenitum
449 1525 518 1572 dabo
528 1524 604 1581 Eum,
612 1522 695 1573 altum
704 1525 811 1585 regibus
819 1534 905 1573 terrae
915 1539 932 1580 ;.
943 1563 949 1574 .
959 1563 965 1574 .
976 1540 1085 1588 .ponam
1095 1526 1121 1574 in
1130 1536 1215 1574 aeter-

227 1603 293 1636 num
305 1602 398 1637 semen
413 1587 485 1650 Ejus,
500 1599 526 1637 et
538 1590 664 1641 thronum
679 1588 743 1651 Ejus
760 1590 827 1638 sicut
839 1590 896 1638 dies
908 1591 1043 1640 caelorum
1051 1591 1064 1608 '¹
1077 1591 1156 1651 (vers.
1171 1603 1212 1650 20,

227 1654 310 1714 26-30
323 1650 368 1719 [B.
379 1655 414 1703 A.
428 1667 465 1716 19,
477 1665 566 1714 25-27,
578 1651 638 1718 29];
657 1663 762 1716 praeter
774 1655 873 1717 plural:

95 1777 250 1839 similiter
270 1776 350 1839 alibi
366 1778 455 1858 apud
474 1778 629 1852 eundem,

145 1889 175 1938 ln
190 1889 278 1939 Zione
292 1890 467 1951 “germinare
481 1890 578 1939 luciam
592 1905 676 1940 comu
691 1890 796 1949 Davidi‚
810 1892 953 1953 disponam
971 1892 1107 1942 lucernam
1123 1889 1213 1942 Unilo

226 1968 304 2013 meo:
323 1957 414 2004 hostes
426 1956 485 2016 ejus
497 1956 606 2005 induam
621 1957 730 2018 pudore,
744 1966 772 2006 et
789 1971 869 2018 super
882 1956 972 2019 ipsum
991 1957 1096 2007 florebit
1114 1971 1215 2006 corona

227 2018 338 2083 Ipsius''
351 2020 406 2079 (Ps.
423 2022 519 2070 cxxxii.
532 2032 569 2080 17,
584 2022 631 2078 18).

101 2149 195 2232 Quod
210 2153 316 2214 etiam
335 2152 380 2216 ibi
394 2151 558 2215 Dominus
575 2173 634 2236 per
647 2158 666 2184 “
676 2153 865 2217 Davidem”
878 2154 1100 2235 intelligatur,
1114 2138 1228 2235 patet'

101 2245 222 2309 abillis
241 2266 329 2328 quae
348 2246 392 2308 ibi
409 2247 627 2327 praecedunt,
649 2248 702 2309 ubi
722 2247 854 2321 dicitur,

145 2389 334 2437 “Audivimus
346 2389 379 2437 de
393 2388 432 2437 Eo
449 2390 476 2437 in
491 2387 634 2451 Ephratha,
649 2390 800 2438 invenimus
820 2390 885 2438 Eum
900 2390 926 2438 in
941 2391 1013 2452 agris
1025 2391 1118 2446 silvae,
1133 2392 1213 2439 intra-

226 2454 316 2502 bimus
328 2455 355 2503 in
367 2455 518 2503 habitacula
530 2455 604 2516 Ejus,
620 2456 817 2504 incurvabimus
830 2470 880 2503 nos
889 2456 1006 2503 scabello
1019 2456 1115 2518 pedum
1130 2454 1211 2517 Ejus:

230 2557 236 2568 .
249 2520 445 2568 ...sacerdotes
458 2521 494 2567 tui
508 2520 651 2568 induentur
661 2520 763 2582 justitia
775 2531 801 2568 et
813 2518 898 2569 sanc‘li
912 2522 948 2568 tui
962 2521 1119 2582 jubilabunt,
1135 2536 1213 2584 prop-

226 2595 267 2633 ter
281 2584 411 2633 Davidem
424 2600 530 2634 servum
544 2596 626 2643 tuum,
642 2600 675 2633 ne
687 2596 792 2634 avertas
805 2585 886 2634 iacies
898 2583 977 2633 Uneli
991 2587 1028 2633 tui
1039 2585 1052 2603 '⁸
1062 2589 1141 2646 (vers.
1154 2588 1210 2649 6—9,

225 2649 310 2713 seq.):

102 2782 280 2865 exquibus
300 2793 457 2845 constare
479 2792 594 2863 potest
615 2782 704 2864 quod
729 2780 894 2844 Dominus
917 2781 1027 2864 quoad
1052 2781 1211 2849 Divinum

103 2875 295 2939 Humanum
314 2895 410 2938 suum
429 2876 473 2938 ibi
489 2875 701 2956 intelligatur
716 2896 774 2957 per
789 2882 807 2906 ‘⁴
818 2876 1014 2951 Davidem‚”
1033 2882 1051 2907 ¹‘
1062 2873 1212 2939 Unitum

101 2969 276 3053 Jehovae.’'
321 2969 425 3052 Apud
445 2970 642 3044 Jeremiam,

146 3115 258 3177 “Super
275 3115 412 3163 montibus
432 3111 554 3163 inseelati
572 3124 635 3163 sunt
654 3129 712 3171 nos,
733 3115 760 3162 in
781 3115 887 3162 deserto
908 3114 1025 3162 insidiati
1043 3124 1106 3162 sunt
1123 3115 1210 3172 nobis,

226 3181 336 3242 spiritus
354 3181 458 3228 narium
474 3190 634 3235 nostrarum,
651 3177 754 3227 Undlus
769 3178 896 3242 Jehovae,
913 3190 1005 3241 captus
1023 3188 1065 3229 est
1082 3180 1109 3228 in
1127 3179 1213 3228 foveis

226 3260 329 3372 {gaarma
341 3245 376 3358 dg
383 3260 435 3372 q1u90
445 3246 605 3371 digeramus,
619 3243 649 3292 ln
662 3246 756 3292 umbra
770 3243 843 3324 lilius
853 3245 1004 3293 viveremus
1016 3244 1086 3293 inter
1097 3242 1213 3305 gentes„

330 3347 336 3360 .
377 3347 383 3360 .
430 3348 435 3366 ,
497 3349 502 3359 .

102 3442 141 3506 ibi
167 3443 273 3505 etiam
304 3462 363 3523 per
392 3438 571 3505 “Unitum
598 3440 772 3521 jehovae”
799 3440 1004 3521 intelligitur
1034 3441 1211 3515 Dominus,

102 3538 208 3618 agitur
233 3537 322 3598 enim
350 3537 394 3599 ibi
425 3535 466 3597 de
493 3536 750 3616 impugnatione
775 3534 886 3596 Divini
911 3535 992 3598 Veri
1015 3556 1035 3597 a
1058 3535 1149 3597 salsis
1177 3546 1211 3599 et

103 3631 205 3702 malis,
226 3630 316 3712 quod
337 3629 546 3711 significatur
565 3650 624 3710 per
643 3629 733 3710 quod
756 3634 887 3709 “super
907 3629 1079 3691 montibus
1103 3630 1212 3692 insec-

103 3727 161 3788 tati
185 3727 265 3799 sint,
290 3726 382 3787 etin
411 3724 548 3786 deserto
575 3722 722 3784 insidiati
737 3722 762 3799 ;”
788 3724 954 3803 “spiritus
982 3725 1110 3786 narium
1121 3723 1137 3747 '⁹
1160 3734 1211 3785 est

103 3815 169 3899 ipsa
191 3817 264 3878 vita
287 3816 448 3878 caelestis
470 3835 557 3897 quae
580 3835 599 3876 a
619 3814 768 3875 Domino
790 3809 824 3886 (ir.
839 3831 918 3888 9⁸18).
967 3813 1024 3876 Ex
1047 3815 1099 3876 his
1122 3832 1211 3876 nunc

103 3908 172 3971 sciri
192 3917 308 3990 potest
329 3917 477 3970 curtam
497 3902 748 3970 sacrosanElum
769 3904 829 3968 fuit
850 3905 983 3968 laedere
1003 3903 1139 3968 unetum
1157 3904 1211 3986 Je-

103 4000 217 4077 hovae,
242 4013 279 4066 ut
309 4005 413 4065 etiam
443 4011 541 4083 patet
571 4022 616 4063 ex
644 3999 760 4063 Verbo
772 3999 875 4063 :-Ut
905 4001 938 4062 in
967 3998 1069 4063 Libro
1094 3999 1213 4062 Primo

103 4094 273 4170 Samuelis,

146 4239 219 4289 Dixit
228 4239 325 4297 David,
340 4241 357 4262 ‘⁸
365 4238 445 4288 Absit
456 4253 472 4288 a
483 4237 604 4301 Jehovab
614 4237 687 4295 mihi,
699 4236 722 4285 si
734 4236 822 4286 fecero
831 4238 942 4284 verbum
955 4236 1005 4283 hoc
1016 4236 1127 4285 domino
1138 4249 1200 4284 meo

225 4301 307 4353 undio
319 4303 447 4367 jehovae,
459 4313 486 4352 et
496 4303 599 4350 mittam
610 4316 718 4350 manum
732 4316 819 4349 meam
831 4301 859 4350 in
871 4316 941 4358 eum,
953 4301 1016 4364 quia
1027 4297 1122 4349 uanus
1131 4299 1212 4364 Jeho·

226 4384 276 4419 vae
290 4370 334 4418 ille
343 4369 356 4388 ''
369 4368 450 4430 (xxiv.
464 4379 486 4428 7,
501 4380 528 4415 11
544 4365 589 4432 [B.
601 4369 636 4416 Α.
648 4367 671 4423 6,
687 4361 755 4429 ιο]);

101 4494 133 4548 et
150 4482 241 4560 alibi,
