2684 4988
111 497 190 561 1192
418 490 667 542 APOCALYPSIS
690 491 916 542 EXPLICATA.

108 682 167 744 per
188 666 330 724 “coram
354 661 479 724 throno
502 659 588 723 Dei'’
606 659 807 742 intelligitur
828 679 945 724 coram
970 659 1121 735 Domino,
1139 679 1191 723 nan

108 776 208 836 super
223 755 348 818 throno
363 765 435 818 erat
453 755 628 828 Dominus,
646 766 682 818 ut
701 755 733 816 in
751 755 906 836 sequenti
922 775 1022 818 versu
1045 771 1080 835 17
1094 755 1192 827 dicitur,

44 863 46 866 ·
110 848 272 930 “Agnus
292 849 398 930 quiin
418 849 530 912 medio
549 849 673 920 throni,
693 856 810 928 pascet
829 847 934 912 illos.”

167 940 266 1022 478.
294 939 499 1002 “ftrarrr'unt
508 939 570 1020 1ρεί
576 939 625 1001 dr'o
636 945 671 1001 at
682 944 773 1002 noeto
786 938 817 1000 r'n
831 940 942 1020 templo
956 935 1191 1020 ipriur.''-Quod

109 1033 275 1114 significet
298 1032 389 1114 quod
394 1033 528 1113 jugiter
548 1041 722 1095 teneantur
742 1031 777 1094 in
799 1033 891 1095 veris
914 1032 951 1094 in
972 1031 1069 1105 caelo,
1090 1037 1192 1094 constat

109 1147 153 1188 ex
170 1124 416 1207 significatione
432 1125 615 1200 “servire''
629 1126 720 1207 quod
735 1126 867 1188 dicatur
882 1126 925 1188 de
942 1126 1008 1188 illis
1023 1125 1077 1207 qui
1091 1125 1121 1186 in
1133 1121 1193 1186 veris

109 1227 189 1279 sunt
212 1232 460 1293 (requasequnur);
482 1237 528 1279 ex
550 1215 801 1298 significatione
821 1216 905 1279 “die
928 1226 964 1280 et
987 1214 1114 1289 nocte?
1129 1211 1192 1296 quod

109 1307 152 1367 sit
172 1305 299 1385 jugiter
316 1314 352 1367 et
373 1306 406 1367 in
425 1307 517 1367 omni
535 1315 631 1368 statu
649 1322 830 1379 (aequaeuam
841 1321 982 1382 „quirum
1005 1315 1042 1368 et
1059 1324 1101 1367 ex
1117 1301 1192 1384 signi·

110 1395 266 1460 ficatione
281 1397 428 1478 “templi
445 1397 536 1469 Dei‚”
548 1396 638 1480 quod
655 1398 698 1460 sit
714 1396 844 1460 caelum
857 1398 912 1460 ubi
929 1407 1053 1479 regnat
1069 1395 1192 1458 Divinum

110 1486 240 1549 Verum
260 1505 361 1561 (nequa
370 1517 485 1562 supter.
497 1503 568 1556 220.
581 1503 711 1568 391[r]):
734 1489 813 1550 inde
836 1508 896 1569 per
918 1488 979 1551 illa
996 1488 1099 1550 verba
1117 1483 1192 1565 signi·

110 1577 228 1641 ficatur
243 1579 333 1660 quod
349 1579 473 1661 jugiter
488 1589 669 1643 teneantur
687 1580 719 1641 in
735 1581 821 1642 veris
840 1581 872 1642 in
892 1579 999 1642 caelo.
1046 1577 1136 1659 Quod
1149 1576 1192 1637 hoc

111 1671 328 1753 significetur,
351 1684 405 1737 est
427 1674 505 1755 quia
526 1673 610 1736 haec
634 1671 825 1736 dictasunt
848 1674 891 1735 de
914 1672 981 1735 illis
1004 1674 1069 1755 qui,
1089 1668 1192 1733 dunin

112 1768 238 1829 mundo
261 1769 429 1841 vixerunt,
454 1767 487 1829 in
510 1766 601 1830 salsis
624 1787 669 1829 ex
692 1766 883 1847 ignorantia
905 1765 1050 1838 suerunt,
1071 1775 1104 1828 ut
1123 1779 1194 1842 supra

112 1871 286 1924 ostensum
305 1871 378 1937 est;
402 1871 436 1924 et
456 1862 511 1943 qui
530 1862 563 1923 in
582 1860 673 1923 salsis
691 1882 736 1923 ex
755 1860 948 1941 ignorantia
967 1869 1056 1932 sunt,
1072 1869 1104 1922 et
1120 1872 1193 1937 usque

112 1955 145 2016 in
169 1954 260 2016 bono
283 1955 373 2016 vitae
396 1955 579 2017 secundum
602 1954 799 2035 religionem
822 1973 928 2027 suam,
949 1953 997 2015 illi
1019 1972 1085 2016 non
1106 1945 1193 2014 salvan‘

112 2058 253 2128 possunt
270 2049 460 2129 priusquam
476 2048 559 2110 salsa
571 2047 659 2128 apud
676 2047 751 2110 illos
763 2057 841 2110 sunt
854 2056 998 2121 remota,
1013 2057 1048 2110 et
1060 2065 1131 2109 vera
1142 2042 1194 2104 loco

112 2141 245 2205 illorum
264 2141 485 2222 implantata;
508 2151 543 2205 et
562 2141 645 2205 haec
662 2140 907 2222 implantantur
926 2161 986 2222 per
1002 2140 1193 2204 tentationes:

112 2256 214 2317 quare
230 2255 305 2298 cum
322 2256 340 2298 e
358 2235 603 2298 tentationibus
619 2245 808 2316 emergunt,
821 2234 905 2297 salsa
922 2255 1027 2316 usque
1043 2236 1193 2297 remanent,

113 2331 251 2393 tametsi
271 2338 402 2392 remota
421 2349 480 2409 per
497 2349 596 2404 vera;
620 2348 687 2391 non
706 2329 795 2391 enim
814 2327 952 2410 aliquod
972 2327 1094 2390 malum
1110 2335 1139 2388 et
1152 2318 1193 2384 lal-

113 2444 186 2485 sum
209 2425 252 2486 ab
274 2425 420 2497 homine,
441 2423 558 2503 spiritu
577 2432 611 2485 et
631 2421 755 2502 angelo
778 2441 912 2502 prorsus
932 2422 1080 2503 abstergi
1102 2422 1193 2501 potest.

113 2519 173 2579 sed
193 2518 295 2579 modo
311 2518 495 2592 removeri;
519 2516 714 2579 detinentur
730 2516 819 2577 enim
839 2535 858 2577 a
878 2515 975 2578 malis
991 2517 1058 2578 suis
1075 2525 1107 2578 et
1122 2508 1193 2577 salsis,

114 2622 148 2673 et
169 2621 327 2673 tenentur
347 2612 378 2673 in
401 2612 491 2672 bono
510 2622 544 2673 et
564 2611 597 2671 in
617 2630 696 2672 vero
715 2630 735 2672 a
754 2609 921 2684 Domino;
946 2619 981 2672 et
1001 2629 1075 2673 cum
1097 2609 1148 2670 hoc
1161 2598 1194 2668 fil,

113 2705 175 2766 sibi
198 2715 362 2784 apparent
386 2706 471 2766 sicut
494 2704 620 2785 absque
644 2702 739 2765 malis
762 2713 797 2765 et
824 2702 915 2765 falsis
938 2705 1017 2767 sint.
1061 2702 1135 2764 Inde
1151 2702 1195 2762 est,

114 2801 175 2860 nisi
194 2799 241 2860 illi
260 2800 315 2879 qui
335 2800 366 2861 in
383 2797 473 2860 falsis
490 2819 534 2860 ex
551 2798 743 2878 ignorantia
761 2798 794 2858 in
814 2798 941 2860 mundo
960 2798 1090 2860 suerunt
1103 2790 1196 2876 jugiter

115 2903 311 2955 tenerentur
334 2913 353 2954 a
377 2892 525 2955 Domino
548 2893 580 2954 in
599 2893 696 2965 veris,
717 2891 807 2972 quod
831 2891 1063 2954 relaberentur
1083 2883 1195 2952 insalsa.

116 2986 192 3049 Hoc
216 2987 329 3068 itaque
353 2997 405 3048 est
428 2986 516 3067 quod
544 2985 744 3065 intelligitur
768 3006 826 3065 per
848 2986 940 3066 quod
966 2987 1132 3047 “serviant
1149 2969 1196 3055 lpsi

114 3081 167 3142 die
184 3090 217 3142 et
236 3077 333 3141 noc'te
350 3080 382 3140 in
400 3079 530 3159 templo
547 3080 654 3158 Ipsius
667 3078 692 3155 ;'’
712 3084 730 3109 ‘⁶
741 3079 905 3158 templum
915 3078 931 3102 ”
947 3080 1050 3141 etiam
1066 3069 1195 3158 significat

114 3174 256 3247 caelum,
285 3174 339 3235 ubi
367 3195 445 3236 vera
472 3184 628 3254 regnant.
682 3171 782 3253 Quod
812 3173 935 3236 suerint
965 3173 1000 3234 in
1027 3173 1113 3235 bono
1134 3165 1195 3229 vitat

115 3269 297 3330 secundum
325 3267 522 3347 religionem
550 3286 655 3339 suam,
680 3269 743 3330 hoc
771 3268 905 3349 quidem
935 3266 1056 3341 salvat,
1079 3264 1195 3328 sednon

115 3363 224 3425 salvat
243 3363 402 3443 quamdiu
421 3363 453 3423 in
477 3361 567 3423 salsis
587 3374 685 3438 sunt;
709 3382 810 3442 quare
829 3372 905 3440 post
926 3362 1033 3422 vitam
1056 3345 1197 3422 inmundo

115 3457 197 3519 falsa
217 3457 303 3537 apud
328 3456 404 3518 illos
423 3469 659 3519 removentur:
684 3475 785 3517 causa
803 3454 893 3535 quod
913 3474 982 3515 non
1008 3455 1093 3534 prius
1110 3437 1196 3513 salvari

115 3552 255 3630 possint,
276 3561 328 3613 est
347 3552 424 3632 quia
443 3551 568 3612 bonum
588 3550 691 3612 trahit
711 3568 804 3610 suam
824 3550 1009 3609 essentiam
1030 3569 1049 3610 a
1066 3547 1149 3613 veris,
1160 3539 1196 3596 0⁵2

115 3647 202 3705 enim
217 3646 341 3706 bonum
356 3665 429 3706 esse
443 3646 522 3717 veri,
537 3656 571 3706 et
586 3663 699 3705 verum
717 3653 768 3704 est
785 3642 892 3704 forma
908 3643 986 3703 boni
1001 3663 1008 3716 ;
1031 3639 1196 3723 quaproplflr

115 3739 225 3819 qualia
241 3750 318 3800 sunt
336 3759 425 3809 vera,
441 3738 509 3800 tale
525 3737 562 3799 fit
579 3739 715 3799 bonum.
762 3735 815 3799 Ex
832 3735 883 3797 his
899 3737 1003 3797 etiam
1021 3736 1120 3817 liquet
1134 3715 1195 3808 quod

115 3834 252 3894 tametsi
271 3833 389 3914 aliquis
409 3833 495 3895 bene
514 3833 606 3903 vivit,
628 3851 730 3912 usque
753 3831 785 3891 in
805 3828 935 3890 caelum
955 3831 1068 3890 venire
1087 3818 1196 3904 nequeat

114 3937 296 4007 antequam
320 3928 351 3988 in
372 3928 458 3988 veris
478 3936 540 3989 est.
586 3923 641 3993 Ob
659 3924 752 3986 illum
775 3923 876 3984 finem
896 3933 974 3984 sunt
1000 3922 1072 3984 loca
1089 3923 1196 3982 instruc·

114 4021 215 4082 tionis
232 4041 292 4101 pro
309 4020 374 4082 illis
389 4022 444 4102 qui
460 4020 591 4081 venturi
609 4019 640 4080 in
658 4017 799 4089 caelum,
815 4035 891 4077 nam
909 4035 1012 4078 nemo
1028 4015 1101 4078 illuc
1115 4002 1196 4072 venise

114 4118 231 4188 potest
251 4110 446 4191 priusquam
465 4106 651 4171 instructus
667 4115 730 4168 est.
774 4112 1197 4178 (neinsrmeuoneerderocisumt

114 4198 183 4241 tionis
199 4211 244 4255 pro
260 4198 356 4254 illisqui
368 4198 459 4242 venturi
470 4205 526 4242 sunt
542 4198 566 4241 in
576 4196 677 4246 eaelum.
689 4195 796 4239 videatur
806 4194 830 4237 in
841 4207 913 4250 opere
926 4194 965 4238 Dc
978 4194 1081 4238 Coelae!
1093 4183 1196 4248 lesw-

113 4278 237 4335 512-520.)
281 4261 413 4324 Dicitur
425 4261 517 4343 quod
532 4260 711 4321 “serviant
730 4257 798 4338 Ipsi
811 4257 865 4318 die
882 4266 917 4318 et
935 4254 1037 4319 nocte
1052 4256 1084 4318 in
1098 4236 1196 4340 templ⁰

115 4351 221 4432 Ipsius
237 4352 262 4430 ;'’
289 4362 324 4415 et
349 4373 408 4433 per
431 4353 463 4415 id
491 4371 559 4415 non
582 4350 782 4430 intelligitur
805 4347 894 4429 quod
922 4349 1080 4411 continue
1103 4340 1195 4406 siut1n

113 4446 253 4541 templo,
273 4457 332 4510 aut
352 4447 511 4510 continue
535 4447 567 4507 in
592 4444 684 4507 cultu
703 4454 738 4505 et
761 4443 794 4505 in
818 4441 981 4521 precibus,
1002 4460 1077 4505 nam
1094 4440 1132 4501 ita
1145 4434 1193 4490 1¹⁰⁰
