2716 4986
391 489 470 538 cnr.
488 489 548 551 vr,
566 489 669 538 vens.
686 477 796 538 8.-u.
815 477 885 555 384
1129 475 1193 557 789

59 668 159 732 ficans
179 678 221 731 et
244 688 409 731 recreans
428 668 493 730 illis
512 669 568 749 qui
591 669 624 730 in
648 668 738 731 bono
757 678 792 731 et
812 669 891 730 inde
910 670 997 731 veris
1021 677 1111 741 sunt,
1132 667 1192 730 sed

62 775 97 826 ut
118 765 210 844 ignis
233 775 445 825 consumens
465 783 503 825 ac
527 773 563 825 ut
587 761 699 843 caligo
722 763 788 825 illis
811 763 867 844 qui
890 764 924 825 in
943 763 1035 826 malo
1054 772 1089 825 et
1113 762 1192 825 inde

64 853 154 915 salsis
171 863 259 915 sunt
277 868 401 927 (videatur
411 884 433 914 n.
445 883 490 926 934
501 869 549 921 fin..
561 871 616 915 1861
629 870 752 927 nn.,⁶a32.
761 872 827 927 8814,
836 873 977 927 8819.9434.
987 871 1071 927 10551)
1083 874 1090 914 t
1108 872 1192 934 qua·

70 956 208 1026 propter
228 947 340 1008 etiarn
365 956 505 1027 apparet
531 945 696 1008 Dominus
720 946 864 1027 illisqui
890 947 922 1008 in
948 945 1038 1007 malo
1056 956 1091 1008 et
1115 944 1194 1008 inde

70 1039 158 1101 falsis
182 1049 279 1113 sunt,
301 1041 388 1102 sicut
412 1040 502 1120 quod
526 1041 699 1113 irascatur,
721 1040 850 1120 puniat,
871 1040 1089 1111 condemnet,
1110 1036 1193 1117 deji-

72 1135 135 1196 ciat
153 1135 187 1195 in
204 1133 375 1195 infernum
390 1155 397 1209 ;
418 1153 494 1196 cum
512 1143 625 1195 tamen
644 1153 808 1215 nusquam
826 1134 989 1206 irascitur,
1005 1153 1066 1195 nec
1084 1133 1191 1214 punit,

74 1230 283 1291 condemnat
315 1249 354 1291 ac
385 1228 498 1308 dejicit
533 1230 565 1290 in
597 1228 772 1301 infernum,
801 1228 861 1290 sed
891 1226 1002 1290 salvat
1029 1239 1194 1309 quantum

75 1322 176 1385 homo
196 1344 234 1385 se
253 1321 425 1405 applicat;
454 1332 505 1384 est
526 1324 615 1385 enim
639 1324 746 1403 ipsum
772 1321 902 1383 Bonum
926 1331 961 1383 et
982 1320 1119 1392 Verum,
1141 1330 1193 1382 est

78 1417 144 1498 ipse
162 1417 274 1480 Amor
291 1437 330 1479 ac
351 1418 422 1497 ipsa
443 1416 684 1479 Misericordia.
716 1414 832 1477 Simile
849 1426 901 1477 est
919 1434 993 1476 cum
1011 1415 1086 1485 hoc,
1104 1414 1194 1495 quod

79 1512 208 1574 dicatur
224 1512 315 1593 quod
332 1517 484 1572 “nomen
501 1511 634 1572 sedenti
651 1530 751 1590 super
766 1530 853 1590 equo
870 1509 998 1590 pallido
1015 1510 1058 1571 sit
1075 1507 1195 1570 mors.'’

81 1608 192 1666 (Reliqua
202 1611 233 1653 de
244 1610 290 1653 hac
301 1622 326 1653 re
337 1610 462 1652 videantur
472 1609 495 1652 in
507 1608 561 1652 ioco
571 1621 644 1665 supra
654 1608 734 1658 citato,
745 1621 768 1652 n.
780 1607 844 1664 373.)

130 1696 233 1777 383.
262 1704 280 1732 ¹¹
289 1695 399 1757 damea
413 1695 460 1757 mi
471 1714 565 1766 mort,
581 1700 614 1756 ot
628 1694 769 1757 infernus
784 1694 973 1774 coquebatur
989 1713 1058 1755 eum
1074 1693 1197 1755 illa.''-

81 1789 179 1872 Quod
199 1792 368 1874 significet
385 1792 627 1853 damnationem
646 1801 823 1865 aeternam,
844 1800 982 1853 constat
1002 1812 1047 1852 ex
1067 1787 1195 1870 signifi·

81 1885 217 1946 catione
246 1883 453 1955 “nominis’‘
481 1883 572 1964 qucd
602 1884 646 1944 sit
673 1882 774 1963 quale
804 1884 850 1945 rei
878 1899 920 1956 (de
936 1912 985 1955 qua
998 1912 1077 1956 supra,
1089 1912 1112 1942 n.
1129 1896 1196 1950 102,

82 1979 163 2054 148),
178 1978 231 2040 hic
251 1977 354 2059 quale
368 1975 474 2039 Verbi
493 1976 596 2058 [apud
610 1975 702 2056 illos]
717 1977 773 2057 qui
790 1977 822 2037 in
839 1977 938 2038 malis
956 1986 991 2038 et
1011 1976 1089 2037 inde
1102 1974 1196 2036 salsis

78 2081 179 2146 sunt;
203 2092 248 2133 ex
268 2069 521 2150 significatione
539 2068 719 2143 “mortis’‘
735 2070 826 2151 quod
842 2071 886 2131 sit
903 2059 1081 2131 damnatio
1097 2085 1199 2140 (aeque

73 2164 373 2237 etiamsupra,n.186),
398 2182 488 2225 mors
514 2164 604 2224 enim
627 2162 812 2242 spiritualis
838 2183 906 2224 non
932 2162 1024 2225 aliud
1050 2171 1124 2237 est;
1151 2181 1196 2224 ex

73 2259 329 2342 significatione
354 2258 529 2331 “inferni'‘
553 2259 642 2340 quod
671 2260 715 2320 sit
745 2258 871 2320 malum
895 2269 929 2321 et
958 2259 1035 2321 inde
1063 2258 1194 2332 salsum,

72 2356 240 2436 quoniam
261 2355 294 2416 in
319 2354 383 2416 illis
402 2365 436 2415 et
460 2374 504 2415 ex
529 2352 594 2414 illis
613 2362 666 2414 est
690 2352 855 2414 infernus:
881 2363 916 2415 et
939 2364 1115 2434 praeterea
1139 2371 1197 2433 per

74 2448 302 2511 “infernum”
318 2447 526 2528 significatur
541 2446 650 2508 simile
666 2447 756 2527 quod
774 2467 833 2527 per
850 2447 1055 2520 “mortem”
1075 2466 1196 2528 nempe

71 2543 276 2617 damnatio;
302 2542 360 2604 sed
380 2544 457 2623 quia
473 2541 526 2603 hic
544 2550 725 2622 utrumque
743 2542 875 2614 dicitur,
894 2552 928 2603 et
949 2543 995 2603 sic
1015 2542 1196 2622 distingui-

71 2645 133 2698 tur
150 2657 169 2698 a
187 2648 309 2710 morte,
324 2636 531 2716 significatur
548 2656 606 2716 per
620 2642 639 2666 ⁴⁴
649 2635 835 2697 infernum”
849 2636 1025 2697 damnatio
1037 2646 1195 2711 aeterna;

72 2733 239 2812 namqui
267 2733 299 2793 in
327 2731 491 2792 infernum
519 2732 669 2801 veniunt,
699 2731 742 2792 ibi
771 2741 910 2793 manent
939 2732 971 2792 in
999 2741 1195 2806 aeternum3

71 2845 184 2906 quare
211 2827 315 2888 etiarn
342 2826 463 2887 dicitur
492 2831 555 2886 “et
588 2824 735 2886 infernus
767 2817 971 2906 sequebatur
1001 2845 1077 2887 cum
1108 2826 1197 2900 i110,”

75 2938 159 2980 nam
173 2940 233 2999 per
247 2925 266 2951 ‘⁴
277 2920 370 3001 sequi
383 2938 459 2980 cum
471 2917 555 2979 illo'’
568 2915 777 2999 significatur
793 2937 929 2981 manere
946 2921 978 2980 in
992 2919 1060 2992 illa,
1076 2940 1197 3002 nempe

79 3013 113 3074 in
130 3013 352 3075 damnatione
369 3015 401 3075 in
421 3024 607 3074 aeternum.
653 3011 709 3073 Ex
729 3013 780 3074 his
797 3024 954 3075 constare
974 3025 1089 3094 potest
1106 3015 1197 3095 quod

78 3126 140 3187 per
166 3107 330 3169 “Nomen
354 3107 401 3169 illi
429 3127 528 3179 mors,
554 3116 588 3168 et
613 3106 759 3168 infernus
783 3108 986 3188 sequebatur
1009 3128 1085 3169 cum
1109 3108 1198 3182 illo,''

81 3199 291 3280 significetur
310 3202 486 3292 damnatio
502 3211 651 3261 aeterna.

140 3308 242 3391 384.
271 3317 289 3344 ¹¹
298 3309 336 3370 fr
347 3310 419 3370 data
431 3308 492 3370 illie
500 3313 642 3387 potestat
656 3307 860 3371 interficiendi
870 3329 965 3390 cupae·
975 3317 1116 3391 quartam
1124 3331 1200 3392 paa-

84 3406 144 3463 tom
158 3401 442 3483 terrae.''-Quod
465 3399 634 3482 significet
656 3401 923 3481 dapm'vatianem
940 3406 1049 3466 omnis
1072 3405 1200 3468 boniet

84 3493 158 3555 inde
171 3495 277 3557 amnis
294 3495 369 3556 vari
380 3515 422 3556 ax
445 3492 558 3565 Vardo,
571 3502 603 3553 at
617 3493 693 3554 inde
708 3494 742 3554 in
759 3493 911 3557 dabirina
926 3496 1075 3559 ecclesiae
1089 3519 1200 3562 aarum

84 3609 125 3649 ex
149 3587 263 3663 Verba,
285 3599 421 3651 constat
441 3609 485 3650 ex
505 3585 754 3667 significatione
776 3591 1021 3669 “potestatis’'
1040 3594 1130 3673 quod
1154 3595 1198 3656 sit

85 3680 231 3757 effecius,
249 3685 411 3764 quoniam
428 3701 528 3763 posse
544 3690 596 3742 est
616 3680 768 3758 efficere;
792 3704 836 3746 ex
857 3684 1104 3764 significatione
1119 3689 1199 3749 “in-

87 3776 262 3841 terficere''
282 3799 341 3840 seu
362 3773 575 3847 “occidere''
591 3776 680 3856 quod
700 3779 743 3840 sit
763 3778 938 3860 deprivare
957 3780 1048 3842 bono
1067 3792 1101 3843 et
1119 3802 1199 3845 vero

88 3885 126 3942 (ae
139 3900 187 3945 «μ
200 3899 281 3944 supra.
294 3899 317 3930 n.
331 3868 423 3948 366),
443 3889 487 3930 ex
503 3867 754 3948 significatione
769 3876 940 3951 “quartae
954 3872 1091 3951 partis,’'
1107 3874 1199 3954 quod

88 3964 128 4025 sit
145 3984 248 4027 omne
265 3963 393 4041 bonum
413 3973 448 4025 et
467 3963 546 4025 inde
561 3982 678 4025 verum
697 3980 798 4035 (aequa
811 3981 948 4040 sequitur);
972 3974 1006 4027 et
1030 3986 1074 4027 ex
1093 3968 1198 4047 signi-

90 4055 243 4120 ficatione
269 4056 441 4129 “terrae’‘
463 4057 555 4138 quod
578 4058 621 4118 sit
648 4056 795 4118 ecclesia
818 4069 852 4119 et
876 4078 977 4119 omne
1000 4058 1071 4138 ejus
1094 4076 1135 4131 (ae
1152 4089 1201 4134 qua

90 4176 159 4224 supra,
173 4181 197 4215 n.
216 4168 267 4231 29,
285 4165 378 4229 304);
402 4160 437 4213 et
459 4151 537 4231 quia
561 4150 706 4212 ecclesia
729 4161 782 4212 est
806 4151 952 4213 ecclesia
975 4173 1019 4214 ex
1043 4153 1198 4216 doctrina

92 4241 126 4305 ibi
145 4256 178 4318 et
198 4265 244 4308 ex
266 4245 338 4305 vita
358 4243 543 4304 secundum
563 4242 666 4315 illam,
688 4252 722 4304 et
741 4245 817 4324 quia
837 4246 945 4305 omnis
965 4242 1119 4306 doctrina
1143 4265 1198 4307 ec·

92 4335 202 4403 clesiae
216 4339 282 4402 erit
296 4358 342 4399 ex
358 4335 483 4409 Verb0,
498 4337 576 4398 inde
592 4338 696 4399 etiam
710 4337 808 4399 simul
822 4337 1030 4418 significatur
1043 4337 1199 4402 doctrina

90 4435 245 4498 ecclesiae
262 4453 310 4495 ex
324 4430 459 4493 Verbo:
477 4452 522 4494 ex
538 4431 590 4493 his
604 4442 762 4494 constare
775 4442 890 4514 potest
904 4434 994 4514 quod
1013 4454 1073 4514 per
1087 4433 1198 4495 “data
