2684 4988
331 522 413 572 cm.
429 522 503 585 vn„
519 522 624 572 ντες.
643 520 752 588 3.-ιτ.
768 506 841 588 426.
1064 519 1141 586 1045

109 691 132 754 ci
154 700 336 774 potuerunt
366 691 443 752 mali
470 699 654 771 antequam
682 690 726 752 ab
753 689 818 751 illis
846 688 993 770 separati
1019 687 1141 778 suerint

108 786 131 861 i;
152 804 227 847 nam
251 785 280 846 si
303 783 414 856 simul,
439 793 519 847 tunc
544 783 634 856 boni,
655 803 731 845 cum
754 781 874 863 quibus
898 781 977 843 mali
1001 800 1060 862 per
1078 801 1141 843 ex·

112 896 160 940 um
178 877 308 941 cultum
328 874 497 957 conjuntti
520 877 665 950 fuerunt,
685 877 812 938 damno
831 874 1055 949 afficerentur,
1076 874 1141 937 hoc

114 972 268 1054 perirent,
290 971 368 1033 illos
391 973 480 1034 enim
500 971 579 1033 mali
599 989 713 1033 secum
732 969 911 1032 auferrent.
958 968 1034 1031 Hoc
1058 990 1141 1051 quo·

112 1075 161 1128 est
180 1066 271 1147 quod
293 1064 459 1127 Dominus
479 1065 649 1145 praedixit
668 1064 757 1146 apud
776 1063 995 1136 Matusarum,

107 1206 193 1256 Simile
204 1215 245 1254 est
259 1220 374 1268 regnum
387 1206 522 1254 caelorum
535 1205 639 1253 homini
657 1204 804 1253 seminanti
817 1206 917 1253 bonum
931 1219 1024 1253 semen
1038 1205 1065 1253 in
1076 1219 1143 1266 agro

153 1282 218 1323 suo:
236 1269 285 1317 sed
297 1268 362 1316 dum
373 1267 561 1317 dormiverunt
572 1267 707 1324 homines,
721 1267 796 1315 venit
805 1267 865 1328 ejus
878 1267 1010 1322 inimicus,
1025 1278 1052 1315 et
1064 1269 1143 1315 senri-

154 1334 229 1381 navit
249 1333 356 1381 zizania
376 1330 460 1397 [inter
477 1328 608 1395 triticum]
626 1341 653 1380 et
673 1332 771 1382 abivit:
795 1347 876 1394 quum
899 1346 964 1379 vero
982 1332 1143 1393 germinarit

153 1399 245 1455 herba.
261 1407 289 1447 et
306 1395 422 1446 frustum
440 1397 512 1455 lecit.
533 1408 597 1447 tunc
615 1406 795 1458 apparuerunt
813 1397 894 1445 etiam
912 1397 1022 1445 zizania.
1060 1397 1143 1444 Acce-

152 1463 249 1512 dentes
266 1473 368 1519 autem,
384 1463 456 1511 servi
470 1461 683 1524 patrisfamilias,
700 1461 825 1510 dixerunt
840 1461 886 1517 illi,
905 1461 1030 1518 Domine,
1051 1477 1143 1510 nonne

154 1530 256 1577 bonum
276 1542 371 1576 semen
389 1527 530 1576 seminasti
548 1527 576 1575 in
595 1541 661 1588 agro
679 1528 742 1576 tuo?
764 1527 835 1575 unde
849 1541 915 1588 ergo
933 1527 1012 1574 habet
1025 1527 1143 1576 zizania?

155 1592 207 1642 llic
224 1608 291 1641 vero
309 1593 385 1650 dixit,
407 1592 535 1640 Inimicus
553 1593 635 1639 homo
653 1593 703 1640 hoc
721 1592 798 1642 iecit:
821 1593 891 1640 servi
909 1600 1000 1639 autem
1017 1592 1142 1640 dixerunt

153 1658 201 1714 illi,
215 1657 301 1706 Visne
313 1673 379 1718 ergo
391 1659 520 1705 abeuntes
529 1657 689 1717 colligamus
701 1658 751 1705 ea?
785 1655 846 1719 lpse
859 1671 924 1704 vero
936 1656 1010 1711 dixit.
1025 1656 1095 1713 Non,
1109 1671 1143 1704 ne

151 1723 224 1771 forte
237 1723 397 1784 colligentes
409 1722 512 1771 zizania
523 1722 667 1771 eradicetis
682 1721 762 1770 simul
776 1736 836 1770 cum
854 1721 908 1770 illis
922 1722 1047 1777 triticum,
1063 1722 1142 1770 sinite

152 1803 208 1836 una
219 1802 341 1836 crescere
353 1798 414 1836 utra
432 1802 465 1836 ue
477 1801 563 1850 usque
575 1787 610 1834 ad
622 1801 738 1837 messem
751 1801 757 1843 ;
774 1797 801 1836 et
817 1787 843 1835 iu
859 1796 980 1848 tempore
994 1787 1089 1835 messis
1102 1788 1141 1834 rii-

152 1867 211 1900 cam
223 1853 398 1910 messoribus,
407 1803 534 1914 golligite
545 1851 618 1913 prius
628 1851 739 1909 zizania,
748 1860 775 1900 et
784 1852 909 1913 colligate
919 1866 952 1900 ea
962 1852 989 1899 in
999 1851 1142 1900 fasciculos

153 1918 187 1966 ad
205 1920 416 1967 comburendum
439 1933 479 1974 es,
494 1917 610 1966 triticum
628 1931 693 1966 vero
710 1916 828 1979 colligite
847 1917 874 1965 in
892 1918 1017 1964 horreum
1031 1917 1142 1965 meum''

153 1982 220 2044 (xiii.
233 1984 340 2043 24-3olz

112 2105 329 2178 “hominem'
348 2114 598 2176 seminantem”
634 2113 837 2195 intelligitur
866 2113 1052 2191 Dominus;
1083 2135 1143 2195 per

104 2208 196 2270 rum''
223 2207 428 2289 intelligitur
453 2208 599 2270 mundus
629 2208 813 2289 spiritualis
840 2219 874 2271 et
903 2208 1057 2280 ecclesia,
1087 2209 1142 2271 ubi

122 2313 193 2365 tam
213 2302 293 2364 boni
307 2322 410 2385 quam
431 2301 531 2378 mali;
555 2323 614 2384 per
635 2308 780 2364 “semen
799 2302 925 2364 bonum
934 2302 948 2322 '¹
967 2312 1002 2364 et
1024 2303 1141 2364 “triti-

109 2396 126 2420 ”
153 2397 394 2478 intelliguntur
424 2396 514 2470 boni,
543 2416 582 2459 ac
611 2417 670 2477 per
700 2397 878 2459 '‘zizania''
905 2395 1143 2476 intelliguntur

104 2511 124 2552 ,τ
146 2492 237 2573 quod
257 2512 326 2553 non
346 2493 492 2572 separari
516 2501 656 2573 possent
681 2491 889 2573 priusquam
914 2501 1067 2571 tempore
1092 2491 1141 2551 ul-

111 2585 224 2666 judicii
241 2595 382 2667 propter
398 2581 670 2664 conjune‘lionem
687 2582 926 2666 supradictam,
941 2584 1143 2665 intelligitur

112 2697 312 2761 responsum
340 2678 385 2739 ad
416 2699 532 2740 servos
566 2680 621 2760 qui
650 2678 829 2740 voluerunt
859 2679 1020 2759 colligere
1051 2679 1140 2758 prius

103 2775 161 2843 nia,
182 2772 247 2835 hoc
266 2783 331 2845 est,
352 2792 508 2854 separare
533 2772 641 2834 malos
661 2793 680 2834 a
699 2773 808 2844 bonis,
831 2780 850 2804 ‘⁴
860 2772 912 2835 Ne
935 2773 1021 2834 sorte
1045 2771 1141 2834 colli·

103 2885 146 2928 :es
173 2867 301 2928 zizania
327 2866 508 2929 eradicetis
536 2865 634 2928 simul
662 2885 738 2928 cum
767 2865 832 2928 iilis
856 2869 1016 2937 triticum,
1041 2868 1142 2929 sinite

116 2978 269 3023 crescere
297 2970 439 3041 utraque
467 2980 572 3040 usque
599 2959 643 3021 ad
671 2979 818 3022 messem
831 2959 857 3036 ;”
891 2961 1038 3023 “messis
1048 2960 1063 2983 ’⁹
1088 2971 1142 3023 est

103 3072 179 3116 num
206 3053 378 3134 judicium.
436 3052 538 3134 Quod
571 3053 630 3115 illa
659 3051 902 3134 significentur,
931 3054 1033 3117 docet
1065 3055 1142 3136 Ipse

102 3148 202 3220 ninus,
222 3148 350 3221 dicens,

105 3278 154 3344 Qui
166 3280 283 3329 seminat
295 3281 395 3328 bonum
407 3295 502 3330 semen
515 3289 556 3329 est
572 3280 655 3331 Filius
669 3281 804 3338 hominis:
821 3296 887 3343 ager
897 3291 940 3331 est
951 3282 1083 3332 mundus:
1101 3296 1143 3331 se-

155 3360 217 3394 men
237 3342 364 3409 [bonum]
377 3355 440 3394 sunt
458 3346 505 3394 filii
522 3346 617 3407 regni;
635 3346 738 3394 zizania
753 3356 816 3394 sunt
834 3347 880 3394 filii
899 3347 961 3395 maii
973 3362 991 3404 ς.
1002 3385 1007 3396 .
1018 3384 1023 3397 .
1035 3348 1142 3397 messis

152 3421 192 3460 est
198 3410 400 3460 consummatio
408 3411 509 3460 saecuti
518 3427 554 3461 z..
564 3448 570 3461 .
580 3411 819 3474 .quemadmodum
826 3413 988 3474 colliguntur
996 3413 1106 3471 zizania,
1116 3422 1143 3462 et

153 3476 216 3538 igne
222 3477 424 3533 comburuntur,
436 3476 474 3524 sic
483 3475 534 3524 erit
544 3476 570 3524 in
578 3477 815 3525 consummatione
825 3478 925 3528 saeculi
934 3477 947 3495 '¹
957 3479 1037 3540 (vers.
1051 3491 1140 3539 37-40,

152 3541 180 3590 in
193 3542 290 3590 eodem
302 3541 414 3604 capite):

101 3683 223 3756 zpatet
251 3676 341 3756 quod
368 3673 501 3737 “homo
527 3673 793 3756 paterfamilias”
818 3676 989 3738 seminans
1016 3677 1142 3739 bonum

101 3788 140 3831 en
168 3769 214 3832 sit
246 3768 423 3842 Dominus,
452 3769 508 3851 qui
540 3766 583 3831 Se
614 3779 715 3831 vocat
746 3769 791 3831 ibi
823 3769 944 3832 Filium
975 3769 1141 3846 hominis;

101 3861 177 3945 ique
199 3869 310 3944 “ager
337 3863 381 3924 sit
409 3861 583 3935 mundus‚'’
606 3882 666 3943 per
689 3882 788 3943 quem
816 3863 1018 3945 intelligitur
1044 3883 1142 3926 mun·

105 3956 287 4040 spiritualis
303 3967 338 4020 et
358 3955 512 4030 ecclesia,
530 3958 585 4020 ubi
605 3968 676 4020 tam
696 3957 775 4018 boni
795 3977 896 4039 quam
915 3959 1013 4021 mali:
1035 3957 1141 4040 (quod

100 4053 223 4114 nundus
254 4049 478 4132 intelligatur,
506 4062 603 4133 patet
630 4072 676 4114 ex
707 4071 749 4114 eo
775 4052 865 4134 quod
893 4052 1024 4115 dicatur
1050 4054 1142 4135 quod

100 4165 192 4228 gnum
224 4144 398 4210 caelorum
429 4147 473 4208 sit
503 4145 611 4209 simile
642 4146 770 4209 homini
801 4148 982 4209 seminanti
1014 4147 1142 4211 bonum

100 4262 131 4305 :n
152 4244 185 4305 in
205 4262 292 4323 agro
311 4260 373 4302 suo
384 4237 411 4316 ;''
436 4244 605 4320 “regnum
626 4240 796 4304 caelorum
806 4241 821 4264 ”
836 4250 889 4303 est
909 4241 1054 4304 mundus
1073 4245 1142 4323 spi-

100 4335 144 4400 iis
166 4347 202 4401 et
227 4333 395 4411 ecclesia3
425 4334 458 4397 id
482 4335 586 4397 etiam
610 4346 707 4416 patet
731 4357 775 4398 ex
800 4357 851 4408 e0,
871 4336 961 4418 quod
986 4337 1142 4400 dicantur

100 4432 139 4496 de
169 4431 295 4496 ultimo
322 4428 460 4509 judicio,
483 4448 523 4492 ac
555 4429 711 4492 ultimum
730 4430 890 4509 judicium
914 4432 1087 4513 peragitur
1107 4433 1139 4493 in
