2684 4988
344 489 425 540 car.
441 489 532 553 vm,
549 488 653 541 vans.
674 489 780 539 1.-n.
795 477 868 556 488.
1086 489 1162 538 1211

97 654 282 719 raniiestatio
298 655 341 718 de
358 656 559 719 successivis
574 656 724 718 statibus
740 654 908 719 ecclesiae
924 670 962 730 (ur
972 683 1084 729 suptar.
1096 668 1166 735 352.

97 742 134 816 51,
142 748 200 828 369,
210 750 281 829 378,
292 765 363 829 390.
375 765 448 829 399)
461 769 468 826 ;
491 759 526 811 et
539 770 585 811 ex
600 748 851 830 significatione
866 745 1061 829 “septimi”
1073 745 1165 830 quod

97 847 108 898 t
131 841 256 922 plenum
279 852 316 905 et
339 852 616 905 consummatum
639 859 681 916 (ue
695 871 836 916 quasupre
850 871 875 904 n.
890 855 962 922 257,
976 856 1062 921 299),
1085 838 1165 903 inde

97 950 183 1016 toque
201 934 369 1008 ultimum,
388 954 465 997 nam
484 934 574 1016 quod
596 934 732 1016 plenum
753 945 787 997 et
807 943 1081 997 consummatum
1100 941 1164 1007 est,

97 1042 271 1110 >equoque
300 1028 455 1091 ultimum
483 1039 546 1091 est.
601 1027 752 1092 Ultimus
779 1037 891 1091 status
918 1026 1084 1091 ecclesiae
1112 1034 1166 1090 est

97 1122 185 1183 tando
198 1141 266 1184 non
280 1141 396 1185 verum
409 1123 485 1204 quia
498 1141 565 1184 non
583 1122 719 1196 bonum,
735 1142 794 1184 seu
806 1122 897 1204 quod
912 1121 1015 1195 idem,
1028 1119 1166 1204 quando

97 1229 127 1274 >n
147 1212 226 1276 fides
249 1213 327 1294 quia
354 1232 422 1275 non
445 1211 595 1276 charitas
609 1233 616 1290 ;
640 1228 717 1287 (quod
731 1235 789 1274 runc
803 1229 900 1274 unimus
914 1236 988 1273 status
1001 1227 1116 1274 ecclesiae
1129 1227 1166 1281 sn,

98 1308 190 1353 amrin
201 1309 319 1366 opusculo
331 1309 369 1354 ne
384 1307 471 1354 ueram
484 1307 591 1369 mero,
602 1321 625 1354 n.
637 1309 737 1367 33-39;)
753 1291 833 1374 quid
851 1293 884 1354 in
901 1291 965 1354 hoc
982 1301 1076 1354 statu
1094 1290 1165 1353 iac-

97 1395 204 1458 mest,
222 1387 255 1448 in
275 1403 364 1447 nunc
381 1385 598 1466 sequentibus
618 1385 830 1467 praedicitur.
876 1384 915 1446 id
931 1384 1021 1465 quod
1040 1380 1166 1446 iadium

97 1488 122 1551 t,
135 1490 167 1542 et
185 1479 238 1542 hic
260 1479 473 1561 praedicitur,
490 1476 685 1543 factumest
705 1480 737 1541 in
758 1479 885 1541 mundo
901 1477 1065 1560 spirituali
1084 1487 1167 1540 ante

97 1572 225 1648 dicium;
250 1593 329 1635 nam
348 1572 465 1635 similis
484 1583 595 1635 status
613 1572 778 1636 ecciesiae
798 1582 879 1635 tunc
899 1573 932 1634 in
952 1571 1079 1634 mundo
1097 1571 1167 1653 spi·

96 1667 162 1729 :uali
183 1668 243 1730 iuit
262 1667 319 1748 qui
342 1668 374 1728 in
395 1668 521 1729 mundo
540 1667 695 1742 naturali,
713 1667 773 1730 sed
793 1667 855 1729 sub
874 1666 939 1729 alia
958 1667 1081 1748 specie.
1126 1665 1167 1728 In

96 1762 177 1824 undo
189 1761 352 1843 spirituaii
365 1771 444 1824 sunt
455 1762 648 1835 societates,
661 1781 746 1844 quae
759 1759 940 1825 distindtae
953 1771 1032 1823 sunt
1045 1778 1167 1823 secun·

96 1874 136 1918 nn
155 1853 348 1919 aisedtiones
372 1855 450 1917 boni
474 1864 509 1919 et
531 1857 600 1918 veri
624 1866 658 1919 et
682 1876 796 1918 earum
815 1856 1011 1928 varietates
1031 1856 1064 1916 in
1084 1874 1167 1936 quas
1224 1900 1228 1910 .

96 1947 209 2013 stindie
225 1952 319 2030 venit
337 1950 477 2033 quisque
494 1960 572 2031 post
589 1960 735 2013 mortem
752 1950 937 2012 secundum
953 1967 1048 2011 suam
1065 1946 1168 2010 affec·

96 2059 199 2119 >nem3
219 2063 288 2107 non
305 2055 420 2106 autem
437 2044 470 2105 in
487 2044 614 2106 mundo
631 2043 794 2106 naturali:
816 2054 850 2106 et
863 2045 939 2125 quia
956 2043 1004 2105 ita
1017 2037 1168 2104 distindii

96 2147 136 2200 nt
157 2140 188 2200 in
212 2140 340 2201 mundo
363 2138 537 2221 spirituali,
562 2139 639 2201 ideo
661 2139 704 2200 ibi
729 2148 869 2220 apparet
894 2136 1037 2200 ecclesia
1060 2134 1168 2217 qualis

98 2241 114 2292 t
133 2233 161 2294 in
185 2234 294 2306 terris,
319 2244 354 2296 et
377 2252 510 2316 quoque
532 2232 677 2295 ecclesia
700 2232 863 2295 utrobivis
887 2251 989 2293 unum
1012 2229 1084 2312 agit
1109 2250 1168 2311 per

96 2327 381 2409 urespondentias.
438 2324 584 2407 Quando
617 2327 650 2388 in
681 2326 807 2388 mundo
836 2324 999 2408 spirituali
1030 2324 1168 2386 ultimus

96 2430 163 2483 atus
178 2421 344 2485 ecclesiae
363 2421 435 2495 suit,
454 2432 533 2484 tunc
552 2422 664 2483 omnia
681 2420 765 2483 haec
783 2417 920 2502 peradia
936 2430 1014 2482 sunt
1031 2438 1118 2501 quae
1134 2418 1168 2480 in

96 2531 142 2578 rnc
160 2516 379 2598 sequentibus
399 2516 655 2597 praedicuntur;
679 2534 820 2597 quorum
840 2515 951 2597 aliqua
972 2516 1003 2576 in
1023 2531 1169 2596 sequen·

96 2625 143 2671 rus
161 2610 381 2674 memoranda
401 2620 489 2684 sunt,
510 2611 587 2692 quia
606 2610 678 2672 visa
696 2619 785 2672 sunt.

115 2716 208 2800 487.
237 2717 391 2779 “factum
411 2722 463 2780 ost
481 2717 632 2779 silentium
656 2715 687 2777 in
709 2714 971 2796 cralo.''-Quod
999 2712 1169 2796 significet

96 2819 219 2889 raperem
231 2807 322 2890 quod
329 2808 460 2871 ccclesia
472 2809 562 2882 talis,
575 2819 606 2870 ct
618 2807 796 2891 quodfim‘s
808 2808 876 2889 ejus
889 2807 998 2880 instet,
1010 2817 1170 2869 constare

96 2912 168 2967 ›test
192 2924 236 2965 ex
262 2902 490 2985 sequentibus,
516 2901 570 2964 ubi
597 2903 709 2983 agitur
732 2901 774 2964 de
801 2902 940 2963 interitu
964 2898 1043 2980 ejus,
1069 2910 1103 2962 et
1127 2899 1170 2963 de

96 2999 274 3061 rmnatione
294 2998 442 3059 omnium
463 2997 551 3079 apud
570 3017 655 3079 quos
675 3016 741 3058 non
763 2994 906 3058 ecclesia
927 2995 998 3067 suit,
1019 2994 1083 3057 hoc
1104 3004 1168 3067 est,

95 3092 142 3155 ›ud
159 3113 245 3174 quos
265 3091 357 3154 nulla
376 3088 568 3172 conjund'tio
587 3091 655 3154 veri
674 3101 709 3154 et
733 3091 813 3153 boni
832 3111 890 3153 seu
909 3088 985 3151 fidei
1005 3099 1040 3152 et
1060 3088 1170 3151 chari·

96 3190 135 3251 tis
147 3211 154 3266 ;
171 3188 256 3251 haec
268 3186 358 3249 enim
369 3184 646 3266 conjundtioiacit
658 3184 837 3249 ecclesiam
848 3184 936 3266 apud
948 3201 1169 3264 unumquem-

95 3303 114 3345 s.
137 3281 225 3364 Quia
235 3280 320 3345 haec
333 3280 641 3362 percipiebanturin
654 3279 760 3354 caelo,
770 3289 804 3342 et
815 3279 893 3342 inde
902 3277 1170 3340 obversabantur

95 3378 172 3442 rimis
188 3375 401 3459 angelorum,
419 3375 554 3458 quando
571 3375 752 3457 septimum
769 3373 916 3454 sigilium
934 3383 1088 3454 apertum
1105 3380 1169 3442 est,

95 3472 131 3537 de
153 3483 283 3555 stupor,
305 3480 338 3533 et
362 3491 407 3533 ex
432 3480 570 3551 stupore
592 3468 774 3531 silentium.
821 3464 1053 3530 “Silentium'’
1075 3465 1172 3548 plura

95 3567 244 3649 gnificat;
268 3566 301 3627 in
325 3584 451 3646 genere
475 3563 589 3627 omnia
608 3583 694 3645 quae
717 3562 843 3626 iaciunt
866 3562 959 3635 illud,
980 3563 1067 3625 inter
1085 3581 1172 3643 quae

97 3681 171 3742 upor
190 3659 354 3742 imprimis
373 3658 454 3720 iliud
474 3657 612 3720 inducit.

115 3764 214 3847 488.
241 3761 360 3831 “Orosi
368 3759 728 3840 semihoram.''-Quod
741 3759 911 3840 significet
924 3769 1053 3839 tempus
1063 3779 1172 3821 corre·

95 3856 218 3919 >ondens
242 3875 300 3917 scu
322 3873 450 3916 moram
469 3864 644 3935 antequam
666 3853 775 3914 omnia
794 3861 1007 3932 praeparata
1029 3849 1178 3914 suntad

95 3947 241 4014 rbeundas
262 3947 456 4011 mutationes
474 3958 641 4029 sequentes
665 3945 723 4028 [ex
744 3965 831 4008 nunc
852 3946 1070 4027 sequentibus
1090 3965 1172 4008 con-

95 4059 147 4107 are
173 4041 328 4127 potest]:
364 4040 563 4103 “semihora
574 4041 588 4066 ’¹
617 4041 748 4114 dicitur,
776 4040 853 4121 quia
882 4037 1109 4101 “dimidium‘’
1137 4047 1173 4101 et

95 4137 258 4201 remissis·
277 4134 446 4217 significat
469 4144 633 4217 quantum
657 4133 926 4215 correspondens
949 4140 985 4194 et
1008 4142 1173 4214 quantum

95 4230 152 4306 ris,
164 4243 198 4297 et
213 4238 231 4264 “
242 4230 349 4294 hora”
361 4227 529 4310 significat
544 4246 682 4291 moram.
730 4225 768 4288 ln
784 4225 900 4288 Verbo
916 4224 1039 4307 pluries
1052 4226 1174 4288 dicitur

95 4327 199 4400 rora,'‘
218 4336 254 4390 et
277 4325 447 4407 perillam
467 4323 674 4404 significatur
694 4320 827 4383 duratio
847 4318 952 4399 major
971 4330 1029 4383 aut
1052 4321 1172 4394 minor,

95 4428 191 4483 aeter
206 4419 297 4505 quod
317 4439 384 4482 non
405 4419 576 4499 cogitetur
594 4417 637 4479 de
656 4425 811 4497 tempore
830 4412 969 4495 alicujus
988 4414 1112 4491 horae;
1137 4421 1173 4477 et
