2684 4988
555 272 569 317 l

112 439 178 522 74⁶
423 453 670 505 arocaivrns
694 455 918 511 exemeras.

114 643 215 706 quam
238 622 405 705 propheta
426 634 566 699 amaret,
587 623 753 704 significat
774 623 952 688 ecclesiam
972 624 1066 688 talen

115 715 199 780 lier‘'
211 717 401 793 ecclesiam,
416 724 560 781 “amata
572 720 664 781 socio
677 729 711 782 et
725 720 921 783 adulterans
930 720 945 743 ”
957 719 1066 782 salsilic

113 812 183 874 veri
199 823 234 876 et
250 812 535 876 adulterationem
551 815 650 877 boni:
673 813 798 894 “juxta
813 834 962 877 amorem
978 813 1066 894 Jeho

47 947 50 953 -
114 905 199 969 filios
223 907 367 981 IsraeliS,
391 917 426 970 et
450 907 484 970 hi
508 910 726 989 respicientes
749 908 792 970 ad
815 910 898 972 deos
921 909 1036 981 alios,”
1060 931 1066 971 ε

113 1000 197 1063 salsa
207 999 379 1065 doctrinae
389 1013 424 1065 et
435 1002 525 1064 mala
535 1002 646 1064 cultus
659 1025 666 1078 ;
684 1002 768 1065 haec
779 1001 1011 1084 significantur
1022 1024 1065 1084 pe

114 1114 188 1158 cere
207 1096 250 1157 ad
269 1096 352 1158 deos
370 1095 454 1158 alios
467 1096 493 1159 :’'
514 1102 697 1159 “amantes
717 1096 856 1177 lagenas
876 1117 1014 1159 uvarum
1023 1097 1038 1119 ’'
1058 1118 1066 1158 ε

114 1188 264 1252 Verbum
281 1191 313 1251 in
330 1189 404 1252 solo
416 1210 516 1252 sensu
533 1190 677 1265 litterae,
693 1210 771 1252 nam
787 1189 953 1252 “vinum‘’
965 1191 1066 1273 signil

113 1280 286 1346 doclrinae
305 1305 349 1346 ex
369 1284 496 1357 Verbo,
518 1291 631 1347 “uvae
640 1285 654 1308 ”
673 1286 763 1348 bona
786 1284 855 1365 ejus
878 1305 923 1347 ex
942 1285 1062 1365 quibus

115 1378 265 1459 “lagena
274 1378 288 1402 ”
304 1380 337 1441 id
353 1379 443 1460 quod
460 1381 614 1442 continet
628 1402 634 1455 ;
659 1380 707 1442 ita
720 1379 874 1441 ultimum
888 1378 992 1441 Verbi
1010 1400 1066 1440 sen

113 1482 165 1536 est
193 1493 310 1535 sensus
339 1472 484 1547 litterae,
509 1494 608 1555 quem
635 1474 808 1555 applicant
832 1475 899 1536 suis
925 1473 1016 1535 salsis
1044 1495 1063 1536 e

112 1567 201 1649 quod
233 1570 512 1649 “comparaverit
543 1570 604 1630 sibi
634 1569 725 1631 illam
756 1589 815 1650 per
844 1568 1034 1650 quindecim
1065 1615 1066 1625 ,

112 1661 280 1743 significat
293 1665 418 1743 exiguo
431 1664 540 1744 pretio
552 1685 559 1738 ;
581 1670 601 1695 “
610 1663 800 1744 quindecim
809 1661 824 1686 ”
837 1661 1028 1743 significant
1042 1683 1066 1724 e:

114 1762 239 1818 “corus
255 1755 457 1819 hordeorum
473 1767 508 1820 et
526 1758 708 1819 semicorus
724 1756 951 1819 hordeorum”
967 1757 1066 1836 signil

113 1870 228 1932 parum
248 1851 380 1914 boniet
400 1853 468 1914 veri
488 1861 524 1914 ut
544 1852 602 1913 vix
622 1851 756 1933 aliquid.
803 1850 905 1932 Apud
924 1851 1066 1912 Marmar

165 1994 304 2059 Johannes
322 1995 355 2044 de
372 1995 445 2059 Jesu,
462 1994 536 2044 “llle
555 2009 603 2044 vos
622 1995 769 2057 baptizabit
786 1995 882 2056 spiritu
899 1992 994 2042 sancto
1012 2002 1039 2042 et
1057 1994 1064 2041 i

241 2061 420 2109 ventilabrum
430 2061 457 2108 in
468 2075 550 2108 manu
560 2059 657 2121 Ipsius,
668 2070 694 2108 et
704 2060 877 2121 perpurgabit
884 2075 974 2107 aream
986 2074 1063 2107 suam

241 2126 395 2254 {iriiiticlumlig
401 2127 542 2218 borreum,
554 2125 659 2187 paleam
669 2135 759 2173 autem
769 2126 907 2173 comburet
917 2125 979 2186 igne
989 2125 1066 2172 inexs

283 2229 288 2240 .
334 2229 341 2251 ,
401 2230 406 2241 .

111 2363 170 2424 per
184 2343 384 2424 “baptizare
397 2342 514 2423 spiritu
527 2338 646 2404 sancto
659 2350 693 2403 et
710 2342 788 2421 igne
797 2339 812 2363 ”
825 2338 1032 2420 significatur
1044 2361 1066 2402 r«

111 2436 289 2499 ecclesiam
312 2447 347 2498 et
371 2455 570 2516 regenerare
597 2435 769 2498 hominem
792 2435 955 2497 ecclesiae
982 2454 1041 2515 per

90 2520 93 2531 ’
111 2529 239 2592 Verum
249 2540 284 2592 et
296 2529 455 2592 Divinum
467 2529 597 2592 Bonum
610 2550 617 2606 ;
634 2535 652 2560 “
663 2530 833 2610 baptizare
842 2528 857 2551 ”
866 2527 1032 2608 significat
1044 2549 1066 2589 rr

111 2633 145 2686 et
159 2643 368 2703 regenerare,
383 2625 546 2705 “spiritus
557 2621 716 2685 sanctus”
728 2623 886 2685 Divinum
897 2622 1024 2683 Verum
1035 2642 1067 2702 pr

110 2716 153 2778 ab
170 2716 259 2798 Ipso,
277 2728 312 2780 et
331 2718 469 2800 “ignis”
486 2718 644 2779 Divinum
662 2717 792 2778 Bonum
810 2716 922 2777 Divini
939 2715 1066 2776 Amori!

111 2831 169 2893 per
187 2812 364 2874 “triticum
374 2812 389 2835 ”
405 2811 495 2893 quod
514 2811 654 2891 colliget
671 2812 704 2872 in
722 2811 889 2882 horreum,
907 2820 941 2872 et
961 2831 1020 2891 per
1038 2815 1057 2840 “

110 2922 210 2984 quam
221 2905 396 2968 comburet
411 2906 488 2986 igne
502 2903 782 2984 inexstinguibili,
794 2902 1001 2984 significatur
1011 2904 1066 2964 bor

6 3064 16 3080 ,
111 2999 162 3059 nis
177 3000 310 3079 generis
327 2999 417 3080 quod
434 3020 479 3061 ex
492 3000 620 3078 origine
637 2997 776 3060 caelesti
793 2997 882 3078 quod
899 2998 931 3057 in
948 3006 1065 3058 aetern

110 3104 312 3166 servaturus,
330 3094 378 3155 ita
394 3113 453 3155 eos
469 3095 523 3174 qui
543 3095 576 3154 in
593 3092 651 3155 illo
670 3103 759 3166 sunt,
777 3101 811 3153 et
826 3091 947 3153 salsum
964 3091 1066 3153 omnis

109 3187 199 3267 quod
217 3208 261 3249 ex
281 3188 409 3268 origine
429 3187 580 3249 infernali
600 3186 689 3268 quod
709 3183 949 3259 destructurus
970 3186 1017 3247 ita
1036 3206 1066 3247 e‹

109 3280 168 3344 illo
180 3293 278 3356 sunt;
299 3293 333 3344 et
347 3284 423 3364 quia
436 3282 558 3344 dicitur
573 3287 591 3312 “
601 3280 779 3352 triticum‚’'
795 3281 977 3342 “horreum
988 3279 1002 3303 ”
1015 3290 1050 3342 et

109 3377 211 3438 etiam
222 3376 344 3439 dicitur
354 3376 606 3438 “ventilabrum
616 3375 672 3437 ”et
683 3373 864 3446 “area,”ac
876 3395 934 3456 per
944 3375 1066 3436 “venti

109 3469 315 3550 significatur
343 3471 522 3551 separatio,
551 3490 589 3532 ac
618 3491 676 3551 per
701 3468 868 3531 “arcam’'
895 3469 949 3531 ubi
976 3489 1066 3549 separ

109 3563 212 3645 Apud
231 3565 386 3638 eundem,

160 3708 240 3773 Jesus
259 3709 334 3766 dixit,
351 3710 467 3758 “Simile
486 3720 527 3758 est
546 3724 658 3770 regnum
677 3709 812 3757 caelorum
832 3708 934 3756 homini
954 3708 1066 3757 seminar

237 3789 329 3823 semen
345 3775 371 3823 in
384 3789 450 3835 agro
462 3790 520 3829 suo,
535 3775 582 3823 sed
597 3789 656 3822 curn
669 3774 855 3822 dormiverunt
867 3774 999 3831 homines,
1014 3787 1066 3821 ven

237 3840 321 3888 micus
334 3849 360 3888 et
369 3841 513 3889 seminavit
523 3840 623 3888 zizania
633 3849 660 3888 et
669 3839 753 3887 abivit
763 3856 767 3887 :
787 3854 868 3901 quum
879 3853 943 3886 vero
952 3838 1066 3899 germini

236 3915 263 3954 er
272 3903 387 3953 trucium
398 3905 468 3962 lecit,
479 3916 542 3953 tunc
550 3914 732 3967 apparuerunt
740 3905 820 3952 etiam
831 3905 946 3953 zizania:
962 3905 1066 3952 acceder

236 3971 306 4019 servi
325 3970 527 4032 patrisfamilias
545 3971 669 4018 dixerunt
686 3970 732 4025 illi,
755 3969 878 4027 Domine,
899 3983 989 4017 nonne
1008 3971 1066 4016 bon¹

236 4035 374 4084 seminasti
393 4036 420 4084 in
435 4051 501 4097 agro
516 4038 579 4085 tuo?
598 4036 668 4083 unde
683 4050 748 4095 ergo
763 4036 842 4083 habet
856 4035 974 4083 zizania?
1009 4034 1061 4082 llic

236 4101 299 4157 illis,
316 4100 443 4149 Inimicus
455 4103 537 4149 homo
552 4102 602 4148 hoc
615 4101 685 4150 lecit.
722 4101 796 4147 Servi
809 4110 898 4148 autem
911 4100 1044 4155 dixerunt,
1058 4100 1066 4131 l

235 4174 364 4215 exeuntes
374 4166 532 4227 colligamus
542 4169 591 4216 ea?
624 4165 686 4228 lpse
696 4180 761 4213 vero
770 4165 845 4221 dixit,
858 4165 927 4223 Non,
939 4180 971 4213 ne
982 4165 1066 4214 torte<

235 4232 339 4280 zizania
355 4232 496 4280 eradicetis
516 4232 595 4280 simul
617 4246 677 4280 cum
698 4231 750 4279 illis
770 4232 903 4287 triticum;
927 4230 1007 4277 sinite
1025 4245 1066 4278 uni

235 4306 346 4359 utraque
355 4311 440 4359 usque
450 4296 483 4344 ad
496 4312 620 4352 messem,
632 4306 659 4345 et
672 4296 830 4357 intempore
841 4295 935 4345 messis
945 4295 1031 4343 dicam
1042 4310 1066 4344 m

235 4362 360 4424 Colligite
376 4362 449 4423 prius
463 4362 572 4420 zizania,
587 4372 614 4411 et
628 4362 752 4423 colligate
767 4376 799 4409 ea
813 4363 841 4409 in
856 4362 997 4409 fasciculos
1009 4362 1043 4409 ad
1057 4377 1066 4410 r

234 4429 297 4478 dum
307 4442 348 4487 ea,
360 4427 476 4477 triticum
487 4443 551 4476 vero
560 4438 722 4491 congregate
735 4428 763 4476 in
776 4428 901 4477 horreum
912 4441 1000 4475 meum
1010 4426 1023 4444 '¹
1034 4425 1066 4489 (xi
