2684 4988
338 467 424 519 cnr.
443 467 505 531 rr,
523 466 628 519 raas.
642 453 754 518 6.-u.
772 453 956 540 375[e,vu)].
1143 458 1205 542 763

122 631 229 719 ligentia
248 658 333 720 quae
353 658 405 700 ex
423 638 526 713 veris,
547 658 606 719 per
626 637 814 719 “poculum
825 637 840 662 ”
856 638 949 701 enim
972 637 1081 703 simile
1100 640 1205 721 signi-

121 727 211 795 ficatur
227 733 313 814 quod
338 753 401 814 per
426 733 574 795 “vinum
589 732 615 793 εἶ’
637 733 796 795 dicuntur
820 738 980 814 “pascua
1002 733 1128 797 herbae
1137 734 1151 758 ''
1170 747 1205 799 et

122 828 226 908 “aquae
248 826 435 908 quietum,”
460 827 549 889 sicut
575 826 687 889 forent
714 827 999 908 comparationes,
1031 847 1076 889 ex
1103 848 1206 890 causa

120 920 179 999 quia
191 919 348 982 Dominus
366 928 513 983 vocatur
532 920 663 994 Pastor,
681 929 720 983 et
742 921 890 1001 pastoris
912 940 1000 1001 grex
1023 921 1056 983 in
1080 940 1206 1003 pascua

121 1009 215 1076 herbae
231 1023 264 1076 et
283 1014 328 1075 ad
348 1034 456 1095 aquas
476 1013 632 1094 limpidas
651 1013 784 1076 ducitur
795 1034 803 1091 ;
826 1013 888 1075 sed
908 1034 1013 1095 usque
1032 1024 1110 1078 sunt
1129 1034 1204 1077 cor·

123 1108 357 1187 respondentiae.
404 1106 508 1189 Apud
527 1106 740 1182 Ezechielem,

159 1264 283 1329 “Jehodah
295 1275 323 1315 et
335 1275 408 1315 terra
421 1266 529 1315 Israelis
544 1266 655 1316 fuerunt
672 1266 855 1327 negotiatores
873 1266 919 1324 tul,
934 1266 961 1314 ln
980 1266 1073 1315 triricls
1088 1267 1205 1316 minnith

219 1342 243 1380 et
255 1347 373 1394 pannag,
388 1343 415 1381 et
428 1332 455 1380 in
468 1331 548 1380 melle
560 1340 587 1380 et
599 1332 659 1380 oleo
671 1341 698 1380 et
710 1330 831 1379 balsamo
837 1330 852 1350 ”
864 1330 955 1392 (xxvii.
969 1331 1010 1391 17)
1023 1348 1029 1381 :

126 1489 182 1555 laec
200 1490 284 1557 difta
307 1503 388 1556 sunt
414 1493 458 1557 de
486 1492 594 1574 Tyro,
619 1513 801 1576 perquam
829 1491 1037 1574 significatur
1060 1493 1206 1557 ecclesia

126 1587 203 1666 quoad
220 1589 436 1669 cognitiones
452 1588 521 1651 veri
541 1598 576 1651 et
595 1587 685 1662 boni,
703 1599 738 1650 et
758 1589 805 1651 ita
824 1608 883 1670 per
902 1587 1058 1668 “Tyrum
1066 1587 1082 1612 ’'
1101 1589 1205 1670 signi·

126 1674 232 1744 icantur
249 1683 467 1764 cognitiones
486 1684 556 1745 veri
575 1691 610 1745 et
630 1682 709 1744 boni
728 1681 911 1745 ecclesiae:
936 1701 975 1744 ac
995 1702 1054 1764 per
1072 1682 1205 1764 “Jehu-

126 1771 196 1836 dam”
214 1786 248 1839 et
273 1783 429 1840 “terram
458 1775 623 1850 Israelis,”
646 1776 701 1859 qui
729 1777 973 1858 negotiatores,
998 1775 1206 1858 significatur

125 1868 254 1945 ecclesia;
287 1891 346 1952 per
371 1869 590 1951 “Jehudam”
613 1870 758 1933 ecclesia
780 1870 891 1953 quoad
919 1870 1056 1945 bonum,
1081 1880 1116 1933 et
1146 1892 1206 1952 per

126 1966 244 2026 “terram
256 1963 392 2027 Israelis
401 1964 416 1988 ''
426 1962 573 2027 ecclesia
582 1965 694 2047 quoad
707 1985 787 2027 vera
799 1986 845 2027 ex
856 1965 949 2028 bono
961 1987 968 2042 ;
993 1974 1027 2028 et
1042 1986 1100 2046 per
1114 1971 1133 1997 ‘⁸
1145 1986 1204 2028 ne·

124 2057 237 2133 gotiari”
256 2057 465 2139 significatur
485 2078 682 2140 comparare
701 2059 762 2120 sibi
784 2067 819 2122 et
843 2061 1093 2122 communicare
1112 2060 1203 2122 aliis:

124 2168 163 2227 per
175 2153 307 2215 “tritica
324 2151 473 2214 minnith
489 2163 526 2215 et
542 2152 703 2235 pannag”
719 2151 951 2233 significantur
966 2153 1056 2216 bona
1074 2163 1109 2216 et
1126 2175 1205 2216 vera

123 2241 287 2325 ingenere3
312 2257 347 2310 et
372 2268 432 2328 per
451 2246 580 2321 “mel,”
598 2247 770 2321 “oleum”
794 2247 1042 2321 “balsamum''
1059 2248 1151 2311 bona
1169 2260 1205 2312 et

124 2358 179 2402 vera
197 2343 224 2403 in
248 2344 372 2424 specie,
393 2363 454 2424 per
475 2342 570 2404 “mel
579 2342 594 2365 ”
613 2352 647 2405 et
669 2343 808 2404 “oleum
832 2341 951 2414 bona‚'’
970 2351 1005 2404 et
1024 2362 1083 2423 per
1104 2342 1205 2404 “bal-

124 2426 244 2498 samum”
262 2457 342 2499 vera
360 2457 448 2519 quae
467 2456 512 2499 ex
532 2436 624 2498 bono
646 2446 746 2518 grata
769 2445 868 2512 sunt;
892 2455 971 2499 nam
994 2437 1108 2498 omnia
1126 2456 1206 2498 vera

123 2545 185 2606 quae
207 2552 249 2594 ex
279 2532 382 2605 bono,
413 2532 448 2593 in
477 2529 575 2593 caelo
602 2531 830 2612 percipiuntur
853 2529 1036 2610 fragrantia
1059 2539 1097 2592 et
1127 2529 1206 2592 inde

121 2633 209 2701 gratu
240 2646 326 2707 quae
353 2625 459 2688 etiam
487 2644 590 2687 causa
616 2623 677 2687 suit
707 2623 797 2705 quod
823 2623 936 2686 oleum
963 2620 1131 2685 unitionis
1160 2644 1205 2685 ex

124 2719 196 2780 variis
222 2719 415 2800 fragrantiis
438 2715 629 2782 confedum
664 2718 761 2781 luerit
796 2716 853 2800 (de
886 2738 952 2800 quo
976 2716 1083 2779 Exod.
1116 2738 1205 2783 xxx.

122 2814 231 2893 22-33);
254 2824 289 2877 et
305 2834 440 2896 quoque
456 2812 570 2876 oleum
589 2811 801 2876 lucernarum
819 2811 876 2893 (de
892 2833 960 2894 quo
975 2810 1082 2875 Exod.
1098 2813 1204 2877 xxvii.

122 2915 158 2974 κ),
173 2905 228 2987 21).
272 2907 377 2989 Apud
395 2906 523 2980 Mosen,

156 3055 257 3120 launa
278 3061 403 3110 “cibavit
420 3069 554 3122 proventu
571 3072 705 3121 agrorum,
723 3073 820 3121 sugere
834 3059 896 3109 iecit
912 3073 974 3109 eum
991 3059 1045 3109 mel
1052 3074 1072 3108 -e
1089 3074 1163 3122 rupe,
1180 3070 1207 3110 et

220 3127 306 3177 oleum
319 3140 335 3174 e
346 3140 414 3175 saxo
426 3135 518 3188 petrae
526 3124 540 3144 ''
551 3124 654 3185 (Deutr.
667 3122 773 3175 [dxxxii.
786 3126 842 3186 13):

122 3281 182 3350 haec
195 3290 236 3355 do
248 3289 404 3374 Antiqua
421 3287 598 3366 Ecclesia;
624 3294 776 3371 “sugere
793 3287 905 3352 oleum
925 3310 943 3352 e
962 3309 1049 3352 saxo
1065 3290 1206 3371 petrae”

122 3397 166 3457 pro
177 3381 267 3448 imbui
281 3385 376 3448 bono
393 3404 453 3465 per
469 3403 548 3445 vera
564 3382 640 3447 fidei
656 3405 663 3460 ;
689 3390 708 3416 “
719 3383 807 3446 mel'’
823 3393 876 3447 est
894 3383 1020 3446 bonum
1036 3393 1071 3446 et
1084 3381 1206 3464 jucun·

122 3471 180 3536 dun
196 3479 353 3551 naturale,
373 3476 516 3539 “oleum
525 3476 539 3500 ”
555 3487 608 3540 est
627 3478 753 3540 bonum
770 3487 805 3540 et
818 3476 1002 3557 jucundum
1019 3477 1204 3559 spirituale,

123 3583 152 3627 tt
163 3573 296 3657 “umes’'
312 3582 351 3636 et
366 3578 524 3634 “saxum
541 3582 659 3652 petrae
667 3572 682 3597 ’³
701 3581 753 3634 est
771 3591 887 3634 verum
906 3569 984 3633 fidei
1000 3592 1020 3632 a
1036 3571 1204 3635 Domino:

124 3660 209 3729 sinon
224 3665 412 3751 spiritualia
428 3664 590 3749 perhanc
607 3665 893 3748 intelligerentur,
913 3665 993 3748 quid
1012 3665 1098 3728 soret
1115 3667 1205 3747 quod

127 3762 255 3839 “sugeret
279 3761 347 3825 mel
375 3781 395 3824 e
425 3780 517 3841 rupe,
537 3769 573 3822 et
596 3759 708 3822 oleum
745 3761 768 3822 e'
788 3779 873 3821 saxo
901 3769 1017 3840 petrae
1027 3760 1058 3822 ?”
1102 3759 1206 3841 Apud

128 3844 266 3930 amur,

164 3998 246 4053 ‘'l'‘uur
255 4019 309 4055 oon
321 4005 437 4063 florebit,
449 4018 499 4053 uec
509 4013 656 4069 proventus
668 4019 683 4052 e
695 4003 801 4063 vitibus,
813 4003 957 4053 mentietur
968 4017 1036 4066 opus
1045 3999 1169 4061 1¹101ivae,
1182 4013 1209 4052 et

224 4071 275 4133 agri
286 4086 341 4120 uon
353 4070 442 4120 ierant
454 4067 564 4118 cibum’'
576 4068 689 4131 (iii.17):

131 4219 242 4293 hicnon
261 4232 350 4310 ficus,
368 4253 435 4298 nec
458 4233 547 4308 vitis,
566 4252 630 4297 nec
654 4231 754 4307 oliva,
774 4253 836 4295 nec
860 4232 932 4311 agri
956 4230 1206 4312 intelliguntur,

134 4319 178 4380 sed
194 4326 334 4392 caelestia
351 4330 473 4413 quibus
491 4328 780 4410 correspondent:
806 4324 941 4388 “ficus''
960 4323 1208 4405 correspondet

135 4406 203 4475 bono
219 4424 356 4495 naturali,
376 4435 412 4489 et
435 4423 516 4486 inde
535 4423 703 4505 significat
721 4421 825 4500 illud;
851 4421 961 4483 “vitis
971 4419 987 4445 '’
1006 4436 1208 4498 correspon-
