2684 4988
111 461 174 541 978
424 472 672 524 avocamus
695 474 918 525 urrerem.

112 652 189 707 tant
212 644 245 705 in
270 643 375 724 petris
394 643 471 706 id'eo
490 644 621 716 dicitur,
643 644 881 726 “Dejiciantur
904 667 965 728 per
984 645 1060 709 loca
1081 645 1188 728 petrae,”

112 758 172 820 per
187 738 277 819 quod
297 736 506 818 significatur
523 749 559 801 ut
578 740 806 804 immittantur
824 741 858 802 in
874 761 935 802 sua
955 740 1040 804 falsa
1055 751 1087 804 et
1103 759 1187 804 secun·

112 833 192 895 dum
212 830 297 894 salsa
316 853 376 894 sua
394 834 426 895 in
446 833 581 896 infernis
600 833 767 896 habitent.
813 833 917 917 Apud
938 834 1088 910 Hiobum,

164 968 181 989 ‘¹
192 964 224 1015 ln
237 965 332 1090 {s'sura
344 966 453 1015 vallium
465 966 499 1015 ad
512 967 694 1025 habitandum,
709 966 886 1016 foraminibus
898 974 988 1016 terrae
999 977 1027 1016 et
1038 965 1185 1030 petria'’im

114 1159 198 1223 haec
215 1158 257 1222 de
275 1158 339 1221 illis
356 1160 411 1242 qui
428 1160 461 1221 in
478 1159 614 1222 infernis
630 1166 709 1222 sunt
723 1159 801 1242 quia
811 1159 843 1221 in
861 1160 960 1222 malis
971 1170 1008 1223 et
1025 1161 1098 1233 inde
1110 1157 1186 1233 ialsis;

113 1253 241 1316 inferna
258 1253 389 1316 illorum
406 1255 462 1336 qui
480 1255 513 1315 in
533 1253 631 1315 malis
647 1254 757 1336 quoad
774 1255 878 1316 vitam
895 1265 988 1326 sunt,
1006 1255 1067 1317 sub
1083 1253 1186 1316 vallibus

114 1358 148 1410 et
166 1348 198 1410 in
215 1346 385 1429 speluncis
401 1349 445 1410 ibi
461 1358 539 1410 sunt
553 1369 560 1422 ;
584 1357 619 1410 et
636 1349 690 1430 qui
707 1349 740 1410 in
751 1346 843 1410 salsis
859 1348 948 1421 inde,
960 1350 994 1410 in
1011 1348 1108 1430 petris
1120 1355 1186 1408 sunt:

114 1443 192 1503 inde
220 1451 316 1523 patet
344 1442 422 1524 quid
452 1441 660 1523 significatur
688 1462 747 1523 per
777 1443 838 1504 “in
869 1440 989 1505 fissura
1018 1441 1139 1504 vallium
1159 1437 1188 1501 ad

114 1533 353 1606 habitandum,
372 1532 592 1596 foraminibus
615 1542 727 1597 terrae
749 1542 784 1596 et
803 1533 941 1615 petris.”
970 1551 1029 1607 (sea
1043 1546 1189 1594 navemn

112 1625 231 1682 speluncis
247 1625 271 1668 in
287 1625 374 1682 qulbus
389 1625 497 1670 habitant
509 1625 550 1682 qui
566 1625 590 1669 in
606 1624 701 1669 internis
717 1631 779 1677 suut,
790 1632 812 1669 et
827 1626 860 1669 de
875 1624 965 1670 fissuris
980 1634 1004 1670 et
1019 1625 1153 1670 foraminibus
1162 1630 1190 1678 pu

112 1700 262 1756 quaeadm
273 1701 296 1744 in
308 1699 355 1751 na,
364 1699 505 1745 namura
516 1712 572 1745 mox
583 1701 741 1756 praeeunte
749 1700 857 1752 anieno,
866 1699 1024 1762 n.410[a].)
1068 1676 1188 1745 Haecal·

114 1776 186 1838 lata
202 1786 281 1838 sunt
301 1786 337 1838 ut
356 1777 483 1839 sciatur
501 1776 591 1858 qued
612 1796 669 1857 per
688 1781 849 1858 “petram
859 1775 874 1799 ’'
893 1777 927 1838 in
946 1777 1101 1858 opposito
1119 1788 1190 1836 sensu

113 1868 322 1950 significetur
334 1869 454 1933 falsum
467 1871 500 1932 in
513 1889 638 1950 genere
650 1890 658 1946 ;
678 1890 763 1952 quae
776 1867 982 1950 significatio
996 1876 1015 1900 ‘⁶
1024 1865 1191 1951 petrae”est

113 1983 159 2025 ex
178 1964 490 2045 correspondentia,
511 1974 548 2027 ut
571 1974 729 2027 constare
753 1973 869 2045 potest
893 1983 938 2026 ex
963 1960 1152 2045 apparentiis
1167 1964 1192 2019 et

114 2054 375 2139 aspectabilibus
395 2059 427 2120 in
447 2057 575 2120 mundo
593 2056 768 2139 spirituali,
786 2057 841 2120 ubi
860 2078 982 2120 omnes
1000 2054 1141 2119 habitant
1155 2071 1192 2115 se·

114 2152 261 2215 cundum
281 2152 601 2234 correspondentias
619 2153 817 2215 interiorum
836 2172 923 2235 quae
944 2152 1067 2214 mentis
1084 2161 1114 2214 et
1127 2149 1192 2210 vitre

113 2267 240 2309 eorum.
275 2244 388 2327 Quare
401 2245 449 2309 illi
460 2247 515 2329 qui
533 2247 565 2308 in
579 2248 744 2328 sapientia
757 2256 792 2309 et
809 2245 1039 2327 intelligentia
1053 2254 1123 2307 sunt
1137 2239 1193 2324 quia

114 2342 147 2403 in
171 2347 287 2403 amore
307 2342 340 2402 in
364 2341 548 2402 Dominum
567 2350 603 2403 et
626 2342 658 2403 in
678 2340 847 2404 charitate
866 2360 947 2421 erga
971 2340 1155 2422 proximum,
1168 2340 1193 2397 et

114 2436 192 2498 inde
211 2436 244 2497 in
268 2432 446 2498 affectione
465 2436 535 2497 veri
557 2434 731 2516 spirituali,
753 2435 912 2497 habitant
935 2455 1035 2515 super
1057 2429 1194 2495 montibus

114 2539 149 2591 et
169 2530 311 2592 collibus
334 2550 378 2591 ex
399 2529 512 2601 hum0,
534 2529 588 2590 ubi
607 2529 763 2610 paradisi,
783 2528 884 2601 horti,
905 2537 1021 2590 roseta
1043 2537 1077 2590 et
1094 2527 1193 2595 vireta;

113 2634 149 2686 at
170 2624 224 2705 qui
244 2624 277 2685 in
293 2621 359 2684 fide
375 2620 612 2684 dodtrinalium
632 2642 712 2683 suae
731 2620 896 2684 ecclesiae
912 2631 992 2683 sunt
1012 2630 1045 2683 et
1065 2622 1094 2682 in
1111 2617 1194 2698 aliqua

114 2717 293 2791 charitate,
308 2715 354 2778 illi
368 2716 525 2778 habitant
545 2735 643 2797 super
660 2716 775 2796 petris,
790 2715 844 2776 ubi
862 2715 984 2796 campi,
999 2734 1095 2796 super
1104 2710 1192 2794 quibus

113 2811 223 2894 aliqua
240 2813 378 2873 arbusta
392 2819 426 2872 et
443 2810 575 2892 aliquae
592 2810 740 2882 arbores,
754 2830 792 2871 ac
807 2811 1022 2890 graminosa;
1042 2809 1093 2890 qui
1107 2816 1192 2868 autern

113 2906 146 2967 in
170 2906 243 2968 sola
267 2903 342 2979 fide,
364 2915 400 2967 ut
424 2904 555 2976 dicitur,
581 2903 692 2985 quoad
717 2900 904 2965 dodirinam
928 2913 964 2966 et
988 2901 1095 2986 quoad
1115 2899 1191 2960 vitan

112 2999 255 3072 suerunt.
281 3011 315 3063 et
340 3001 417 3061 inde
440 3000 473 3061 in
497 2997 587 3060 falsis
610 2996 687 3060 fidei
706 3007 741 3060 et
761 2996 859 3059 malis
877 2999 979 3071 vitae,
1004 2996 1052 3059 illi
1071 2992 1191 3057 habitant

112 3096 201 3159 intra
228 3105 353 3178 petras,
379 3096 410 3157 in
436 3095 588 3157 cavernis
611 3102 646 3155 et
674 3091 770 3155 cellis
796 3091 850 3154 ibi.
897 3089 993 3153 Haec
1025 3081 1190 3172 significatio

114 3197 134 3223 “
143 3202 260 3272 petrae
268 3189 283 3212 ”
296 3200 348 3253 est
362 3210 405 3251 ex
419 3185 510 3251 dieta
520 3188 831 3268 correspondentia.
859 3178 910 3248 At
924 3184 1118 3266 significatio
1129 3186 1188 3260 “pt·

112 3285 209 3347 trae”
227 3305 246 3346 a
267 3284 387 3346 duritie
406 3282 486 3363 ejus,
507 3291 559 3344 est
579 3282 612 3343 in
632 3280 683 3342 his
703 3279 787 3343 locis
798 3277 955 3361 :—Apud
975 3277 1151 3352 Je‘remiam

339 3425 547 3474 “Obfirmarunt
558 3424 640 3472 iacies
653 3438 715 3472 suas
728 3437 791 3485 prae
804 3421 901 3485 petra”
913 3421 949 3482 (ν.
962 3421 987 3483 3)
998 3436 1004 3481 ;

111 3540 201 3621 apud
220 3537 435 3611 Ezechielem,

163 3650 445 3775 “Slcffiffffmffloem
461 3646 563 3696 firmam
579 3660 642 3708 prae
657 3655 733 3708 petra
745 3642 806 3693 dedi
823 3642 941 3693 frontem
956 3654 1048 3703 tuam;
1065 3656 1095 3692 ne
1106 3624 1187 3689 tintw'

251 3729 315 3777 rn.9
335 3729 341 3773 ;

110 3837 200 3918 apud
219 3835 377 3909 Hiobum,

162 3951 179 3970 '⁸
187 3947 262 4010 Stylo
274 3947 361 3995 terreo
372 3955 398 3994 et
410 3945 528 4008 plumbo,
541 3944 568 3992 in
578 3943 771 4005 sempiternum
783 3942 811 3991 ln
820 3950 896 4005 petra
908 3938 1081 3991 incidantur”
1091 3922 1186 4001 (trix-²⁴)i

110 4070 200 4152 apud
219 4069 376 4143 Esaiam,

286 4185 303 4206 '⁴
313 4180 437 4243 Ungulae
449 4195 577 4244 equorum
590 4180 658 4227 sicut
670 4186 746 4240 petra
757 4187 914 4240 reputantur
921 4178 937 4196 '⁹
949 4179 985 4242 (v.
998 4179 1054 4241 28):

108 4323 198 4405 quod
226 4322 365 4384 durities
395 4321 605 4401 exprimatur
636 4338 695 4399 per
721 4317 908 4398 “petram'’
935 4328 989 4380 est
1019 4335 1142 4401 quoque
1162 4323 1191 4371 el

109 4416 413 4498 correspondentia
444 4426 562 4497 petrae
594 4433 671 4475 cum
702 4433 784 4475 vero
815 4431 859 4473 ex
892 4411 1009 4491 bon03
1041 4432 1116 4475 nam
1139 4422 1197 4472 reru
