2684 4988
448 504 528 555 cnr.
545 505 635 569 v111.,
651 505 754 556 vass.
770 505 880 574 7.—n.
900 507 967 574 507.
1188 507 1244 574 1²5
1249 510 1266 574 3

197 676 213 697 ‘¹
223 672 415 724 Habitetores.
426 711 448 725 ..
458 672 535 725 dacii
545 684 608 725 runt
615 675 699 726 herba
705 676 772 738 agri.
784 676 844 726 olus
851 676 991 739 graminis,
1001 691 1112 739 gramen
1123 674 1265 735 mdiorum,

276 750 305 788 et
317 754 413 788 arvum
426 741 551 791 adustum
564 751 627 791 ante
639 751 759 804 segetem
767 741 781 761 ''
793 742 902 804 (xxxvii.
915 754 946 802 27
957 756 963 801 ;
981 753 995 791 a
1007 743 1069 806 Reg.
1081 742 1134 792 xix.
1147 743 1205 804 26„

148 855 235 936 apud
254 854 433 931 Davidem,

203 967 272 1018 Mali
287 969 384 1019 “sicut
394 984 507 1032 gramen
519 970 610 1020 subito
622 970 824 1028 exscinduntur‚
839 980 867 1020 et
883 971 953 1020 sicut
965 971 1024 1021 olus
1041 971 1140 1021 herbae
1152 987 1268 1022 marces·

278 1034 367 1084 cunt''
381 1034 438 1095 (Pa.
450 1035 550 1085 xxxvii.
563 1035 588 1098 2)
596 1050 603 1094 ;

150 1147 237 1228 apud
257 1147 414 1222 eundem,

198 1258 318 1309 “Homo
330 1261 399 1310 sicut
409 1262 592 1324 gramen'dies
603 1262 672 1326 ejus,
686 1263 755 1312 sicut
767 1263 818 1313 llos
830 1263 888 1326 agri
900 1264 938 1313 sic
951 1262 1049 1314 lloret''
1061 1263 1118 1328 (Pa.
1130 1264 1183 1314 clii.
1197 1263 1255 1326 15);

150 1374 236 1455 apud
256 1376 412 1451 eundem,

202 1486 305 1538 Osores
318 1488 410 1539 Zionis
425 1493 529 1540 “erunt
542 1491 613 1541 sicut
624 1505 737 1553 gramen
756 1488 897 1550 tritorum,
912 1493 983 1556 quod
997 1504 1142 1558 antequam
1159 1493 1268 1543 distrin-

278 1554 357 1615 gitur,
372 1556 504 1605 exarescit
511 1555 525 1574 ”
538 1555 592 1617 (Pa.
605 1557 691 1606 cxxix.
703 1557 744 1618 6);

150 1666 238 1748 apud
257 1665 411 1744 Esaiam,

199 1781 216 1802 '¹
225 1779 490 1843 Revelebiturgloria
497 1781 626 1847 jehovae,
635 1794 662 1833 et
670 1785 800 1834 videbunt
809 1801 827 1834 ι.
838 1822 844 1834 .
854 1822 860 1834 .
871 1799 937 1834 ‚vox
946 1785 1018 1843 dicit,
1028 1785 1141 1835 Clamat
1154 1796 1181 1835 ct
1188 1786 1265 1842 dixit.

279 1845 351 1959 &uid
360 1847 504 1898 clamabo?
537 1848 635 1898 Omnis
645 1864 709 1898 caro
751 1865 840 1907 amen.
852 1860 880 1899 et
892 1851 981 1900 omnis
990 1849 1121 1900 sanctitas
1131 1851 1190 1914 ejus
1199 1852 1267 1901 sicut

298 1925 330 1960 os
342 1912 418 1974 agri:
435 1913 540 1962 exaruit
550 1928 663 1976 gramen
676 1924 703 1963 et
733 1915 815 1964 ecidit
827 1915 886 1972 ilos.
898 1915 961 1979 quia
970 1926 1067 1965 ventus
1079 1915 1200 1980 Jehovae
1213 1916 1267 1978 spi-

279 1977 350 2027 ravit
361 1977 390 2026 in
403 1977 484 2028 illud:
503 1992 566 2028 vere
577 1993 690 2041 grum
703 1981 834 2042 populus;
851 1981 956 2031 exeruit
964 1995 1085 2044 gramen,
1097 1982 1195 2030 decidit
1205 1982 1264 2040 flos,

279 2050 306 2091 et
318 2041 436 2092 Verbum
450 2042 501 2093 Dei
514 2045 600 2094 nostri
613 2045 745 2095 consistet
756 2046 784 2094 in
797 2057 937 2096 aeternum
945 2045 959 2066 ”
970 2047 1016 2108 (xl.
1029 2048 1102 2108 5-bl:

150 2172 233 2236 haec
262 2174 305 2236 de
332 2175 483 2239 adventu
508 2176 655 2251 Domini,
680 2188 715 2241 et
744 2189 824 2242 tunc
852 2180 894 2242 de
921 2179 1130 2243 revelatione
1154 2179 1267 2242 Divini

151 2266 232 2331 Veri
262 2268 307 2332 ab
334 2269 425 2351 Ipso,
453 2271 544 2353 quod
571 2271 775 2353 intelligitur
808 2294 867 2355 per
896 2273 1130 2337 “revelabitur
1157 2271 1267 2354 gloria

147 2360 310 2442 Jehovae,
330 2375 365 2427 et
385 2364 549 2428 videbunt
562 2364 590 2428 :”
613 2366 702 2448 quod
728 2377 808 2430 tunc
829 2368 918 2450 apud
942 2368 1097 2431 homines
1117 2387 1185 2431 non
1204 2366 1265 2430 ali·

149 2456 238 2536 quod
258 2456 483 2521 scientificum
502 2479 617 2522 verum
637 2479 699 2523 nec
723 2462 897 2543 spirituale
914 2481 1040 2539 verum,
1058 2459 1268 2543 significatur

151 2568 208 2630 per
227 2552 319 2633 quod
341 2553 480 2615 “omnis
502 2572 582 2617 caro
605 2574 758 2636 gramen,
778 2557 888 2618 omnis
911 2553 1076 2620 sanititas
1099 2557 1186 2619 sicut
1205 2555 1267 2619 llos

149 2645 240 2725 agri;
265 2647 401 2709 exaruit
420 2666 573 2729 gramen,
594 2649 720 2713 decidit
740 2648 801 2712 flos
814 2650 840 2726 ;'’
865 2658 1035 2731 “gramen
1044 2649 1060 2674 ”
1078 2661 1132 2714 est
1156 2651 1265 2713 scien·

150 2738 276 2803 tilicum
300 2760 427 2815 verum,
452 2751 487 2804 et
512 2741 602 2805 “flos
625 2744 697 2824 agri
706 2743 722 2769 ”
740 2753 793 2807 est
818 2743 992 2826 spirituale
1015 2765 1150 2808 verum:
1176 2745 1266 2827 quod

150 2831 252 2896 homo
276 2833 356 2896 talis
379 2836 434 2909 sit,
459 2835 663 2917 intelligitur
690 2859 749 2919 per
774 2839 912 2901 “omnis
934 2838 1207 2922 caro.gramen,”
1231 2848 1266 2901 et

149 2945 205 3006 per
219 2934 329 2990 “vere
342 2946 482 3009 gramen
497 2929 650 3011 populus,
664 2933 798 2994 exaruit
811 2951 953 3012 gramen
965 2933 992 3011 ;’'
1013 2934 1150 2996 “omnis
1163 2932 1267 2996 caro”

148 3032 197 3085 cst
218 3021 462 3096 omnishomo,
482 3029 502 3055 ⁴⁸
512 3022 680 3114 populus”
696 3035 749 3089 est
766 3027 821 3108 qui
840 3028 874 3088 in
890 3028 987 3102 veris,
1006 3046 1093 3091 nunc
1113 3028 1146 3090 in
1162 3026 1265 3090 salsis.

146 3114 252 3199 Apud
272 3116 430 3192 eundern,

194 3249 285 3313 “Ego
299 3249 326 3300 ls
338 3250 383 3313 qul
395 3251 552 3301 consoletur
564 3267 628 3310 vos;
646 3267 714 3316 quae
729 3263 758 3302 tu
769 3254 840 3317 quod
856 3254 952 3303 timeas
966 3253 1015 3303 tibi
1028 3254 1063 3302 ab
1076 3253 1195 3314 homine,
1210 3267 1268 3302 mo-

279 3314 354 3375 ritur,
369 3326 395 3365 et
407 3331 424 3365 a
438 3316 493 3365 filia
504 3316 631 3377 hominis,
645 3333 758 3381 gramn
770 3317 882 3370 daturi'
894 3319 931 3380 (li.
945 3331 975 3367 12
983 3319 1001 3381 :)

133 3464 205 3527 per
230 3447 290 3510 illa
309 3449 413 3512 verba
436 3447 647 3530 significatur
666 3450 755 3533 quod
779 3451 893 3514 omnia
916 3451 983 3514 sint
1007 3472 1028 3514 a
1051 3450 1210 3527 Domino,
1230 3460 1267 3514 et

132 3543 230 3610 nihil
250 3565 296 3607 ex
315 3545 450 3626 propria
468 3544 637 3626 sapientia
654 3555 690 3608 et
710 3544 958 3629 intelligentia:
986 3545 1141 3610 “homo''
1159 3547 1266 3628 signi·

127 3635 228 3704 ficat
245 3636 420 3701 hominem
436 3636 549 3719 quoad
565 3639 779 3720 sapientiam,
797 3652 832 3704 et
851 3639 966 3703 “filius
984 3639 1154 3703 hominis''
1170 3639 1266 3703 illum

126 3733 260 3820 quoad
279 3733 545 3815 intelligentiam
557 3754 571 3809 ;.
590 3734 679 3816 quod
699 3734 783 3797 haec
803 3734 906 3797 modo
925 3735 969 3798 sit
989 3737 1141 3809 scientia,
1161 3733 1265 3798 intel·

123 3832 238 3912 gitur
259 3847 317 3909 per
338 3834 508 3910 “gramen
527 3827 656 3891 datur.”
701 3827 804 3910 Apud
824 3828 980 3902 eundem,

194 3965 214 3986 “
223 3960 370 4011 Effundam
381 3961 504 4023 spirltum
514 3976 605 4010 meum
616 3975 695 4024 super
705 3975 797 4010 semen
811 3970 895 4020 tuum,
907 3973 934 4010 et
946 3959 1163 4011 benedictionem
1176 3976 1266 4011 meam

278 4041 359 4088 super
371 4037 451 4076 natos
462 4036 532 4085 tuos,
547 4037 574 4077 ct
585 4026 778 4089 germinabunt
791 4027 819 4075 in
833 4028 924 4076 medio
935 4027 1089 4090 graminis”
1101 4026 1176 4089 (xliv.
1188 4038 1212 4087 3.
1223 4034 1265 4088 4):

122 4174 203 4237 per
218 4162 239 4189 ‘⁴
249 4157 405 4238 spiritum
416 4154 592 4236 Jehovae''
604 4155 815 4239 significatur
827 4156 988 4220 Divinum
1000 4154 1140 4230 Verum,
1154 4163 1190 4217 et
1206 4174 1266 4236 per

127 4247 476 4316 “benedictionem”
499 4251 740 4332 multiplicatio
762 4262 798 4316 et
828 4249 1048 4316 fructificatio·
1065 4249 1157 4331 ejus;
1185 4249 1265 4313 inde

126 4343 377 4428 intelligentia
391 4365 450 4427 per
461 4344 646 4409 scientifica
659 4367 738 4409 vera
755 4346 963 4428 significatur
975 4365 1034 4428 per
1045 4350 1065 4376 ‘⁴
1073 4346 1265 4428 germinare

127 4436 177 4504 in
196 4441 313 4506 medio
331 4439 523 4523 graminis.”
568 4439 672 4522 Apud
690 4439 865 4517 Damam,
