<?xml version="1.0" encoding="UTF-8"?>
<!DOCTYPE html PUBLIC "-//W3C//DTD XHTML 1.0 Transitional//EN"
    "http://www.w3.org/TR/xhtml1/DTD/xhtml1-transitional.dtd">
<html xmlns="http://www.w3.org/1999/xhtml" xml:lang="en" lang="en">
 <head>
  <title>
</title>
<meta http-equiv="Content-Type" content="text/html;charset=utf-8" />
  <meta name='ocr-system' content='tesseract 3.04.00' />
  <meta name='ocr-capabilities' content='ocr_page ocr_carea ocr_par ocr_line ocrx_word'/>
</head>
<body>
  <div class='ocr_page' id='page_1' title='image "./apocalypsisexpl00swedgoog_0370.png"; bbox 0 0 2716 4986; ppageno 0'>
   <div class='ocr_carea' id='block_1_1' title="bbox 127 454 927 522">
    <p class='ocr_par' dir='ltr' id='par_1_1' title="bbox 127 454 927 522">
     <span class='ocr_line' id='line_1_1' title="bbox 127 454 927 522; baseline 0.003 -18"><span class='ocrx_word' id='word_1_1' title='bbox 127 457 208 522; x_wconf 75' lang='lat'>1034</span> <span class='ocrx_word' id='word_1_2' title='bbox 431 454 680 506; x_wconf 79' lang='lat' dir='ltr'>APOCALYPSIS</span> <span class='ocrx_word' id='word_1_3' title='bbox 703 456 927 507; x_wconf 82' lang='lat' dir='ltr'><strong>EXPLICATA.</strong></span> 
     </span>
    </p>
   </div>
   <div class='ocr_carea' id='block_1_2' title="bbox 122 620 1225 1079">
    <p class='ocr_par' dir='ltr' id='par_1_2' title="bbox 122 620 1225 1079">
     <span class='ocr_line' id='line_1_2' title="bbox 123 620 1223 705; baseline -0.003 -20"><span class='ocrx_word' id='word_1_4' title='bbox 123 623 277 686; x_wconf 88' lang='lat' dir='ltr'>orientali</span> <span class='ocrx_word' id='word_1_5' title='bbox 296 632 331 686; x_wconf 91' lang='lat' dir='ltr'>et</span> <span class='ocrx_word' id='word_1_6' title='bbox 351 623 555 687; x_wconf 89' lang='lat' dir='ltr'>occidentali</span> <span class='ocrx_word' id='word_1_7' title='bbox 574 623 618 685; x_wconf 92' lang='lat' dir='ltr'>ibi</span> <span class='ocrx_word' id='word_1_8' title='bbox 637 622 795 686; x_wconf 91' lang='lat' dir='ltr'>habitant</span> <span class='ocrx_word' id='word_1_9' title='bbox 814 623 870 705; x_wconf 91' lang='lat' dir='ltr'>qui</span> <span class='ocrx_word' id='word_1_10' title='bbox 892 623 925 685; x_wconf 92' lang='lat' dir='ltr'>in</span> <span class='ocrx_word' id='word_1_11' title='bbox 949 622 1042 684; x_wconf 89' lang='lat' dir='ltr'>bono</span> <span class='ocrx_word' id='word_1_12' title='bbox 1062 620 1223 685; x_wconf 88' lang='lat' dir='ltr'>charitatis</span> 
     </span>
     <span class='ocr_line' id='line_1_3' title="bbox 123 715 1224 798; baseline -0.003 -19"><span class='ocrx_word' id='word_1_13' title='bbox 123 738 204 798; x_wconf 91' lang='lat' dir='ltr'>erga</span> <span class='ocrx_word' id='word_1_14' title='bbox 231 719 423 798; x_wconf 89' lang='lat' dir='ltr'>proximum</span> <span class='ocrx_word' id='word_1_15' title='bbox 447 727 537 791; x_wconf 92' lang='lat' dir='ltr'>sunt,</span> <span class='ocrx_word' id='word_1_16' title='bbox 561 737 601 780; x_wconf 93' lang='lat' dir='ltr'>ac</span> <span class='ocrx_word' id='word_1_17' title='bbox 629 718 662 780; x_wconf 92' lang='lat' dir='ltr'>in</span> <span class='ocrx_word' id='word_1_18' title='bbox 686 717 896 780; x_wconf 84' lang='lat' dir='ltr'>meridionali</span> <span class='ocrx_word' id='word_1_19' title='bbox 919 727 955 780; x_wconf 92' lang='lat' dir='ltr'>et</span> <span class='ocrx_word' id='word_1_20' title='bbox 977 715 1224 798; x_wconf 83' lang='lat' dir='ltr'>septentrionali</span> 
     </span>
     <span class='ocr_line' id='line_1_4' title="bbox 122 809 1225 893; baseline -0.001 -21"><span class='ocrx_word' id='word_1_21' title='bbox 122 811 223 892; x_wconf 83' lang='lat' dir='ltr'>plaga</span> <span class='ocrx_word' id='word_1_22' title='bbox 251 811 294 873; x_wconf 92' lang='lat' dir='ltr'>ibi</span> <span class='ocrx_word' id='word_1_23' title='bbox 318 812 372 892; x_wconf 93' lang='lat' dir='ltr'>qui</span> <span class='ocrx_word' id='word_1_24' title='bbox 398 812 431 873; x_wconf 92' lang='lat' dir='ltr'>in</span> <span class='ocrx_word' id='word_1_25' title='bbox 456 813 543 874; x_wconf 91' lang='lat' dir='ltr'>veris</span> <span class='ocrx_word' id='word_1_26' title='bbox 566 831 611 873; x_wconf 90' lang='lat' dir='ltr'>ex</span> <span class='ocrx_word' id='word_1_27' title='bbox 638 810 697 872; x_wconf 92' lang='lat' dir='ltr'>illo</span> <span class='ocrx_word' id='word_1_28' title='bbox 720 810 811 872; x_wconf 94' lang='lat' dir='ltr'>bono</span> <span class='ocrx_word' id='word_1_29' title='bbox 834 821 924 885; x_wconf 92' lang='lat' dir='ltr'>sunt,</span> <span class='ocrx_word' id='word_1_30' title='bbox 949 831 1037 893; x_wconf 87' lang='lat' dir='ltr'>quae</span> <span class='ocrx_word' id='word_1_31' title='bbox 1060 831 1140 873; x_wconf 89' lang='lat' dir='ltr'>vera</span> <span class='ocrx_word' id='word_1_32' title='bbox 1160 809 1225 872; x_wconf 88' lang='lat' dir='ltr'>fidei</span> 
     </span>
     <span class='ocr_line' id='line_1_5' title="bbox 122 904 1225 987; baseline 0 -22"><span class='ocrx_word' id='word_1_33' title='bbox 122 914 309 967; x_wconf 90' lang='lat' dir='ltr'>vocantur:</span> <span class='ocrx_word' id='word_1_34' title='bbox 346 906 410 968; x_wconf 89' lang='lat' dir='ltr'>hae</span> <span class='ocrx_word' id='word_1_35' title='bbox 441 904 564 987; x_wconf 85' lang='lat' dir='ltr'>plagae</span> <span class='ocrx_word' id='word_1_36' title='bbox 594 906 697 968; x_wconf 87' lang='lat' dir='ltr'>etiam</span> <span class='ocrx_word' id='word_1_37' title='bbox 728 904 906 987; x_wconf 90' lang='lat' dir='ltr'>aliquoties</span> <span class='ocrx_word' id='word_1_38' title='bbox 937 904 1174 986; x_wconf 89' lang='lat' dir='ltr'>intelliguntur</span> <span class='ocrx_word' id='word_1_39' title='bbox 1199 905 1225 966; x_wconf 92' lang='lat' dir='ltr'>in</span> 
     </span>
     <span class='ocr_line' id='line_1_6' title="bbox 123 997 1020 1079; baseline 0.001 -19"><span class='ocrx_word' id='word_1_40' title='bbox 123 997 249 1072; x_wconf 92' lang='lat' dir='ltr'>Verbo,</span> <span class='ocrx_word' id='word_1_41' title='bbox 270 999 324 1061; x_wconf 91' lang='lat' dir='ltr'>ubi</span> <span class='ocrx_word' id='word_1_42' title='bbox 343 1001 455 1079; x_wconf 89' lang='lat' dir='ltr'>agitur</span> <span class='ocrx_word' id='word_1_43' title='bbox 473 1000 516 1061; x_wconf 92' lang='lat' dir='ltr'>de</span> <span class='ocrx_word' id='word_1_44' title='bbox 534 998 600 1060; x_wconf 91' lang='lat' dir='ltr'>illis</span> <span class='ocrx_word' id='word_1_45' title='bbox 618 1000 706 1061; x_wconf 90' lang='lat' dir='ltr'>veris</span> <span class='ocrx_word' id='word_1_46' title='bbox 725 1009 760 1062; x_wconf 90' lang='lat' dir='ltr'>et</span> <span class='ocrx_word' id='word_1_47' title='bbox 779 999 822 1061; x_wconf 93' lang='lat' dir='ltr'>de</span> <span class='ocrx_word' id='word_1_48' title='bbox 841 998 900 1060; x_wconf 95' lang='lat' dir='ltr'>illo</span> <span class='ocrx_word' id='word_1_49' title='bbox 919 999 1020 1061; x_wconf 91' lang='lat' dir='ltr'>b0n0.</span> 
     </span>
    </p>
   </div>
   <div class='ocr_carea' id='block_1_3' title="bbox 183 1101 1226 1186">
    <p class='ocr_par' dir='ltr' id='par_1_3' title="bbox 183 1101 1226 1186">
     <span class='ocr_line' id='line_1_7' title="bbox 183 1101 1226 1186; baseline 0.002 -21"><span class='ocrx_word' id='word_1_50' title='bbox 183 1101 246 1184; x_wconf 69' lang='lat' dir='ltr'>[b]</span> <span class='ocrx_word' id='word_1_51' title='bbox 280 1102 338 1164; x_wconf 88' lang='lat' dir='ltr'>Ex</span> <span class='ocrx_word' id='word_1_52' title='bbox 361 1103 412 1164; x_wconf 89' lang='lat' dir='ltr'>his</span> <span class='ocrx_word' id='word_1_53' title='bbox 431 1112 591 1165; x_wconf 86' lang='lat' dir='ltr'>constare</span> <span class='ocrx_word' id='word_1_54' title='bbox 614 1113 732 1184; x_wconf 89' lang='lat' dir='ltr'>potest</span> <span class='ocrx_word' id='word_1_55' title='bbox 750 1104 841 1185; x_wconf 92' lang='lat' dir='ltr'>quod</span> <span class='ocrx_word' id='word_1_56' title='bbox 860 1104 915 1185; x_wconf 91' lang='lat' dir='ltr'>qui</span> <span class='ocrx_word' id='word_1_57' title='bbox 938 1123 1008 1166; x_wconf 93' lang='lat' dir='ltr'>non</span> <span class='ocrx_word' id='word_1_58' title='bbox 1027 1104 1094 1166; x_wconf 90' lang='lat' dir='ltr'>scit</span> <span class='ocrx_word' id='word_1_59' title='bbox 1112 1103 1226 1186; x_wconf 86' lang='lat' dir='ltr'>aliquid</span> 
     </span>
    </p>
   </div>
   <div class='ocr_carea' id='block_1_4' title="bbox 121 1191 1227 1459">
    <p class='ocr_par' dir='ltr' id='par_1_4' title="bbox 121 1191 1227 1459">
     <span class='ocr_line' id='line_1_8' title="bbox 121 1191 1227 1274; baseline 0.003 -22"><span class='ocrx_word' id='word_1_60' title='bbox 121 1191 164 1253; x_wconf 92' lang='lat' dir='ltr'>de</span> <span class='ocrx_word' id='word_1_61' title='bbox 182 1191 294 1272; x_wconf 89' lang='lat' dir='ltr'>plagis</span> <span class='ocrx_word' id='word_1_62' title='bbox 314 1191 411 1264; x_wconf 90' lang='lat' dir='ltr'>caeli,</span> <span class='ocrx_word' id='word_1_63' title='bbox 431 1193 473 1254; x_wconf 95' lang='lat' dir='ltr'>de</span> <span class='ocrx_word' id='word_1_64' title='bbox 492 1192 613 1274; x_wconf 92' lang='lat' dir='ltr'>quibus</span> <span class='ocrx_word' id='word_1_65' title='bbox 630 1211 718 1255; x_wconf 89' lang='lat' dir='ltr'>nunc</span> <span class='ocrx_word' id='word_1_66' title='bbox 735 1191 862 1255; x_wconf 74' lang='lat' dir='ltr'>dictum</span> <span class='ocrx_word' id='word_1_67' title='bbox 881 1202 946 1264; x_wconf 89' lang='lat' dir='ltr'>est,</span> <span class='ocrx_word' id='word_1_68' title='bbox 965 1211 1035 1254; x_wconf 93' lang='lat' dir='ltr'>non</span> <span class='ocrx_word' id='word_1_69' title='bbox 1054 1194 1141 1255; x_wconf 90' lang='lat' dir='ltr'>scire</span> <span class='ocrx_word' id='word_1_70' title='bbox 1158 1214 1227 1274; x_wconf 90' lang='lat' dir='ltr'>pos·</span> 
     </span>
     <span class='ocr_line' id='line_1_9' title="bbox 121 1281 1226 1364; baseline 0.001 -21"><span class='ocrx_word' id='word_1_71' title='bbox 121 1283 164 1345; x_wconf 91' lang='lat' dir='ltr'>sit</span> <span class='ocrx_word' id='word_1_72' title='bbox 188 1281 374 1364; x_wconf 89' lang='lat' dir='ltr'>spiritualia</span> <span class='ocrx_word' id='word_1_73' title='bbox 397 1283 514 1357; x_wconf 88' lang='lat' dir='ltr'>Verbi,</span> <span class='ocrx_word' id='word_1_74' title='bbox 541 1283 595 1345; x_wconf 94' lang='lat' dir='ltr'>ubi</span> <span class='ocrx_word' id='word_1_75' title='bbox 625 1282 704 1346; x_wconf 92' lang='lat' dir='ltr'>illae</span> <span class='ocrx_word' id='word_1_76' title='bbox 727 1282 849 1364; x_wconf 84' lang='lat' dir='ltr'>plagae</span> <span class='ocrx_word' id='word_1_77' title='bbox 873 1284 1114 1361; x_wconf 88' lang='lat' dir='ltr'>nominantur;</span> <span class='ocrx_word' id='word_1_78' title='bbox 1147 1296 1179 1346; x_wconf 90' lang='lat' dir='ltr'>ut</span> <span class='ocrx_word' id='word_1_79' title='bbox 1200 1286 1226 1345; x_wconf 91' lang='lat' dir='ltr'>in</span> 
     </span>
     <span class='ocr_line' id='line_1_10' title="bbox 121 1375 784 1459; baseline 0.005 -22"><span class='ocrx_word' id='word_1_80' title='bbox 121 1377 340 1458; x_wconf 91' lang='lat' dir='ltr'>sequentibus</span> <span class='ocrx_word' id='word_1_81' title='bbox 359 1376 443 1439; x_wconf 92' lang='lat' dir='ltr'>locis</span> <span class='ocrx_word' id='word_1_82' title='bbox 455 1375 612 1459; x_wconf 91' lang='lat' dir='ltr'>:—Apud</span> <span class='ocrx_word' id='word_1_83' title='bbox 631 1375 784 1451; x_wconf 85' lang='lat' dir='ltr'>Esaiam,</span> 
     </span>
    </p>
   </div>
   <div class='ocr_carea' id='block_1_5' title="bbox 172 1519 1228 1712">
    <p class='ocr_par' dir='ltr' id='par_1_5' title="bbox 172 1519 1228 1712">
     <span class='ocr_line' id='line_1_11' title="bbox 172 1519 1227 1581; baseline 0.001 -15"><span class='ocrx_word' id='word_1_84' title='bbox 172 1522 189 1542; x_wconf 79' lang='lat'>⁴·</span> <span class='ocrx_word' id='word_1_85' title='bbox 197 1519 241 1567; x_wconf 82' lang='lat' dir='ltr'>Ab</span> <span class='ocrx_word' id='word_1_86' title='bbox 253 1519 357 1567; x_wconf 89' lang='lat' dir='ltr'>oriente</span> <span class='ocrx_word' id='word_1_87' title='bbox 370 1520 499 1568; x_wconf 82' lang='lat' dir='ltr'>adducam</span> <span class='ocrx_word' id='word_1_88' title='bbox 512 1534 605 1568; x_wconf 82' lang='lat' dir='ltr'>semen</span> <span class='ocrx_word' id='word_1_89' title='bbox 619 1529 703 1577; x_wconf 88' lang='lat' dir='ltr'>tuum,</span> <span class='ocrx_word' id='word_1_90' title='bbox 717 1528 745 1569; x_wconf 88' lang='lat' dir='ltr'>et</span> <span class='ocrx_word' id='word_1_91' title='bbox 757 1521 791 1567; x_wconf 89' lang='lat' dir='ltr'>ab</span> <span class='ocrx_word' id='word_1_92' title='bbox 803 1520 943 1568; x_wconf 85' lang='lat' dir='ltr'>occidente</span> <span class='ocrx_word' id='word_1_93' title='bbox 955 1519 1083 1581; x_wconf 77' lang='lat' dir='ltr'>colligam</span> <span class='ocrx_word' id='word_1_94' title='bbox 1092 1531 1134 1578; x_wconf 83' lang='lat' dir='ltr'>te;</span> <span class='ocrx_word' id='word_1_95' title='bbox 1151 1521 1227 1568; x_wconf 82' lang='lat' dir='ltr'>dican</span> 
     </span>
     <span class='ocr_line' id='line_1_12' title="bbox 251 1584 1228 1646; baseline 0.002 -14"><span class='ocrx_word' id='word_1_96' title='bbox 251 1585 436 1646; x_wconf 83' lang='lat' dir='ltr'>septentrioni,</span> <span class='ocrx_word' id='word_1_97' title='bbox 453 1584 510 1642; x_wconf 84' lang='lat' dir='ltr'>Da;</span> <span class='ocrx_word' id='word_1_98' title='bbox 527 1595 554 1634; x_wconf 90' lang='lat' dir='ltr'>et</span> <span class='ocrx_word' id='word_1_99' title='bbox 566 1585 697 1642; x_wconf 86' lang='lat' dir='ltr'>meridiei,</span> <span class='ocrx_word' id='word_1_100' title='bbox 713 1584 753 1633; x_wconf 87' lang='lat' dir='ltr'>Ne</span> <span class='ocrx_word' id='word_1_101' title='bbox 766 1585 874 1641; x_wconf 78' lang='lat' dir='ltr'>inhibe:</span> <span class='ocrx_word' id='word_1_102' title='bbox 892 1586 980 1633; x_wconf 86' lang='lat' dir='ltr'>adduc</span> <span class='ocrx_word' id='word_1_103' title='bbox 989 1584 1061 1633; x_wconf 87' lang='lat' dir='ltr'>filios</span> <span class='ocrx_word' id='word_1_104' title='bbox 1070 1600 1168 1634; x_wconf 78' lang='lat' dir='ltr'>meost</span> <span class='ocrx_word' id='word_1_105' title='bbox 1179 1586 1228 1634; x_wconf 88' lang='lat' dir='ltr'>lon·</span> 
     </span>
     <span class='ocr_line' id='line_1_13' title="bbox 250 1648 1099 1712; baseline 0.005 -16"><span class='ocrx_word' id='word_1_106' title='bbox 250 1650 360 1712; x_wconf 84' lang='lat' dir='ltr'>ginquo,</span> <span class='ocrx_word' id='word_1_107' title='bbox 375 1659 402 1698; x_wconf 87' lang='lat' dir='ltr'>et</span> <span class='ocrx_word' id='word_1_108' title='bbox 415 1648 483 1698; x_wconf 87' lang='lat' dir='ltr'>filias</span> <span class='ocrx_word' id='word_1_109' title='bbox 496 1664 571 1698; x_wconf 85' lang='lat' dir='ltr'>meas</span> <span class='ocrx_word' id='word_1_110' title='bbox 583 1652 619 1698; x_wconf 87' lang='lat' dir='ltr'>ab</span> <span class='ocrx_word' id='word_1_111' title='bbox 630 1650 798 1699; x_wconf 77' lang='lat' dir='ltr'>extremitate</span> <span class='ocrx_word' id='word_1_112' title='bbox 811 1649 920 1698; x_wconf 85' lang='lat' dir='ltr'>terrae&#39;&#39;</span> <span class='ocrx_word' id='word_1_113' title='bbox 932 1650 1008 1710; x_wconf 81' lang='lat' dir='ltr'>(xliii.</span> <span class='ocrx_word' id='word_1_114' title='bbox 1023 1663 1046 1710; x_wconf 87' lang='lat'>5,</span> <span class='ocrx_word' id='word_1_115' title='bbox 1057 1651 1099 1711; x_wconf 63' lang='lat' dir='ltr'>⁶)ss</span> 
     </span>
    </p>
   </div>
   <div class='ocr_carea' id='block_1_6' title="bbox 118 1792 1233 3470">
    <p class='ocr_par' dir='ltr' id='par_1_6' title="bbox 118 1792 1233 3470">
     <span class='ocr_line' id='line_1_14' title="bbox 121 1792 1228 1875; baseline 0 -20"><span class='ocrx_word' id='word_1_116' title='bbox 121 1793 232 1873; x_wconf 89' lang='lat' dir='ltr'>agitur</span> <span class='ocrx_word' id='word_1_117' title='bbox 251 1793 294 1855; x_wconf 92' lang='lat' dir='ltr'>ibi</span> <span class='ocrx_word' id='word_1_118' title='bbox 311 1793 353 1855; x_wconf 91' lang='lat' dir='ltr'>de</span> <span class='ocrx_word' id='word_1_119' title='bbox 370 1792 500 1873; x_wconf 87' lang='lat' dir='ltr'>Jacobo</span> <span class='ocrx_word' id='word_1_120' title='bbox 515 1804 551 1856; x_wconf 89' lang='lat' dir='ltr'>et</span> <span class='ocrx_word' id='word_1_121' title='bbox 568 1792 714 1869; x_wconf 89' lang='lat' dir='ltr'>lsraele;</span> <span class='ocrx_word' id='word_1_122' title='bbox 738 1794 793 1874; x_wconf 93' lang='lat' dir='ltr'>qui</span> <span class='ocrx_word' id='word_1_123' title='bbox 810 1813 877 1855; x_wconf 92' lang='lat' dir='ltr'>non</span> <span class='ocrx_word' id='word_1_124' title='bbox 895 1795 959 1855; x_wconf 92' lang='lat' dir='ltr'>scit</span> <span class='ocrx_word' id='word_1_125' title='bbox 976 1794 1067 1875; x_wconf 91' lang='lat' dir='ltr'>quod</span> <span class='ocrx_word' id='word_1_126' title='bbox 1088 1814 1148 1875; x_wconf 89' lang='lat' dir='ltr'>per</span> <span class='ocrx_word' id='word_1_127' title='bbox 1162 1793 1228 1856; x_wconf 87' lang='lat' dir='ltr'>illas</span> 
     </span>
     <span class='ocr_line' id='line_1_15' title="bbox 121 1885 1228 1968; baseline 0.002 -20"><span class='ocrx_word' id='word_1_128' title='bbox 121 1887 240 1968; x_wconf 84' lang='lat' dir='ltr'>plagas</span> <span class='ocrx_word' id='word_1_129' title='bbox 259 1886 495 1967; x_wconf 82' lang='lat' dir='ltr'>intelligantur</span> <span class='ocrx_word' id='word_1_130' title='bbox 510 1886 705 1968; x_wconf 88' lang='lat' dir='ltr'>spiritualia,</span> <span class='ocrx_word' id='word_1_131' title='bbox 723 1906 809 1968; x_wconf 92' lang='lat' dir='ltr'>quae</span> <span class='ocrx_word' id='word_1_132' title='bbox 828 1907 927 1967; x_wconf 89' lang='lat' dir='ltr'>supra</span> <span class='ocrx_word' id='word_1_133' title='bbox 946 1885 1038 1949; x_wconf 73' lang='lat' dir='ltr'>dicta</span> <span class='ocrx_word' id='word_1_134' title='bbox 1057 1898 1148 1962; x_wconf 91' lang='lat' dir='ltr'>sunt,</span> <span class='ocrx_word' id='word_1_135' title='bbox 1164 1907 1228 1950; x_wconf 90' lang='lat' dir='ltr'>cre·</span> 
     </span>
     <span class='ocr_line' id='line_1_16' title="bbox 121 1979 1228 2062; baseline 0.001 -20"><span class='ocrx_word' id='word_1_136' title='bbox 121 1982 199 2044; x_wconf 91' lang='lat' dir='ltr'>dere</span> <span class='ocrx_word' id='word_1_137' title='bbox 223 1991 338 2062; x_wconf 89' lang='lat' dir='ltr'>potest</span> <span class='ocrx_word' id='word_1_138' title='bbox 362 1981 451 2062; x_wconf 93' lang='lat' dir='ltr'>quod</span> <span class='ocrx_word' id='word_1_139' title='bbox 475 1980 687 2060; x_wconf 84' lang='lat' dir='ltr'>intelligatur</span> <span class='ocrx_word' id='word_1_140' title='bbox 708 1981 798 2062; x_wconf 91' lang='lat' dir='ltr'>quod</span> <span class='ocrx_word' id='word_1_141' title='bbox 822 1979 878 2043; x_wconf 82' lang='lat' dir='ltr'>filii</span> <span class='ocrx_word' id='word_1_142' title='bbox 903 1981 1038 2043; x_wconf 90' lang='lat' dir='ltr'>Israelis</span> <span class='ocrx_word' id='word_1_143' title='bbox 1062 1991 1098 2043; x_wconf 91' lang='lat' dir='ltr'>et</span> <span class='ocrx_word' id='word_1_144' title='bbox 1120 1981 1228 2062; x_wconf 90' lang='lat' dir='ltr'>Jacobi</span> 
     </span>
     <span class='ocr_line' id='line_1_17' title="bbox 122 2073 1229 2156; baseline 0.002 -19"><span class='ocrx_word' id='word_1_145' title='bbox 122 2074 314 2156; x_wconf 86' lang='lat' dir='ltr'>colligenda</span> <span class='ocrx_word' id='word_1_146' title='bbox 341 2076 408 2136; x_wconf 93' lang='lat' dir='ltr'>sint</span> <span class='ocrx_word' id='word_1_147' title='bbox 436 2075 478 2136; x_wconf 92' lang='lat' dir='ltr'>ab</span> <span class='ocrx_word' id='word_1_148' title='bbox 510 2073 751 2156; x_wconf 92' lang='lat' dir='ltr'>undequaque;</span> <span class='ocrx_word' id='word_1_149' title='bbox 782 2075 841 2136; x_wconf 93' lang='lat' dir='ltr'>sed</span> <span class='ocrx_word' id='word_1_150' title='bbox 873 2096 932 2156; x_wconf 88' lang='lat' dir='ltr'>per</span> <span class='ocrx_word' id='word_1_151' title='bbox 958 2075 1174 2155; x_wconf 73' lang='lat' dir='ltr'>“jacobum”</span> <span class='ocrx_word' id='word_1_152' title='bbox 1197 2087 1229 2138; x_wconf 92' lang='lat' dir='ltr'>et</span> 
     </span>
     <span class='ocr_line' id='line_1_18' title="bbox 123 2166 1230 2250; baseline 0 -19"><span class='ocrx_word' id='word_1_153' title='bbox 123 2167 336 2231; x_wconf 83' lang='lat' dir='ltr'>“lsraelem”</span> <span class='ocrx_word' id='word_1_154' title='bbox 355 2167 557 2248; x_wconf 86' lang='lat' dir='ltr'>intelligitur</span> <span class='ocrx_word' id='word_1_155' title='bbox 577 2166 731 2241; x_wconf 91' lang='lat' dir='ltr'>ecclesia,</span> <span class='ocrx_word' id='word_1_156' title='bbox 752 2189 836 2250; x_wconf 90' lang='lat' dir='ltr'>quae</span> <span class='ocrx_word' id='word_1_157' title='bbox 860 2169 903 2230; x_wconf 90' lang='lat' dir='ltr'>ab</span> <span class='ocrx_word' id='word_1_158' title='bbox 926 2168 1067 2250; x_wconf 91' lang='lat' dir='ltr'>illisqui</span> <span class='ocrx_word' id='word_1_159' title='bbox 1090 2171 1124 2232; x_wconf 93' lang='lat' dir='ltr'>in</span> <span class='ocrx_word' id='word_1_160' title='bbox 1147 2171 1230 2233; x_wconf 93' lang='lat' dir='ltr'>bono</span> 
     </span>
     <span class='ocr_line' id='line_1_19' title="bbox 120 2261 1228 2343; baseline 0.003 -19"><span class='ocrx_word' id='word_1_161' title='bbox 120 2265 242 2325; x_wconf 91' lang='lat' dir='ltr'>amoris</span> <span class='ocrx_word' id='word_1_162' title='bbox 262 2272 296 2325; x_wconf 93' lang='lat' dir='ltr'>et</span> <span class='ocrx_word' id='word_1_163' title='bbox 317 2264 348 2323; x_wconf 93' lang='lat' dir='ltr'>in</span> <span class='ocrx_word' id='word_1_164' title='bbox 366 2263 452 2324; x_wconf 90' lang='lat' dir='ltr'>veris</span> <span class='ocrx_word' id='word_1_165' title='bbox 471 2282 516 2324; x_wconf 89' lang='lat' dir='ltr'>ex</span> <span class='ocrx_word' id='word_1_166' title='bbox 536 2261 594 2323; x_wconf 94' lang='lat' dir='ltr'>illo</span> <span class='ocrx_word' id='word_1_167' title='bbox 613 2261 704 2323; x_wconf 94' lang='lat' dir='ltr'>bono</span> <span class='ocrx_word' id='word_1_168' title='bbox 719 2271 818 2338; x_wconf 91' lang='lat' dir='ltr'>sunt;</span> <span class='ocrx_word' id='word_1_169' title='bbox 842 2272 876 2324; x_wconf 89' lang='lat' dir='ltr'>et</span> <span class='ocrx_word' id='word_1_170' title='bbox 897 2282 956 2343; x_wconf 87' lang='lat' dir='ltr'>per</span> <span class='ocrx_word' id='word_1_171' title='bbox 974 2269 1121 2326; x_wconf 89' lang='lat' dir='ltr'>“semen</span> <span class='ocrx_word' id='word_1_172' title='bbox 1130 2263 1145 2288; x_wconf 89' lang='lat'>&#39;’</span> <span class='ocrx_word' id='word_1_173' title='bbox 1160 2264 1228 2327; x_wconf 92' lang='lat' dir='ltr'>illo·</span> 
     </span>
     <span class='ocr_line' id='line_1_20' title="bbox 120 2354 1229 2438; baseline 0.002 -20"><span class='ocrx_word' id='word_1_174' title='bbox 120 2376 192 2419; x_wconf 92' lang='lat' dir='ltr'>rum</span> <span class='ocrx_word' id='word_1_175' title='bbox 215 2356 453 2435; x_wconf 87' lang='lat' dir='ltr'>intelliguntur</span> <span class='ocrx_word' id='word_1_176' title='bbox 471 2374 589 2417; x_wconf 90' lang='lat' dir='ltr'>omnes</span> <span class='ocrx_word' id='word_1_177' title='bbox 607 2356 663 2436; x_wconf 90' lang='lat' dir='ltr'>qui</span> <span class='ocrx_word' id='word_1_178' title='bbox 685 2356 729 2417; x_wconf 92' lang='lat' dir='ltr'>ab</span> <span class='ocrx_word' id='word_1_179' title='bbox 751 2354 809 2417; x_wconf 91' lang='lat' dir='ltr'>illa</span> <span class='ocrx_word' id='word_1_180' title='bbox 828 2355 991 2417; x_wconf 88' lang='lat' dir='ltr'>ecclesia:</span> <span class='ocrx_word' id='word_1_181' title='bbox 1016 2359 1109 2438; x_wconf 89' lang='lat' dir='ltr'>quod</span> <span class='ocrx_word' id='word_1_182' title='bbox 1130 2359 1229 2420; x_wconf 90' lang='lat' dir='ltr'>addu-</span> 
     </span>
     <span class='ocr_line' id='line_1_21' title="bbox 119 2449 1231 2533; baseline 0.004 -22"><span class='ocrx_word' id='word_1_183' title='bbox 119 2450 217 2512; x_wconf 91' lang='lat' dir='ltr'>cendi</span> <span class='ocrx_word' id='word_1_184' title='bbox 233 2460 268 2512; x_wconf 90' lang='lat' dir='ltr'>et</span> <span class='ocrx_word' id='word_1_185' title='bbox 285 2449 467 2529; x_wconf 89' lang='lat' dir='ltr'>colligendi</span> <span class='ocrx_word' id='word_1_186' title='bbox 484 2450 551 2511; x_wconf 91' lang='lat' dir='ltr'>sint</span> <span class='ocrx_word' id='word_1_187' title='bbox 564 2450 619 2531; x_wconf 92' lang='lat' dir='ltr'>qui</span> <span class='ocrx_word' id='word_1_188' title='bbox 636 2450 669 2511; x_wconf 93' lang='lat' dir='ltr'>in</span> <span class='ocrx_word' id='word_1_189' title='bbox 686 2449 776 2511; x_wconf 93' lang='lat' dir='ltr'>bono</span> <span class='ocrx_word' id='word_1_190' title='bbox 791 2451 915 2511; x_wconf 90' lang='lat' dir='ltr'>amoris</span> <span class='ocrx_word' id='word_1_191' title='bbox 928 2460 1018 2523; x_wconf 91' lang='lat' dir='ltr'>sunt,</span> <span class='ocrx_word' id='word_1_192' title='bbox 1034 2451 1231 2533; x_wconf 87' lang='lat' dir='ltr'>intelligitur</span> 
     </span>
     <span class='ocr_line' id='line_1_22' title="bbox 120 2543 1230 2625; baseline 0.005 -20"><span class='ocrx_word' id='word_1_193' title='bbox 120 2565 179 2625; x_wconf 90' lang='lat' dir='ltr'>per</span> <span class='ocrx_word' id='word_1_194' title='bbox 203 2543 292 2605; x_wconf 86' lang='lat' dir='ltr'>“Ab</span> <span class='ocrx_word' id='word_1_195' title='bbox 314 2545 444 2605; x_wconf 87' lang='lat' dir='ltr'>oriente</span> <span class='ocrx_word' id='word_1_196' title='bbox 468 2544 634 2605; x_wconf 85' lang='lat' dir='ltr'>adducam</span> <span class='ocrx_word' id='word_1_197' title='bbox 657 2562 772 2605; x_wconf 91' lang='lat' dir='ltr'>semen</span> <span class='ocrx_word' id='word_1_198' title='bbox 797 2553 902 2615; x_wconf 90' lang='lat' dir='ltr'>tuum,</span> <span class='ocrx_word' id='word_1_199' title='bbox 927 2554 962 2605; x_wconf 92' lang='lat' dir='ltr'>et</span> <span class='ocrx_word' id='word_1_200' title='bbox 990 2545 1034 2605; x_wconf 90' lang='lat' dir='ltr'>ab</span> <span class='ocrx_word' id='word_1_201' title='bbox 1057 2549 1230 2610; x_wconf 90' lang='lat' dir='ltr'>occidente</span> 
     </span>
     <span class='ocr_line' id='line_1_23' title="bbox 119 2636 1228 2720; baseline 0.003 -21"><span class='ocrx_word' id='word_1_202' title='bbox 119 2636 278 2717; x_wconf 87' lang='lat' dir='ltr'>colligam</span> <span class='ocrx_word' id='word_1_203' title='bbox 303 2648 337 2699; x_wconf 91' lang='lat' dir='ltr'>te</span> <span class='ocrx_word' id='word_1_204' title='bbox 351 2637 375 2711; x_wconf 87' lang='lat'>;”</span> <span class='ocrx_word' id='word_1_205' title='bbox 399 2648 433 2699; x_wconf 91' lang='lat' dir='ltr'>et</span> <span class='ocrx_word' id='word_1_206' title='bbox 453 2638 543 2720; x_wconf 92' lang='lat' dir='ltr'>quod</span> <span class='ocrx_word' id='word_1_207' title='bbox 567 2636 614 2698; x_wconf 93' lang='lat' dir='ltr'>illi</span> <span class='ocrx_word' id='word_1_208' title='bbox 637 2638 692 2718; x_wconf 92' lang='lat' dir='ltr'>qui</span> <span class='ocrx_word' id='word_1_209' title='bbox 716 2638 748 2698; x_wconf 96' lang='lat' dir='ltr'>in</span> <span class='ocrx_word' id='word_1_210' title='bbox 767 2638 854 2699; x_wconf 91' lang='lat' dir='ltr'>veris</span> <span class='ocrx_word' id='word_1_211' title='bbox 877 2657 922 2699; x_wconf 89' lang='lat' dir='ltr'>ex</span> <span class='ocrx_word' id='word_1_212' title='bbox 946 2637 1005 2699; x_wconf 92' lang='lat' dir='ltr'>illo</span> <span class='ocrx_word' id='word_1_213' title='bbox 1029 2639 1122 2702; x_wconf 92' lang='lat' dir='ltr'>bono</span> <span class='ocrx_word' id='word_1_214' title='bbox 1145 2653 1228 2711; x_wconf 88' lang='lat' dir='ltr'>sunt,</span> 
     </span>
     <span class='ocr_line' id='line_1_24' title="bbox 120 2730 1231 2811; baseline 0.005 -20"><span class='ocrx_word' id='word_1_215' title='bbox 120 2731 320 2810; x_wconf 89' lang='lat' dir='ltr'>intelligitur</span> <span class='ocrx_word' id='word_1_216' title='bbox 339 2750 397 2811; x_wconf 92' lang='lat' dir='ltr'>per</span> <span class='ocrx_word' id='word_1_217' title='bbox 419 2730 567 2792; x_wconf 85' lang='lat' dir='ltr'>“Dicam</span> <span class='ocrx_word' id='word_1_218' title='bbox 586 2731 821 2811; x_wconf 88' lang='lat' dir='ltr'>septentrioni,</span> <span class='ocrx_word' id='word_1_219' title='bbox 843 2730 915 2807; x_wconf 89' lang='lat' dir='ltr'>Da;</span> <span class='ocrx_word' id='word_1_220' title='bbox 941 2742 976 2793; x_wconf 89' lang='lat' dir='ltr'>et</span> <span class='ocrx_word' id='word_1_221' title='bbox 1001 2734 1162 2808; x_wconf 88' lang='lat' dir='ltr'>meridiei,</span> <span class='ocrx_word' id='word_1_222' title='bbox 1183 2733 1231 2796; x_wconf 92' lang='lat' dir='ltr'>Ne</span> 
     </span>
     <span class='ocr_line' id='line_1_25' title="bbox 119 2824 1231 2910; baseline 0.004 -24"><span class='ocrx_word' id='word_1_223' title='bbox 119 2825 232 2886; x_wconf 91' lang='lat' dir='ltr'>inhibe</span> <span class='ocrx_word' id='word_1_224' title='bbox 245 2824 270 2900; x_wconf 88' lang='grc'>;”</span> <span class='ocrx_word' id='word_1_225' title='bbox 293 2825 382 2904; x_wconf 92' lang='lat' dir='ltr'>quod</span> <span class='ocrx_word' id='word_1_226' title='bbox 403 2825 592 2906; x_wconf 91' lang='lat' dir='ltr'>omnesqui</span> <span class='ocrx_word' id='word_1_227' title='bbox 611 2825 644 2885; x_wconf 97' lang='lat' dir='ltr'>in</span> <span class='ocrx_word' id='word_1_228' title='bbox 661 2825 747 2887; x_wconf 93' lang='lat' dir='ltr'>veris</span> <span class='ocrx_word' id='word_1_229' title='bbox 766 2833 801 2886; x_wconf 90' lang='lat' dir='ltr'>et</span> <span class='ocrx_word' id='word_1_230' title='bbox 821 2825 918 2887; x_wconf 90' lang='lat' dir='ltr'>bonis</span> <span class='ocrx_word' id='word_1_231' title='bbox 937 2825 1003 2887; x_wconf 89' lang='lat' dir='ltr'>illis</span> <span class='ocrx_word' id='word_1_232' title='bbox 1022 2838 1114 2902; x_wconf 91' lang='lat' dir='ltr'>sunt,</span> <span class='ocrx_word' id='word_1_233' title='bbox 1132 2849 1231 2910; x_wconf 88' lang='lat' dir='ltr'>usque</span> 
     </span>
     <span class='ocr_line' id='line_1_26' title="bbox 119 2917 1231 3002; baseline 0.005 -23"><span class='ocrx_word' id='word_1_234' title='bbox 119 2918 161 2979; x_wconf 91' lang='lat' dir='ltr'>ad</span> <span class='ocrx_word' id='word_1_235' title='bbox 179 2919 254 2980; x_wconf 92' lang='lat' dir='ltr'>illos</span> <span class='ocrx_word' id='word_1_236' title='bbox 272 2920 375 2999; x_wconf 84' lang='lat' dir='ltr'>quiin</span> <span class='ocrx_word' id='word_1_237' title='bbox 393 2917 529 2991; x_wconf 93' lang='lat' dir='ltr'>ultimis,</span> <span class='ocrx_word' id='word_1_238' title='bbox 544 2918 765 2992; x_wconf 88' lang='lat' dir='ltr'>adducentur,</span> <span class='ocrx_word' id='word_1_239' title='bbox 779 2918 987 2999; x_wconf 89' lang='lat' dir='ltr'>significatur</span> <span class='ocrx_word' id='word_1_240' title='bbox 1003 2941 1064 3002; x_wconf 91' lang='lat' dir='ltr'>per</span> <span class='ocrx_word' id='word_1_241' title='bbox 1081 2923 1231 2985; x_wconf 85' lang='lat' dir='ltr'>“Adduc</span> 
     </span>
     <span class='ocr_line' id='line_1_27' title="bbox 120 3011 1232 3094; baseline 0.007 -22"><span class='ocrx_word' id='word_1_242' title='bbox 120 3011 204 3073; x_wconf 85' lang='lat' dir='ltr'>tilios</span> <span class='ocrx_word' id='word_1_243' title='bbox 224 3033 317 3074; x_wconf 91' lang='lat' dir='ltr'>meos</span> <span class='ocrx_word' id='word_1_244' title='bbox 337 3033 356 3073; x_wconf 88' lang='lat' dir='ltr'>e</span> <span class='ocrx_word' id='word_1_245' title='bbox 376 3012 571 3094; x_wconf 89' lang='lat' dir='ltr'>longinquo,</span> <span class='ocrx_word' id='word_1_246' title='bbox 589 3023 624 3075; x_wconf 92' lang='lat' dir='ltr'>et</span> <span class='ocrx_word' id='word_1_247' title='bbox 644 3012 728 3074; x_wconf 85' lang='lat' dir='ltr'>filias</span> <span class='ocrx_word' id='word_1_248' title='bbox 748 3031 841 3074; x_wconf 92' lang='lat' dir='ltr'>meas</span> <span class='ocrx_word' id='word_1_249' title='bbox 859 3014 903 3075; x_wconf 92' lang='lat' dir='ltr'>ab</span> <span class='ocrx_word' id='word_1_250' title='bbox 921 3016 1147 3078; x_wconf 89' lang='lat' dir='ltr'>extremitate</span> <span class='ocrx_word' id='word_1_251' title='bbox 1167 3027 1232 3080; x_wconf 91' lang='lat' dir='ltr'>ter·</span> 
     </span>
     <span class='ocr_line' id='line_1_28' title="bbox 119 3105 1232 3189; baseline 0.004 -21"><span class='ocrx_word' id='word_1_252' title='bbox 119 3126 174 3169; x_wconf 93' lang='lat' dir='ltr'>rae</span> <span class='ocrx_word' id='word_1_253' title='bbox 187 3106 213 3183; x_wconf 88' lang='lat'>;”</span> <span class='ocrx_word' id='word_1_254' title='bbox 238 3105 346 3167; x_wconf 83' lang='lat' dir='ltr'>“filii’&#39;</span> <span class='ocrx_word' id='word_1_255' title='bbox 366 3116 444 3167; x_wconf 89' lang='lat' dir='ltr'>sunt</span> <span class='ocrx_word' id='word_1_256' title='bbox 464 3107 570 3187; x_wconf 93' lang='lat' dir='ltr'>quiin</span> <span class='ocrx_word' id='word_1_257' title='bbox 590 3108 687 3179; x_wconf 91' lang='lat' dir='ltr'>veris,</span> <span class='ocrx_word' id='word_1_258' title='bbox 707 3126 747 3169; x_wconf 90' lang='lat' dir='ltr'>ac</span> <span class='ocrx_word' id='word_1_259' title='bbox 769 3106 884 3169; x_wconf 84' lang='lat' dir='ltr'>“filiae</span> <span class='ocrx_word' id='word_1_260' title='bbox 893 3107 908 3130; x_wconf 86' lang='lat'>&#39;&#39;</span> <span class='ocrx_word' id='word_1_261' title='bbox 927 3109 982 3189; x_wconf 93' lang='lat' dir='ltr'>qui</span> <span class='ocrx_word' id='word_1_262' title='bbox 1006 3109 1039 3170; x_wconf 95' lang='lat' dir='ltr'>in</span> <span class='ocrx_word' id='word_1_263' title='bbox 1060 3110 1169 3184; x_wconf 92' lang='lat' dir='ltr'>bonis,</span> <span class='ocrx_word' id='word_1_264' title='bbox 1188 3117 1232 3173; x_wconf 86' lang='lat' dir='ltr'>“e</span> 
     </span>
     <span class='ocr_line' id='line_1_29' title="bbox 119 3199 1233 3286; baseline 0.005 -25"><span class='ocrx_word' id='word_1_265' title='bbox 119 3199 304 3282; x_wconf 89' lang='lat' dir='ltr'>longinquo</span> <span class='ocrx_word' id='word_1_266' title='bbox 315 3199 330 3222; x_wconf 88' lang='grc'><em>”</em></span> <span class='ocrx_word' id='word_1_267' title='bbox 354 3210 388 3262; x_wconf 90' lang='lat' dir='ltr'>et</span> <span class='ocrx_word' id='word_1_268' title='bbox 415 3200 488 3260; x_wconf 82' lang='lat' dir='ltr'>“ab</span> <span class='ocrx_word' id='word_1_269' title='bbox 514 3202 737 3263; x_wconf 87' lang='lat' dir='ltr'>extremitate</span> <span class='ocrx_word' id='word_1_270' title='bbox 764 3211 873 3264; x_wconf 91' lang='lat' dir='ltr'>terrae</span> <span class='ocrx_word' id='word_1_271' title='bbox 885 3200 900 3224; x_wconf 76' lang='lat'>&#39;⁹</span> <span class='ocrx_word' id='word_1_272' title='bbox 923 3201 1092 3281; x_wconf 82' lang='lat' dir='ltr'>significat</span> <span class='ocrx_word' id='word_1_273' title='bbox 1120 3207 1176 3286; x_wconf 92' lang='lat' dir='ltr'>qui</span> <span class='ocrx_word' id='word_1_274' title='bbox 1202 3207 1233 3267; x_wconf 90' lang='lat' dir='ltr'>in</span> 
     </span>
     <span class='ocr_line' id='line_1_30' title="bbox 119 3293 1232 3380; baseline 0.004 -25"><span class='ocrx_word' id='word_1_275' title='bbox 119 3293 245 3356; x_wconf 90' lang='lat' dir='ltr'>ultimis</span> <span class='ocrx_word' id='word_1_276' title='bbox 268 3295 355 3356; x_wconf 90' lang='lat' dir='ltr'>veris</span> <span class='ocrx_word' id='word_1_277' title='bbox 378 3305 413 3356; x_wconf 86' lang='lat' dir='ltr'>et</span> <span class='ocrx_word' id='word_1_278' title='bbox 441 3295 537 3356; x_wconf 92' lang='lat' dir='ltr'>bonis</span> <span class='ocrx_word' id='word_1_279' title='bbox 560 3293 734 3357; x_wconf 90' lang='lat' dir='ltr'>ecclesiae.</span> <span class='ocrx_word' id='word_1_280' title='bbox 781 3293 908 3357; x_wconf 88' lang='lat' dir='ltr'>Similia</span> <span class='ocrx_word' id='word_1_281' title='bbox 933 3316 991 3376; x_wconf 89' lang='lat' dir='ltr'>per</span> <span class='ocrx_word' id='word_1_282' title='bbox 1015 3296 1091 3359; x_wconf 91' lang='lat' dir='ltr'>illas</span> <span class='ocrx_word' id='word_1_283' title='bbox 1115 3299 1232 3380; x_wconf 91' lang='lat' dir='ltr'>plagas</span> 
     </span>
     <span class='ocr_line' id='line_1_31' title="bbox 118 3387 1231 3470; baseline 0.005 -22"><span class='ocrx_word' id='word_1_284' title='bbox 118 3388 349 3468; x_wconf 87' lang='lat' dir='ltr'>significantur</span> <span class='ocrx_word' id='word_1_285' title='bbox 368 3389 400 3449; x_wconf 92' lang='lat' dir='ltr'>in</span> <span class='ocrx_word' id='word_1_286' title='bbox 421 3388 640 3468; x_wconf 89' lang='lat' dir='ltr'>sequentibus</span> <span class='ocrx_word' id='word_1_287' title='bbox 659 3388 710 3450; x_wconf 92' lang='lat' dir='ltr'>his</span> <span class='ocrx_word' id='word_1_288' title='bbox 730 3387 813 3450; x_wconf 92' lang='lat' dir='ltr'>locis</span> <span class='ocrx_word' id='word_1_289' title='bbox 824 3387 981 3470; x_wconf 76' lang='lat' dir='ltr'>1-Apud</span> <span class='ocrx_word' id='word_1_290' title='bbox 1000 3389 1177 3468; x_wconf 70' lang='lat' dir='ltr'>Davidem,</span> <span class='ocrx_word' id='word_1_291' title='bbox 1227 3414 1231 3422; x_wconf 63' lang='lat'>¹</span> 
     </span>
    </p>
   </div>
   <div class='ocr_carea' id='block_1_7' title="bbox 170 3527 1233 3656">
    <p class='ocr_par' dir='ltr' id='par_1_7' title="bbox 170 3527 1233 3656">
     <span class='ocr_line' id='line_1_32' title="bbox 170 3527 1233 3597; baseline 0.008 -21"><span class='ocrx_word' id='word_1_292' title='bbox 170 3527 293 3593; x_wconf 84' lang='lat' dir='ltr'>Jehovah</span> <span class='ocrx_word' id='word_1_293' title='bbox 309 3530 462 3590; x_wconf 87' lang='lat' dir='ltr'>redemptos</span> <span class='ocrx_word' id='word_1_294' title='bbox 476 3544 490 3578; x_wconf 91' lang='lat' dir='ltr'>e</span> <span class='ocrx_word' id='word_1_295' title='bbox 505 3530 582 3579; x_wconf 87' lang='lat' dir='ltr'>terris</span> <span class='ocrx_word' id='word_1_296' title='bbox 597 3530 774 3592; x_wconf 84' lang='lat' dir='ltr'>congregabit</span> <span class='ocrx_word' id='word_1_297' title='bbox 788 3532 847 3580; x_wconf 85' lang='lat' dir='ltr'>“ab</span> <span class='ocrx_word' id='word_1_298' title='bbox 861 3540 921 3580; x_wconf 90' lang='lat' dir='ltr'>ortu</span> <span class='ocrx_word' id='word_1_299' title='bbox 935 3540 962 3580; x_wconf 86' lang='lat' dir='ltr'>et</span> <span class='ocrx_word' id='word_1_300' title='bbox 976 3534 1011 3580; x_wconf 91' lang='lat' dir='ltr'>ab</span> <span class='ocrx_word' id='word_1_301' title='bbox 1025 3546 1131 3593; x_wconf 84' lang='lat' dir='ltr'>occasu,</span> <span class='ocrx_word' id='word_1_302' title='bbox 1146 3549 1163 3583; x_wconf 84' lang='lat' dir='ltr'>a</span> <span class='ocrx_word' id='word_1_303' title='bbox 1176 3550 1233 3597; x_wconf 85' lang='lat' dir='ltr'>sep-</span> 
     </span>
     <span class='ocr_line' id='line_1_33' title="bbox 248 3595 737 3656; baseline 0.006 -15"><span class='ocrx_word' id='word_1_304' title='bbox 248 3595 381 3642; x_wconf 88' lang='lat' dir='ltr'>tentrione</span> <span class='ocrx_word' id='word_1_305' title='bbox 393 3604 419 3643; x_wconf 90' lang='lat' dir='ltr'>et</span> <span class='ocrx_word' id='word_1_306' title='bbox 431 3610 448 3643; x_wconf 87' lang='lat' dir='ltr'>a</span> <span class='ocrx_word' id='word_1_307' title='bbox 460 3596 526 3643; x_wconf 87' lang='lat' dir='ltr'>mari</span> <span class='ocrx_word' id='word_1_308' title='bbox 536 3595 549 3612; x_wconf 89' lang='lat'>&#39;&#39;</span> <span class='ocrx_word' id='word_1_309' title='bbox 561 3595 616 3656; x_wconf 88' lang='lat' dir='ltr'>(Ps.</span> <span class='ocrx_word' id='word_1_310' title='bbox 626 3596 686 3644; x_wconf 88' lang='lat' dir='ltr'>cvii.</span> <span class='ocrx_word' id='word_1_311' title='bbox 698 3600 737 3656; x_wconf 88' lang='lat'>3);</span> 
     </span>
    </p>
   </div>
   <div class='ocr_carea' id='block_1_8' title="bbox 118 3707 349 3789">
    <p class='ocr_par' dir='ltr' id='par_1_8' title="bbox 118 3707 349 3789">
     <span class='ocr_line' id='line_1_34' title="bbox 118 3707 349 3789; baseline -0.004 -20"><span class='ocrx_word' id='word_1_312' title='bbox 118 3708 206 3789; x_wconf 91' lang='lat' dir='ltr'>apud</span> <span class='ocrx_word' id='word_1_313' title='bbox 224 3707 349 3780; x_wconf 79' lang='lat' dir='ltr'>Mosen,</span> 
     </span>
    </p>
   </div>
   <div class='ocr_carea' id='block_1_9' title="bbox 172 3819 1232 4014">
    <p class='ocr_par' dir='ltr' id='par_1_9' title="bbox 172 3819 1232 4014">
     <span class='ocr_line' id='line_1_35' title="bbox 172 3819 1232 3888; baseline 0.003 -19"><span class='ocrx_word' id='word_1_314' title='bbox 172 3819 246 3869; x_wconf 86' lang='lat' dir='ltr'>Dixit</span> <span class='ocrx_word' id='word_1_315' title='bbox 259 3820 380 3882; x_wconf 83' lang='lat' dir='ltr'>Jehovah</span> <span class='ocrx_word' id='word_1_316' title='bbox 395 3821 428 3868; x_wconf 86' lang='lat' dir='ltr'>ad</span> <span class='ocrx_word' id='word_1_317' title='bbox 442 3821 572 3883; x_wconf 85' lang='lat' dir='ltr'>Jacobum</span> <span class='ocrx_word' id='word_1_318' title='bbox 588 3821 746 3880; x_wconf 87' lang='lat' dir='ltr'>insomnio,</span> <span class='ocrx_word' id='word_1_319' title='bbox 763 3822 846 3871; x_wconf 83' lang='lat' dir='ltr'>“Erit</span> <span class='ocrx_word' id='word_1_320' title='bbox 860 3837 952 3872; x_wconf 88' lang='lat' dir='ltr'>semen</span> <span class='ocrx_word' id='word_1_321' title='bbox 968 3831 1045 3871; x_wconf 89' lang='lat' dir='ltr'>tuum</span> <span class='ocrx_word' id='word_1_322' title='bbox 1060 3823 1129 3873; x_wconf 87' lang='lat' dir='ltr'>sicut</span> <span class='ocrx_word' id='word_1_323' title='bbox 1145 3825 1232 3888; x_wconf 83' lang='lat' dir='ltr'>pulvis</span> 
     </span>
     <span class='ocr_line' id='line_1_36' title="bbox 247 3886 1231 3946; baseline 0.007 -15"><span class='ocrx_word' id='word_1_324' title='bbox 247 3895 341 3942; x_wconf 83' lang='lat' dir='ltr'>terrae,</span> <span class='ocrx_word' id='word_1_325' title='bbox 352 3896 378 3933; x_wconf 89' lang='lat' dir='ltr'>et</span> <span class='ocrx_word' id='word_1_326' title='bbox 387 3886 520 3946; x_wconf 89' lang='lat' dir='ltr'>expandet</span> <span class='ocrx_word' id='word_1_327' title='bbox 530 3902 559 3935; x_wconf 87' lang='lat' dir='ltr'>se</span> <span class='ocrx_word' id='word_1_328' title='bbox 567 3901 661 3935; x_wconf 86' lang='lat' dir='ltr'>versus</span> <span class='ocrx_word' id='word_1_329' title='bbox 670 3887 836 3936; x_wconf 89' lang='lat' dir='ltr'>occidentem</span> <span class='ocrx_word' id='word_1_330' title='bbox 846 3897 872 3936; x_wconf 89' lang='lat' dir='ltr'>et</span> <span class='ocrx_word' id='word_1_331' title='bbox 880 3902 973 3936; x_wconf 87' lang='lat' dir='ltr'>versus</span> <span class='ocrx_word' id='word_1_332' title='bbox 983 3888 1127 3946; x_wconf 87' lang='lat' dir='ltr'>orientem,</span> <span class='ocrx_word' id='word_1_333' title='bbox 1138 3903 1231 3938; x_wconf 84' lang='lat' dir='ltr'>versus</span> 
     </span>
     <span class='ocr_line' id='line_1_37' title="bbox 246 3950 1029 4014; baseline 0.005 -18"><span class='ocrx_word' id='word_1_334' title='bbox 246 3950 457 4011; x_wconf 85' lang='lat' dir='ltr'>septentrionem</span> <span class='ocrx_word' id='word_1_335' title='bbox 469 3961 496 3999; x_wconf 86' lang='lat' dir='ltr'>et</span> <span class='ocrx_word' id='word_1_336' title='bbox 508 3966 602 4000; x_wconf 88' lang='lat' dir='ltr'>versus</span> <span class='ocrx_word' id='word_1_337' title='bbox 614 3952 774 4001; x_wconf 88' lang='lat' dir='ltr'>meridiem&#39;’</span> <span class='ocrx_word' id='word_1_338' title='bbox 786 3954 858 4013; x_wconf 75' lang='lat' dir='ltr'>(Gen.</span> <span class='ocrx_word' id='word_1_339' title='bbox 870 3953 960 4001; x_wconf 88' lang='lat' dir='ltr'>xxviii.</span> <span class='ocrx_word' id='word_1_340' title='bbox 974 3956 1029 4014; x_wconf 82' lang='lat'>14);</span> 
     </span>
    </p>
   </div>
   <div class='ocr_carea' id='block_1_10' title="bbox 118 4061 357 4145">
    <p class='ocr_par' dir='ltr' id='par_1_10' title="bbox 118 4061 357 4145">
     <span class='ocr_line' id='line_1_38' title="bbox 118 4061 357 4145; baseline -0.004 -20"><span class='ocrx_word' id='word_1_341' title='bbox 118 4063 205 4145; x_wconf 92' lang='lat' dir='ltr'>apud</span> <span class='ocrx_word' id='word_1_342' title='bbox 225 4061 357 4136; x_wconf 86' lang='lat' dir='ltr'>Lucam,</span> 
     </span>
    </p>
   </div>
   <div class='ocr_carea' id='block_1_11' title="bbox 168 4175 1230 4305">
    <p class='ocr_par' dir='ltr' id='par_1_11' title="bbox 168 4175 1230 4305">
     <span class='ocr_line' id='line_1_39' title="bbox 168 4175 1230 4241; baseline 0.007 -18"><span class='ocrx_word' id='word_1_343' title='bbox 168 4175 308 4224; x_wconf 85' lang='lat' dir='ltr'>&#39;&#39;Venient</span> <span class='ocrx_word' id='word_1_344' title='bbox 322 4177 356 4224; x_wconf 85' lang='lat' dir='ltr'>ab</span> <span class='ocrx_word' id='word_1_345' title='bbox 368 4176 472 4225; x_wconf 89' lang='lat' dir='ltr'>ortibus</span> <span class='ocrx_word' id='word_1_346' title='bbox 484 4187 510 4226; x_wconf 88' lang='lat' dir='ltr'>et</span> <span class='ocrx_word' id='word_1_347' title='bbox 522 4178 670 4237; x_wconf 86' lang='lat' dir='ltr'>occasibus,</span> <span class='ocrx_word' id='word_1_348' title='bbox 685 4188 711 4227; x_wconf 88' lang='lat' dir='ltr'>et</span> <span class='ocrx_word' id='word_1_349' title='bbox 725 4194 741 4227; x_wconf 86' lang='lat' dir='ltr'>a</span> <span class='ocrx_word' id='word_1_350' title='bbox 755 4179 939 4241; x_wconf 86' lang='lat' dir='ltr'>septentrione</span> <span class='ocrx_word' id='word_1_351' title='bbox 951 4189 978 4228; x_wconf 88' lang='lat' dir='ltr'>et</span> <span class='ocrx_word' id='word_1_352' title='bbox 991 4181 1112 4240; x_wconf 88' lang='lat' dir='ltr'>meridie,</span> <span class='ocrx_word' id='word_1_353' title='bbox 1127 4196 1230 4232; x_wconf 87' lang='lat' dir='ltr'>aecum·</span> 
     </span>
     <span class='ocr_line' id='line_1_40' title="bbox 245 4240 701 4305; baseline 0.007 -17"><span class='ocrx_word' id='word_1_354' title='bbox 245 4243 339 4289; x_wconf 85' lang='lat' dir='ltr'>bentes</span> <span class='ocrx_word' id='word_1_355' title='bbox 352 4240 378 4289; x_wconf 91' lang='lat' dir='ltr'>in</span> <span class='ocrx_word' id='word_1_356' title='bbox 393 4256 477 4303; x_wconf 81' lang='lat' dir='ltr'>regno</span> <span class='ocrx_word' id='word_1_357' title='bbox 491 4242 563 4291; x_wconf 89' lang='lat' dir='ltr'>Dei&#39;&#39;</span> <span class='ocrx_word' id='word_1_358' title='bbox 575 4241 641 4304; x_wconf 86' lang='lat' dir='ltr'>(xiii.</span> <span class='ocrx_word' id='word_1_359' title='bbox 652 4243 701 4305; x_wconf 80' lang='lat'>29).</span> 
     </span>
    </p>
   </div>
   <div class='ocr_carea' id='block_1_12' title="bbox 116 4368 1227 4448">
    <p class='ocr_par' dir='ltr' id='par_1_12' title="bbox 116 4368 1227 4448">
     <span class='ocr_line' id='line_1_41' title="bbox 116 4368 1227 4448; baseline 0.006 -17"><span class='ocrx_word' id='word_1_360' title='bbox 116 4368 268 4431; x_wconf 91' lang='lat' dir='ltr'>Plurimis</span> <span class='ocrx_word' id='word_1_361' title='bbox 284 4369 317 4430; x_wconf 91' lang='lat' dir='ltr'>in</span> <span class='ocrx_word' id='word_1_362' title='bbox 335 4368 417 4431; x_wconf 89' lang='lat' dir='ltr'>locis</span> <span class='ocrx_word' id='word_1_363' title='bbox 429 4369 551 4433; x_wconf 91' lang='lat' dir='ltr'>dicitur</span> <span class='ocrx_word' id='word_1_364' title='bbox 567 4370 675 4432; x_wconf 91' lang='lat' dir='ltr'>solum</span> <span class='ocrx_word' id='word_1_365' title='bbox 691 4370 761 4432; x_wconf 86' lang='lat' dir='ltr'>“ab</span> <span class='ocrx_word' id='word_1_366' title='bbox 777 4373 907 4435; x_wconf 89' lang='lat' dir='ltr'>oriente</span> <span class='ocrx_word' id='word_1_367' title='bbox 924 4372 966 4434; x_wconf 94' lang='lat' dir='ltr'>ad</span> <span class='ocrx_word' id='word_1_368' title='bbox 984 4370 1227 4448; x_wconf 87' lang='lat' dir='ltr'>occidentem,”</span> 
     </span>
    </p>
   </div>
   <div class='ocr_carea' id='block_1_13' title="bbox 0 0 1365 4986">
    <p class='ocr_par' dir='ltr' id='par_1_13' title="bbox 0 0 1365 4986">
     <span class='ocr_line' id='line_1_42' title="bbox 0 0 1365 4986; baseline 0 0"><span class='ocrx_word' id='word_1_369' title='bbox 0 0 1365 4986; x_wconf 95' lang='lat' dir='ltr'> </span> 
     </span>
    </p>
   </div>
  </div>
 </body>
</html>
