2716 4986
184 501 261 567 1272
490 498 741 549 APOCALYPSIS
764 498 993 550 EXPLICATA.

178 679 213 732 et
233 669 326 752 quasi
346 678 486 750 portant
504 689 587 751 opes
603 668 807 750 spirituales
823 669 910 732 sicut
930 689 1036 732 naves
1056 689 1141 751 opes
1159 669 1285 733 munda·

177 785 259 841 nas;
292 764 438 827 “mare’'
461 765 551 827 enirn
572 762 724 845 “Suph,”
742 773 778 827 et
800 770 917 826 “terra
942 764 1091 827 Edomi’'
1116 764 1172 826 ubi
1194 763 1288 827 Ezion

175 859 287 940 Jeber,
319 869 393 922 erat
427 859 565 921 ultimus
595 859 759 921 terminus
793 868 904 921 terrae
938 857 1138 935 Canaanis;
1176 868 1211 921 et
1242 876 1291 940 per

178 954 346 1016 “ultimos
373 954 538 1017 terminos
566 961 676 1016 terrae
704 951 897 1016 Canaanis''
920 952 1159 1035 significantur
1185 951 1291 1015 ultima

176 1049 352 1122 ecclesiae,
365 1069 450 1130 quae
463 1057 542 1110 sunt
555 1048 720 1110 scientiae
736 1048 1073 1128 comprehendentes
1084 1048 1291 1128 cognitiones

176 1145 245 1206 veri
273 1152 307 1206 et
335 1142 434 1204 boni:
466 1161 525 1222 per
554 1147 699 1204 “aurum
709 1142 723 1164 ”
746 1151 781 1204 et
808 1142 1044 1223 “argentum''
1068 1141 1293 1224 significantur

176 1237 265 1299 bona
288 1246 324 1300 et
347 1256 428 1298 vera
453 1234 620 1298 ecclesiae
649 1236 824 1312 internae;
856 1257 915 1318 per
939 1237 1105 1309 “ebora'’
1131 1233 1293 1306 “simias'’

175 1342 209 1395 et
232 1330 434 1414 “pavones”
458 1329 691 1410 significantur
714 1352 794 1394 vera
817 1340 853 1393 et
879 1331 969 1393 bona
992 1331 1163 1394 ecclesiae
1186 1341 1292 1395 exter·

176 1446 258 1488 nae:
294 1447 353 1506 per
379 1424 534 1487 scientias
561 1424 801 1506 intelliguntur
827 1426 990 1487 scientiae
1021 1425 1143 1506 quales
1169 1425 1292 1487 suerunt

174 1521 332 1601 antiquis
354 1537 476 1599 nempe
500 1519 664 1581 scientiae
688 1519 1080 1599 correspondentiarum,
1101 1537 1292 1599 repraesen-

175 1615 355 1685 tationum,
376 1613 572 1686 influxuum,
592 1632 632 1675 ac
657 1614 699 1675 de
723 1614 819 1674 caelo
843 1622 878 1676 et
902 1613 1051 1688 inlerno;
1080 1634 1169 1694 quae
1189 1611 1292 1693 impri-

175 1710 238 1770 mis
261 1706 599 1789 comprehendebant
623 1708 839 1787 cognitiones
863 1709 931 1770 veri
955 1716 990 1770 et
1014 1707 1096 1769 boni
1119 1707 1290 1776 ecclesiae,

175 1824 213 1867 ac
239 1803 304 1865 illis
327 1802 578 1865 inserviebant:
608 1822 667 1882 per
688 1810 707 1834 ⁸⁶
720 1801 941 1864 Chiramum”
960 1800 1199 1882 significantur
1216 1820 1291 1881 gen·

93 1974 97 1984 ¹
176 1910 229 1962 tes
252 1918 338 1980 quae
362 1907 463 1961 extra
487 1896 680 1968 ecclesiam,
701 1897 791 1976 apud
814 1917 898 1978 quas
918 1897 1023 1959 etiam
1047 1907 1128 1960 sunt
1153 1896 1291 1977 cogniti·

175 2014 257 2056 ones
280 1993 360 2055 boni
384 2002 419 2054 et
441 1992 529 2053 veri:
561 2011 620 2072 per
639 1992 729 2072 quod
752 1998 771 2022 “
783 1990 910 2054 naves”
929 1991 992 2054 sub
1010 2011 1092 2072 rege
1110 1990 1290 2073 Jehoscha·

175 2087 284 2169 phath
317 2083 473 2148 “trattae
504 2084 596 2147 sint”
625 2083 795 2166 significat
824 2085 1101 2148 devastationem
1133 2085 1289 2148 ecclesiae

175 2182 286 2262 quoad
306 2201 385 2242 vera
409 2191 443 2242 et
467 2180 557 2242 bona
575 2178 656 2259 ejus.
702 2178 758 2241 Ex
772 2178 830 2241 his
849 2189 1009 2242 constare
1027 2190 1146 2260 potest
1167 2178 1243 2262 quid
1260 2178 1289 2238 in

173 2276 285 2356 specie
313 2272 523 2354 significatur
549 2294 608 2354 per
637 2280 774 2335 “naves
802 2272 1071 2336 Tharschischi”
1098 2275 1131 2336 in
1159 2291 1287 2356 praece·

176 2370 356 2445 dentibus;
381 2379 416 2431 et
436 2388 569 2450 quoque
588 2367 678 2449 apud
697 2367 873 2442 Davidem,

224 2507 241 2526 ‘¹
251 2503 606 2632 Pertherrjumhortenulem
625 2503 781 2564 confringes
800 2516 884 2552 naves
899 2501 1101 2552 Tharschlsch”
1115 2502 1173 2564 (Ps.
1186 2500 1287 2552 xlviiii

345 2606 350 2617 .
389 2580 422 2628 ,7
457 2586 462 2618 :

172 2718 232 2779 per
252 2703 423 2759 “ventum
443 2696 668 2759 orientalem”
687 2694 897 2777 significatur
916 2694 1112 2759 devastatio
1136 2706 1171 2759 et
1195 2696 1286 2758 deso·

172 2791 275 2865 latio;
300 2809 377 2851 nam
399 2800 614 2870 perventum
634 2791 688 2872 qui
708 2790 751 2851 ab
770 2791 900 2852 oriente
917 2791 1010 2853 venit
1031 2792 1063 2853 in
1080 2789 1209 2852 mundo
1226 2788 1285 2870 spi·

171 2885 281 2948 rituali
299 2884 471 2945 domicilia
491 2883 658 2946 malorum
678 2893 876 2946 evertuntur
895 2884 1055 2959 sundituS,
1074 2905 1114 2948 ac
1134 2887 1197 2967 ipsi
1216 2902 1284 2948 cum

174 2980 352 3052 thesauris,
374 2980 406 3039 in
431 2978 551 3060 quibus
571 2998 629 3040 cor
652 2998 747 3039 suum
769 2988 965 3058 posuerunt,
986 2977 1164 3058 ejiciuntur
1187 2980 1219 3041 in
1241 2979 1285 3040 in·

170 3071 265 3133 serila
282 3088 382 3143 (dequo
391 3096 463 3130 vento
471 3086 580 3130 videatur
588 3087 611 3129 ln
621 3085 740 3143 opusculo
750 3086 788 3130 De
799 3086 887 3131 Ultimo
896 3085 1005 3147 Jndicio,
1012 3099 1036 3131 n.
1043 3087 1086 3145 61)
1098 3090 1105 3131 :
1130 3091 1191 3152 pel·
1204 3077 1223 3103 ‘⁶
1231 3089 1285 3131 na·

171 3184 231 3226 ves
255 3162 511 3225 Tharschisch”
540 3161 592 3224 hic
620 3160 853 3243 significantur
880 3159 1081 3224 doctrinalia
1107 3162 1203 3225 salsa.
1245 3160 1286 3223 Et

170 3257 259 3339 apud
279 3256 431 3331 Esaiam,

200 3412 205 3421 r
223 3393 239 3412 '¹
249 3389 313 3438 Dies
321 3389 440 3452 Jehovae
450 3389 581 3438 Zebaoth.
592 3426 597 3438 .
608 3426 614 3437 .
625 3403 819 3450 ,superomnes
828 3389 922 3438 cedros
932 3388 1026 3437 Libani
1037 3390 1106 3439 altas
1114 3401 1140 3439 et
1150 3391 1233 3440 elatas
1244 3405 1249 3445 :
1262 3399 1286 3438 et

301 3470 381 3516 super
399 3470 494 3503 omnes
512 3468 623 3517 quercus
643 3454 805 3512 Baschanis;
829 3465 856 3502 et
879 3469 959 3516 super
975 3469 1072 3503 omnes
1090 3465 1198 3505 montes
1213 3457 1284 3510 altos,

300 3530 327 3569 et
339 3536 419 3581 super
431 3535 525 3568 omnes
538 3521 620 3569 colles
632 3520 735 3578 elatos;
752 3528 778 3567 et
790 3533 870 3580 super
882 3534 991 3568 omnem
1005 3521 1097 3569 turrim
1110 3523 1250 3577 excelsam,
1263 3529 1286 3568 et

300 3600 380 3646 super
388 3600 496 3633 omnem
507 3599 612 3633 murum
621 3585 753 3633 munitum
763 3598 769 3640 ;
783 3594 810 3633 et
818 3599 1001 3645 superomnes
1010 3600 1094 3634 naves
1102 3586 1285 3640 Tharschisch;

300 3660 326 3698 et
336 3665 416 3711 super
427 3665 522 3698 omnes
532 3650 664 3711 imagines
674 3650 799 3699 desiderii
810 3664 816 3707 ;
831 3659 860 3698 ut
869 3649 1021 3699 destruatur
1030 3652 1157 3713 superbia
1166 3652 1283 3704 hominis,

300 3726 326 3763 et
345 3717 499 3764 humilietur
513 3716 625 3763 altitudo
641 3716 769 3773 virorum,
786 3725 812 3763 et
829 3715 960 3763 exaltetur
973 3715 1096 3779 Jehovah
1111 3718 1187 3767 solus
1205 3718 1231 3766 in
1247 3716 1286 3764 dic

301 3781 346 3828 illo
355 3780 369 3799 ’'
382 3781 418 3841 (ii.
434 3780 538 3842 12-17):

169 3929 227 3989 per
248 3910 365 3971 “diem
381 3908 556 3989 Jehovae”
576 3908 779 3990 intelligitur
799 3909 966 3972 adventus
987 3909 1137 3986 Domini,
1155 3911 1284 3993 quando

169 4000 326 4062 ultimum
346 4001 508 4080 judicium
532 4021 551 4062 a
574 4000 725 4063 Domino
746 4000 921 4081 peradtum
946 4001 1018 4063 suit.
1062 4018 1284 4076 (Quodnocanu

168 4097 233 4139 mino
245 4097 368 4152 peractum
380 4098 408 4141 sit
419 4098 518 4153 quando
532 4097 556 4141 in
572 4097 664 4141 mundo
678 4096 728 4147 fuit,
739 4098 848 4141 videatur
859 4098 881 4140 in
897 4097 1015 4154 opusculo
1027 4098 1065 4143 De
1081 4100 1170 4144 (drino
1183 4098 1283 4160 Judr'cr‘o,

167 4189 190 4221 n.
202 4177 250 4239 46.)
294 4159 534 4221 Recensentur
545 4160 598 4221 hic
615 4180 716 4240 super
729 4181 814 4242 quos
830 4160 920 4222 intra
932 4160 1116 4223 ecclesiam
1127 4162 1281 4242 judicium

167 4250 291 4314 sartum
308 4260 382 4313 est:
408 4270 467 4332 per
484 4257 504 4310 ‘t
515 4254 635 4314 cedros
652 4251 772 4314 Libani
789 4252 878 4315 altas
895 4262 930 4315 et
947 4252 1058 4316 elatas
1066 4253 1080 4277 ”
1093 4253 1280 4335 significan·

168 4358 222 4409 tur
241 4347 296 4428 qui
316 4368 359 4408 ex
378 4348 509 4428 propria
527 4347 755 4428 intelligentia
771 4368 807 4410 se
820 4345 962 4428 jadiant,
981 4358 1016 4411 et
1036 4370 1097 4430 per
1115 4356 1279 4432 “quercus

168 4439 376 4503 Baschanis''
395 4442 450 4524 qui
469 4462 514 4503 ex
533 4442 696 4519 scientia;
720 4461 799 4504 nam
820 4442 962 4504 “cedri”
980 4443 1014 4504 in
1031 4442 1150 4506 Verbo
1167 4445 1278 4506 dicun·
