2684 4988
371 506 449 556 cna.
466 506 541 570 vu..
558 507 662 559 varas.
684 509 811 576 17.-rr.
827 497 901 576 484
1113 510 1192 577 ¹²07

120 671 214 750 angelis
235 675 311 739 inde
338 677 391 751 sit,
415 687 468 741 est
489 678 567 760 quia
594 677 754 741 Divinum
777 678 904 743 Verum
933 679 1121 761 procedens
1148 699 1192 741 ex

120 759 229 832 Domino
249 771 328 834 iacit
347 771 476 834 caelum
499 774 532 835 in
551 775 722 836 communi
745 784 780 836 et
803 775 836 836 in
858 773 1049 856 particulari
1061 795 1069 852 ;
1092 795 1193 856 quare

118 861 156 938 qui
175 864 200 925 in
223 865 350 928 Divinis
377 868 462 929 veris
489 878 578 942 sunt,
603 869 636 930 in
664 868 735 931 vita
763 869 847 932 caeli
875 879 964 943 sunt,
993 869 1133 950 proinde
1160 870 1194 932 in

116 949 284 1022 beatitudine
297 971 444 1024 aeterna.
489 959 591 1042 Quod
604 967 624 996 “
634 961 807 1044 lachryma
821 983 867 1026 ex
883 962 989 1026 oculis
999 962 1014 987 '⁹
1026 961 1193 1044 significet

114 1045 229 1115 dolorem
255 1055 379 1117 mentis
408 1067 546 1136 propter
572 1054 656 1118 salsa
682 1067 717 1120 et
744 1076 790 1119 ex
819 1054 921 1129 salsis,
948 1066 1000 1119 est
1028 1058 1105 1139 quia
1135 1078 1194 1138 per

114 1143 240 1210 “oculum
248 1148 263 1173 ’⁹
281 1148 488 1230 significatur
507 1148 700 1214 intellectus
719 1152 798 1226 veri,
818 1162 853 1214 et
873 1150 950 1214 inde
968 1150 1195 1232 “lachryma''

111 1233 243 1316 significat
270 1242 423 1306 dolorem
449 1254 589 1325 propter
613 1264 682 1307 non
709 1243 921 1308 intellectum
947 1246 1026 1319 veri,
1051 1245 1191 1326 proinde

109 1344 216 1414 Propter
226 1336 319 1401 t'alsa.
364 1337 479 1401 Simile
491 1359 624 1421 quoque
637 1337 843 1420 significatur
860 1359 919 1420 per
932 1345 951 1371 “
960 1334 1170 1422 lachrymam
1178 1337 1194 1364 ''

108 1429 175 1502 apud
188 1429 336 1507 Esaiam,

144 1561 316 1614 “Absorbebit
325 1575 438 1614 mortem
449 1567 476 1614 in
486 1575 634 1623 aeternum,
644 1576 672 1615 et
683 1567 818 1628 absterget
829 1566 961 1616 Dominus
968 1566 1082 1632 Jehovih
1093 1566 1195 1631 lachry-

206 1645 278 1680 mam
290 1631 406 1693 desuper
417 1632 542 1680 omnibus
554 1631 672 1680 faciebus
680 1631 694 1649 ''
706 1633 778 1692 (xxv.
790 1632 830 1693 8);

104 1773 149 1834 ltr
166 1771 248 1851 quod
272 1769 480 1852 significatur
501 1772 591 1852 quod
621 1771 785 1834 Dominus
809 1792 867 1853 per
889 1771 1075 1835 adventum
1098 1793 1195 1837 suum

104 1870 268 1928 remoturus
287 1867 331 1928 sit
351 1865 441 1928 mala
459 1876 494 1928 et
514 1865 597 1928 salsa
615 1867 704 1947 apud
728 1866 804 1929 illos
823 1867 878 1949 qui
897 1867 1014 1930 vivunt
1034 1887 1079 1930 ex
1103 1867 1193 1947 Ipso,

104 1948 136 2015 iic
160 1970 191 2022 ut
217 1959 329 2023 nullus
357 1960 455 2023 dolor
482 1962 606 2023 mentis
633 1971 771 2042 propter
801 1961 858 2024 illa
884 1971 919 2024 et
946 1983 991 2024 ex
1018 1960 1083 2023 illis
1110 1963 1194 2037 erit;

104 2048 220 2116 ‘mors”
239 2052 407 2135 significat
427 2054 562 2127 malum,
580 2054 656 2135 quia
675 2075 719 2116 ex
739 2054 797 2118 illo
816 2065 868 2118 est
888 2075 978 2117 mors
1001 2055 1192 2135 spiritualis,

104 2159 125 2203 c
146 2154 162 2180 ‘⁴
171 2148 341 2230 lachryma
350 2148 364 2172 ”
381 2149 501 2211 dicitur
521 2149 563 2211 de
586 2148 680 2211 falso.
725 2147 908 2211 Sciendum
931 2158 984 2211 est
1007 2149 1096 2231 quod
1117 2148 1194 2211 “la-

104 2233 292 2323 hrymario”
315 2253 351 2305 et
375 2242 525 2306 “fletus'’
548 2242 740 2324 significent
767 2242 920 2306 dolorem
951 2253 1090 2325 propter
1112 2242 1196 2305 falsa

104 2334 118 2390 t
140 2357 179 2399 ex
195 2336 295 2411 falsis,
313 2337 372 2399 sed
390 2343 409 2368 ‘⁶
420 2336 666 2417 lachrymatio”
683 2336 835 2400 dolorem
851 2338 976 2399 mentis
992 2347 1026 2400 et
1045 2340 1064 2369 ‘⁴
1075 2336 1196 2399 fletus’‘

105 2429 231 2494 olorem
251 2432 362 2495 cordis
381 2441 520 2512 propter
543 2431 620 2507 illa;
643 2431 742 2494 dolor
761 2432 885 2494 mentis
908 2442 960 2494 est
984 2430 1082 2494 dolor
1100 2431 1194 2512 cogi·

104 2525 218 2588 ationis
237 2535 273 2589 et
295 2522 499 2601 intellectus,
518 2545 604 2607 quae
629 2536 706 2589 sunt
726 2527 806 2600 veri,
826 2545 865 2589 ac
889 2524 987 2588 dolor
1008 2526 1119 2588 cordis
1142 2535 1195 2587 est

104 2617 178 2681 olor
199 2617 385 2682 affefflonis
411 2640 470 2682 seu
492 2618 690 2693 voluntatis,
713 2639 800 2700 quae
826 2630 905 2682 sunt
928 2620 1028 2696 boni;
1059 2629 1094 2681 et
1118 2621 1194 2702 quia

104 2702 187 2775 bivis
204 2714 236 2775 in
254 2712 370 2775 Verbo
388 2723 441 2776 est
461 2711 653 2794 conjugium
669 2714 737 2776 veri
756 2723 791 2776 et
810 2713 900 2786 boni,
917 2712 994 2781 ideo
1018 2724 1194 2794 utrumque

104 2820 152 2870 tm
164 2807 310 2871 “fletus'’
322 2827 422 2889 quam
435 2813 454 2839 “
463 2806 635 2888 lachryma
644 2806 658 2830 ”
670 2808 702 2869 in
714 2806 830 2870 Verbo
843 2807 973 2882 dicitur,
985 2809 1121 2889 quando
1133 2829 1196 2870 ex·

104 2896 232 2965 r'imitur
248 2900 345 2965 dolor
362 2912 500 2982 propter
512 2900 595 2964 falsa
612 2898 784 2964 dod'trinae
800 2921 859 2963 seu
875 2901 1056 2982 religionis,
1095 2898 1196 2982 Quod

109 2992 230 3058 fletus’‘
246 2996 289 3059 sit
309 2996 406 3059 dolor
422 2995 532 3059 cordis
551 3006 707 3059 constare
727 3003 841 3077 potest
859 3016 904 3058 ex
921 3016 973 3068 eo,
990 2996 1079 3077 quod
1099 2994 1197 3058 fletus

123 3091 219 3153 corde
237 3087 417 3164 erudietur,
438 3101 473 3153 et
492 3090 525 3152 in
546 3089 696 3153 lamenta
715 3110 773 3171 per
792 3110 830 3152 os
849 3099 1023 3170 erumpat;
1050 3099 1085 3152 et
1104 3089 1195 3170 quod

109 3180 355 3266 lachrymatio”
368 3185 411 3247 sit
428 3183 525 3247 dolor
538 3185 661 3247 mentis
678 3195 834 3247 constare
852 3194 966 3265 potest
982 3204 1026 3246 ex
1040 3203 1092 3258 eo,
1106 3182 1196 3265 quod

104 3295 131 3340 x
158 3281 365 3361 cogitatione
396 3299 456 3360 per
485 3278 601 3340 oculos
629 3287 752 3354 exeat;
784 3278 817 3339 in
846 3288 987 3358 utroque
1015 3285 1086 3340 tam
1114 3275 1195 3338 fletu

104 3390 179 3447 ¹uam
204 3373 472 3453 lachrymatione
503 3373 576 3435 exit
603 3393 701 3455 aqua,
726 3372 786 3434 sed
809 3391 923 3434 amara
949 3381 984 3433 et
1012 3371 1193 3450 stringens,

104 3485 165 3542 ¹uae
191 3470 263 3531 exit
289 3488 348 3549 per
370 3466 533 3529 influxum
557 3488 601 3529 ex
629 3465 792 3547 spirituali
820 3465 946 3527 mundo
977 3466 1009 3527 in
1044 3464 1194 3526 dolorem

104 3563 235 3636 morinis,
250 3563 304 3625 ubi
321 3583 409 3644 aqua
420 3581 535 3623 amara
551 3560 795 3641 correspondet
812 3556 956 3622 deiedtui
973 3559 1040 3620 veri
1058 3569 1196 3639 propter

104 3650 165 3718 alsa
182 3668 216 3719 et
236 3657 313 3719 inde
333 3655 462 3731 dolori;
486 3676 588 3736 quare
607 3655 696 3734 apud
716 3653 791 3716 illos
809 3654 865 3734 qui
888 3654 920 3715 in
940 3653 1026 3714 veris
1045 3661 1123 3713 sunt
1143 3660 1195 3714 est

104 3741 178 3812 lolor
200 3760 338 3832 propter
357 3750 449 3812 falsa.
496 3749 551 3811 Ex
575 3750 626 3811 his
646 3749 749 3810 videri
773 3758 887 3829 potest
911 3747 998 3809 unde
1022 3756 1085 3819 est,
1106 3745 1194 3827 quod

104 3854 120 3897 2
141 3841 263 3919 Verbo,
288 3846 342 3907 ubi
366 3845 487 3906 dicitur
511 3843 736 3924 “lachryma’'
760 3843 862 3905 etiam
887 3841 1017 3903 dicatur
1041 3830 1196 3912 “fletus'’

108 3939 172 4000 uod
189 3960 309 4022 nempe
329 3949 468 4020 propter
484 3937 675 4018 conjugium
695 3937 773 3999 boni
793 3945 827 3998 et
844 3936 912 3997 veri
932 3936 964 3996 in
983 3933 1123 4014 singulis
1142 3933 1185 3995 ibi

104 4041 121 4082 n
138 4032 429 4096 confirmationem
442 4032 543 4094 velim
560 4031 739 4113 sequentia
756 4029 830 4092 loca
846 4027 948 4090 modo
963 4027 1132 4089 adducere
1145 4047 1196 4088 :-

104 4127 187 4197 »pud
204 4126 357 4200 Esaiam,

131 4255 156 4278 ⁸⁴
166 4258 270 4309 Deflebo
280 4259 343 4309 fletu
353 4259 499 4323 Jaeserem,
511 4259 593 4308 vitem
605 4259 728 4318 Sibmae;
746 4256 839 4320 rigabo
849 4265 874 4305 te
884 4254 1021 4318 lachryme
1033 4268 1101 4312 mea,
1113 4252 1197 4302 Ches-

212 4328 264 4374 bon
278 4335 305 4374 et
319 4325 428 4374 Eleale”
440 4326 503 4385 (xvi.
516 4324 558 4387 9);

104 4435 176 4498 >ud
191 4439 385 4514 Jererm'am,
