2684 4988
464 1187 741 1285 CAPUT
791 1187 897 1293 VI.

260 1740 302 1797 et
322 1721 450 1796 audivi
471 1747 584 1795 unum
610 1747 659 1794 cx
684 1718 1088 1819 quatuor'animalibus,
1106 1720 1233 1795 dicens

263 1855 442 1933 tanquam
461 1861 553 1909 voce
572 1836 732 1919 tonitrui,
750 1826 848 1915 Veni
865 1851 904 1909 et
921 1834 1052 1931 aspice.

164 1978 197 2025 2.
236 1953 284 2025 Et
297 1952 386 2033 vidi,
400 1967 440 2023 ct
456 1976 543 2024 ecce
558 1976 677 2046 equus
694 1949 817 2034 albus余
844 1966 883 2024 et
899 1950 1035 2022 sedens
1052 1974 1162 2046 super
1174 1948 1233 2024 illo

107 2068 253 2140 habens
269 2092 407 2149 arcum,
422 2082 461 2140 et
474 2066 560 2139 data
575 2067 610 2139 ci
628 2091 775 2149 corona,
790 2081 828 2140 et
845 2065 958 2139 exivit
972 2065 1122 2139 vincens
1140 2081 1178 2139 et
1194 2081 1234 2139 ut

106 2183 286 2255 vinceret

160 2321 196 2389 3.
235 2296 286 2367 Et
317 2322 401 2369 cum
435 2295 639 2391 aperuisset
673 2295 874 2368 secundum
908 2292 1074 2392 sigillum,
1109 2294 1232 2368 audivi

104 2411 315 2484 secundum
333 2408 467 2482 animal
485 2409 619 2491 dicens,
639 2409 736 2481 Veni
754 2424 793 2481 et
809 2408 942 2505 aspice.

158 2550 196 2615 4.
235 2524 284 2596 Et
301 2525 415 2597 exivit
432 2524 523 2596 alius
541 2550 659 2619 equus
676 2523 793 2605 rufus余
821 2539 859 2596 et
879 2523 1022 2596 sedenti
1041 2548 1152 2619 super
1170 2521 1231 2596 illo

104 2640 238 2712 datum
251 2639 284 2711 ei
299 2638 426 2711 tollere
440 2663 569 2734 pacem
586 2637 635 2710 de
653 2655 758 2719 terra,
770 2653 811 2710 ut
827 2636 886 2711 alii
899 2636 988 2710 alios
1002 2637 1228 2721 occiderent余

104 2771 145 2826 et
163 2753 256 2825 data
273 2753 307 2824 ei
327 2751 519 2824 machaera
537 2777 680 2848 magna.

160 2870 197 2938 5.
237 2867 284 2938 Et
296 2892 378 2939 cum
392 2850 595 2963 apemisset
605 2866 752 2938 tertium
767 2865 933 2963 sigillum,
945 2866 1068 2939 audivi
1081 2865 1229 2940 tertium

106 2980 250 3054 anima]
276 2981 413 3061 dicens,
433 2981 529 3054 Veni
556 2996 593 3054 et
616 2981 757 3076 aspice:
785 2996 823 3052 et
844 2981 926 3062 vidi,
945 2996 983 3053 et
1003 3007 1088 3053 ecce
1112 3007 1229 3077 equus

107 3097 238 3193 niger余
266 3111 305 3167 et
329 3096 464 3168 sedens
490 3120 601 3191 super
618 3093 678 3166 illo
704 3094 845 3167 habens
863 3111 1035 3168 stateram
1055 3096 1090 3168 in
1118 3120 1229 3170 manu

104 3236 185 3282 sua

159 3329 196 3394 6.
235 3323 284 3394 Et
314 3322 435 3395 audivi
462 3348 592 3396 vocem
624 3323 659 3396 in
687 3323 811 3396 medio
837 3339 994 3418 quatuor
1022 3323 1228 3398 animalium

104 3430 309 3517 dicentem,
342 3436 510 3510 Choenix
541 3436 644 3510 tritici
674 3437 836 3520 denario,
867 3454 905 3511 et
935 3454 1008 3511 tres
1038 3438 1230 3511 choenices

104 3551 241 3625 hordei
259 3550 419 3631 denario,
438 3566 476 3623 et
493 3549 615 3623 oleum
634 3567 673 3623 et
690 3551 816 3624 vinum
836 3577 882 3624 ne
901 3551 1059 3625 laeseris.

161 3686 195 3755 7.
234 3665 283 3736 Et
296 3690 377 3737 cum
389 3665 592 3760 aperuisset
605 3664 760 3763 sigillum
771 3682 952 3761 quartum,
964 3667 1087 3739 audivi
1099 3691 1229 3738 vocem
1308 3741 1312 3748 ,

106 3780 232 3876 quarti
251 3779 415 3852 animalis
432 3779 625 3862 dicentem,
646 3780 743 3853 Veni
762 3796 799 3852 et
817 3781 949 3875 aspice.

163 3897 196 3965 8.
236 3894 282 3965 Et
301 3893 384 3974 vidi,
402 3909 440 3966 et
461 3918 547 3967 ecce
568 3918 685 3990 equus
712 3892 876 3990 pallidus,
898 3910 936 3967 et
962 3894 1096 3965 sedens
1118 3918 1231 3988 super

109 4007 181 4087 sslo,
205 4032 340 4080 nomen
367 4006 413 4079 illi
437 4032 544 4089 mors,
562 4024 600 4080 et
626 4007 787 4081 insernus
808 3989 1035 4103 'sequebatur
1055 4034 1137 4080 cum
1160 4005 1229 4087 illo,

109 4138 151 4195 et
167 4122 253 4195 data
266 4121 331 4194 illis
342 4138 511 4219 potestas
525 4121 761 4196 interficiendi
775 4148 885 4218 super
902 4138 1069 4217 quartam
1088 4137 1229 4217 partem

110 4251 231 4308 terrae
249 4235 283 4308 in
301 4235 508 4332 romphaea
525 4252 563 4309 et
583 4237 619 4309 in
638 4235 734 4310 same
752 4252 791 4308 ct
813 4236 849 4309 in
868 4251 985 4307 morte
1006 4253 1044 4307 et
1064 4261 1086 4308 a
1103 4235 1230 4308 bestiis

111 4366 243 4422 terrae.

164 4487 197 4554 9.
233 4452 382 4540 Etcum
404 4464 609 4561 aperuisset
628 4466 796 4563 quintum
816 4462 985 4562 sigillum,
1008 4463 1081 4535 vidi
1103 4462 1228 4535 subter

102 1611 263 1882 ET
282 1610 366 1682 vidi
386 1634 470 1682 cum
488 1608 690 1705 aperuisset
707 1576 1014 1717 Agnuszppimum
1031 1632 1080 1681 ex
1097 1605 1235 1704 sigillis.
