2684 4988
117 103 198 186 1176
423 112 674 166 arocnnvns1s
696 111 923 163 axrucnrn.

114 298 150 352 et
169 287 260 363 alibi,

169 385 391 513 Ραῑοςὶὲὃιιίηἰῇ
400 395 519 514 tua)mea
528 394 601 445 sunt,
614 394 642 434 et
653 383 747 434 omnia
758 398 819 434 mee
830 392 885 442 tm,
899 382 949 433 ted
960 380 1119 446 glorificetur
1129 393 1186 434 um
1193 387 1218 438 ἡ

243 466 252 501 ι
338 467 401 501 xvu.
415 465 446 501 ro
464 469 470 503 :

113 576 177 638 hoc
194 574 302 639 simile
317 584 370 638 est
387 593 464 638 cum
480 595 522 638 eo
537 574 629 658 quod
646 569 891 654 supradictum
907 581 974 644 est,
991 571 1070 637 “Ut
1085 570 1162 634 salus
1173 574 1205 637 sit

114 665 190 728 Deo
198 666 214 688 ”
230 683 349 740 (videatur
359 695 473 740 supmn.
483 666 579 745 460):
603 686 709 748 quare
723 664 814 746 apud
833 664 997 747 antiquos
1012 663 1144 725 solenne
1156 661 1200 726 fuit

113 759 224 821 dicere
249 755 483 821 “Benedictus
506 758 628 832 Deus,”
651 778 690 821 ac
716 753 944 820 “Benedictio
968 757 1012 819 sit
1037 755 1131 829 Deo,”
1147 765 1197 819 tum

114 851 258 915 “Gloria
276 864 311 915 et
330 854 496 933 sapientia
514 853 558 915 sit
582 851 658 915 Deo
669 851 695 928 ;”
718 871 777 933 per
795 851 886 933 quod
908 871 978 914 non
997 848 1195 930 intelligebant

113 946 203 1026 quod
227 947 295 1026 lpsi
314 948 357 1008 sit
377 943 579 1020 benedictio,
599 945 708 1028 gloria
726 955 762 1009 et
780 946 959 1025 sapientia,
979 945 1127 1028 quoniam
1142 942 1193 1023 lpse

113 1051 164 1101 est
184 1061 204 1102 a
222 1061 288 1123 quo
307 1043 417 1102 omnis
439 1037 642 1114 benedictio,
661 1039 771 1120 gloria
789 1051 825 1103 et
844 1040 1032 1120 sapientia;
1054 1037 1108 1100 sed
1123 1033 1193 1098 intel·

113 1132 265 1214 ligebant
285 1145 322 1196 ut
340 1134 400 1197 illa
415 1135 483 1197 sint
502 1135 546 1197 ab
562 1135 643 1215 lpso
658 1135 747 1214 apud
767 1153 905 1197 omnes:
930 1135 980 1195 ita
999 1131 1192 1214 loquebantur,

113 1239 149 1288 ut
163 1227 220 1288 illa
233 1228 295 1291 soli
313 1228 387 1291 Deo
400 1240 544 1310 accepta
559 1228 695 1303 ferrent,
709 1238 744 1292 et
761 1227 842 1291 nihil
858 1228 931 1301 sibi,
945 1247 985 1290 ac
1003 1239 1040 1290 ut
1055 1227 1097 1288 sic
1111 1225 1192 1306 loque·

114 1332 228 1383 rentur
247 1343 267 1384 a
286 1323 409 1386 Divino
427 1335 464 1386 et
483 1342 551 1386 non
570 1344 590 1385 a
609 1332 728 1386 semet.

172 1415 278 1495 4⁶6.
306 1413 364 1476 ‘fr
373 1415 549 1496 gratiarum
561 1415 643 1477 octr'o
657 1420 691 1477 ot
704 1412 977 1494 honor.''—Quod
992 1411 1146 1495 significet
1156 1407 1194 1470 loc

113 1526 135 1566 α
149 1503 273 1568 Ηίυἰηο
287 1506 377 1568 Bono
390 1507 480 1588 quod
489 1506 640 1587 procedit
654 1528 676 1569 a
691 1505 841 1580 Domino,
855 1506 889 1568 in
905 1505 1015 1568 trr'bus
1029 1503 1128 1577 caelis,
1139 1518 1193 1565 con·

114 1609 184 1662 stat
211 1621 256 1662 ex
283 1621 335 1673 eo,
359 1601 451 1683 quod
478 1603 564 1664 sicut
589 1597 823 1674 “benedictio
847 1599 956 1682 gloria
982 1609 1018 1663 et
1045 1588 1194 1680 sapientia''

114 1693 270 1757 dicuntur
285 1695 328 1758 de
347 1696 542 1776 receptione
563 1695 675 1757 Divini
693 1693 785 1769 Veri,
801 1695 850 1758 ita
867 1695 1079 1776 “gratiarum
1092 1689 1162 1756 auro
1171 1693 1194 1749 et

115 1787 246 1851 honor’'
263 1789 418 1852 dicantur
433 1790 475 1852 de
491 1791 687 1870 receptione
704 1789 816 1851 Divini
835 1789 920 1853 Boni
935 1810 943 1865 ;
967 1797 1047 1852 sunt
1061 1788 1139 1851 enim
1150 1783 1195 1845 duo

115 1903 199 1964 quae
219 1886 407 1964 procedunt
425 1905 445 1947 a
465 1883 624 1958 Domino,
641 1905 685 1947 ex
702 1884 821 1966 quibus
839 1884 954 1946 omnia
972 1885 1007 1946 in
1026 1882 1120 1946 caelis
1134 1875 1194 1942 etin

115 1979 223 2049 terris,
245 1999 366 2060 nempe
390 1978 548 2041 Divinum
570 1978 697 2041 Verum
716 1998 755 2041 ac
780 1977 939 2041 Divinum
964 1977 1110 2055 Bonum;
1130 1970 1194 2038 Divi·

115 2091 194 2134 num
211 2071 338 2136 Verum
356 2084 409 2135 est
428 2094 473 2136 ex
489 2093 556 2155 quo
571 2075 681 2135 omnis
699 2071 927 2154 intelligentia
945 2081 981 2136 et
1000 2069 1194 2153 sapientiaest

115 2167 204 2246 apud
227 2167 370 2248 angelos
393 2177 428 2230 et
452 2167 616 2240 homines,
636 2186 675 2229 ae
700 2167 859 2229 Divinum
879 2165 1012 2229 Bonum
1031 2176 1083 2230 est
1099 2184 1137 2228 ex
1150 2176 1195 2244 quo

115 2262 223 2323 omnis
236 2262 384 2324 charitas
399 2272 433 2324 et
450 2279 544 2324 amor
556 2260 645 2341 apud
660 2260 755 2324 illos:
780 2258 838 2324 illa
850 2261 917 2324 duo
934 2261 1029 2324 unita
1045 2257 1194 2341 procedunt

114 2376 133 2416 a
150 2355 309 2428 Domino,
323 2357 370 2418 ita
387 2365 423 2419 ut
440 2357 472 2416 in
489 2356 561 2436 ipsa
573 2356 702 2436 origine
714 2357 781 2418 sint
795 2375 917 2432 unum;
941 2367 977 2419 at
990 2356 1078 2436 apud
1088 2347 1195 2434 angelos

114 2462 149 2514 et
166 2452 331 2527 homines,
345 2453 400 2533 qui
417 2452 591 2532 recipiunt,
610 2462 687 2513 sunt
704 2450 782 2525 duo,
799 2472 844 2514 ex
860 2471 963 2514 causa
978 2452 1055 2534 quia
1071 2459 1138 2513 sunt
1150 2445 1195 2520 duo

114 2545 330 2626 receptacula
352 2547 442 2608 vitae
466 2545 554 2626 apud
578 2544 664 2619 illos,
685 2542 770 2627 quae
793 2556 959 2609 vocantur
983 2541 1157 2609 intellectus
1171 2543 1195 2598 el

114 2640 281 2703 voluntas.
327 2636 527 2702 Intellettus
543 2650 596 2701 est
612 2639 863 2721 receptaculum
880 2639 995 2703 Divini
1012 2639 1101 2714 Veri,
1111 2657 1144 2701 ac
1154 2650 1195 2693 vo·

115 2734 228 2796 luntas
241 2733 491 2814 receptaculum
506 2733 617 2795 Divini
631 2733 715 2796 Boni
728 2755 736 2810 ;
755 2755 814 2796 seu
824 2734 915 2817 quod
926 2735 1029 2810 idem,
1039 2724 1195 2798 intellettu

114 2828 364 2908 receptaculum
385 2829 569 2909 sapientiae
588 2848 608 2890 a
628 2828 786 2902 Domino,
803 2840 838 2891 et
857 2828 1017 2893 voluntas
1035 2835 1195 2908 receptatu-

115 2923 183 2985 lum
197 2925 319 2985 amoris
332 2944 351 2984 a
364 2923 512 2985 Domino
524 2943 532 2999 ;
551 2934 586 2985 at
599 2934 762 3005 quantum
775 2922 831 2986 illa
844 2924 922 2998 duo,
935 2923 1093 2986 Divinum
1101 2919 1195 2984 Verum

114 3039 152 3080 ac
178 3019 334 3080 Divinum
359 3015 502 3089 Bonum,
521 3027 556 3079 et
580 3017 657 3079 inde
675 3014 869 3080 intellectus
887 3027 923 3081 et
942 3017 1107 3090 voluntas,
1124 3021 1194 3076 unum

113 3124 191 3177 sunt
208 3113 296 3193 apud
313 3111 456 3192 angelos
471 3123 506 3174 et
524 3112 687 3186 homines,
705 3121 837 3175 tantum
854 3113 888 3174 in
904 3110 1132 3194 conjunctione
1144 3115 1195 3170 cum

114 3207 262 3270 Domino
278 3219 375 3284 sunt;
400 3217 435 3269 et
452 3218 614 3289 quantum
632 3226 700 3269 non
717 3227 818 3269 unum
838 3218 927 3279 sunt,
946 3218 1079 3271 tantum
1095 3204 1136 3269 illi
1149 3210 1195 3264 non

57 3325 60 3330 ¹
113 3303 145 3363 iu
166 3299 400 3382 conjunctione
419 3312 508 3365 sunt.
555 3299 724 3381 Quoniam
744 3301 895 3365 Verbum
913 3301 1033 3366 datum
1053 3312 1101 3366 est
1116 3288 1194 3362 homi·

113 3397 209 3457 uibus
229 3406 265 3458 ut
289 3415 347 3475 per
367 3396 399 3458 id
422 3397 467 3459 sit
486 3392 676 3476 conjunctio
696 3395 833 3458 Domini
856 3416 933 3460 cum
952 3396 1083 3479 angelis
1098 3405 1128 3458 et
1143 3399 1194 3452 cum

113 3489 314 3562 hominibus,
334 3491 410 3552 ideo
433 3491 466 3552 in
487 3489 547 3553 illo
566 3491 671 3552 ubivis
694 3488 910 3571 conjunctum
933 3502 987 3555 est
1006 3509 1115 3555 verum
1131 3487 1194 3549 b0n⁰

111 3593 146 3644 et
171 3583 295 3645 bonum
315 3605 415 3661 ver0;
442 3597 520 3646 sunt
540 3585 640 3658 enim,
660 3585 820 3665 imprimis
843 3586 877 3647 in
898 3585 1110 3667 propheticis,
1125 3580 1194 3644 binae

112 3680 359 3757 expressiones,
379 3699 519 3761 quarum
538 3698 605 3742 una
623 3699 659 3742 se
678 3679 779 3742 refert
797 3680 841 3742 ad
862 3680 1022 3743 Divinum
1042 3668 1193 3742 Verum.et

110 3771 219 3834 altera
236 3773 279 3834 ad
305 3774 464 3836 Divinum
488 3774 639 3837 Bonum:
664 3774 724 3836 sed
747 3774 831 3837 haec
850 3772 1045 3856 conjunctio
1064 3775 1094 3837 in
1109 3760 1193 3833 verbo

110 3886 177 3928 non
201 3878 343 3947 apparet
366 3867 439 3930 aliis
461 3889 562 3950 quam
585 3869 717 3951 angelis
742 3869 776 3931 in
799 3868 906 3943 caelo,
927 3889 968 3933 ac
992 3868 1057 3933 illis
1081 3867 1110 3930 in
1132 3867 1193 3926 tem

109 3962 227 4042 quibus
244 3963 360 4024 datum
381 3974 432 4025 est
452 3964 496 4026 ibi
513 3963 626 4026 videre
643 3983 778 4027 sensum
795 3962 1026 4045 spiritualem;
1048 3970 1118 4026 sunt
1131 3948 1192 4020 enlm

108 4076 209 4118 voces
233 4078 318 4139 quae
341 4057 497 4122 dicuntur
520 4058 562 4121 de
589 4079 671 4122 vero
697 4068 733 4123 et
755 4079 842 4142 quae
869 4058 1029 4123 dicuntur
1049 4059 1090 4122 de
1112 4053 1192 4118 boss⁰i
