2684 4988
107 475 171 555 758
418 482 668 535 APOCALYPSIS
690 482 916 533 EXPLICATA.

159 653 259 704 “Dixit
272 654 358 703 David
370 653 405 703 ad
417 653 600 711 Abischaium,
615 651 657 702 Ne
669 652 750 714 perde
762 666 833 707 eum.
848 666 910 701 nant
923 651 983 715 quis
999 650 1106 701 miserit
1118 667 1225 702 mutum

238 720 265 768 in
279 717 388 768 uniium
400 718 528 783 Jehovae,
542 729 569 767 et
581 719 712 767 innocens
724 717 791 768 sitr'
804 718 886 777 (xxvi.
900 717 937 779 9.)

107 854 148 919 In
166 853 269 919 Libro
287 851 432 918 Secundo
452 851 626 927 Samuelis,

157 978 232 1028 Dixit
245 976 332 1026 David
341 976 375 1025 ad
387 976 461 1024 illum
474 976 518 1038 qui
528 975 594 1024 dixit
603 989 633 1023 se
645 975 775 1023 occidisse
787 974 902 1032 Saulem,
919 974 1062 1036 “Sanguis
1075 984 1138 1024 tuus
1150 989 1228 1038 super

238 1043 324 1104 eapite
337 1053 391 1099 tuo,
403 1041 465 1104 quia
476 1040 575 1098 dixisti,
587 1039 679 1089 Occidi
691 1037 801 1089 unitum
811 1037 952 1104 Jehoi·ae’'
965 1040 993 1099 (i.
1007 1040 1064 1100 16);

107 1166 143 1221 et
161 1156 253 1229 alibi,

160 1270 259 1319 “Dixit
269 1269 419 1326 Abischsi„
430 1267 529 1318 ..Num
540 1278 649 1330 propter
658 1269 709 1316 hoc
721 1282 775 1317 non
786 1269 920 1317 occidetur
929 1267 1056 1325 Schimei,
1067 1269 1140 1331 quod
1150 1268 1227 1317 maie-

238 1335 305 1384 dixit
314 1332 396 1410 undio
404 1334 539 1411 thovne?
547 1333 560 1352 '¹
569 1334 631 1409 (xiii.
641 1330 726 1446 ”Aa
735 1335 771 1382 A.
781 1330 846 1397 21].)
864 1333 953 1410 (Qnod
962 1333 1079 1383 Schimei
1088 1335 1150 1382 ideo
1157 1335 1227 1383 Salo-

238 1400 326 1449 monis
337 1414 414 1462 Jussu
426 1395 583 1474 interiestus
592 1408 635 1457 stt,
650 1413 676 1446 vt
696 1394 821 1446 eatur1¹11
835 1399 935 1462 Reg.1i.
948 1399 979 1459 3⁶
989 1398 1023 1447 ad
1033 1399 1140 1460 finem.)

170 1547 257 1631 (vii.)
290 1546 387 1624 Quod
403 1569 466 1610 usu
483 1518 648 1610 cammum'
664 1557 828 1627 receptam
840 1548 956 1626 suerit
972 1557 1077 1610 semet
1092 1559 1125 1610 et
1143 1549 1227 1612 alios

109 1661 231 1722 ungere
252 1640 301 1702 ad
323 1639 564 1722 testificandum
586 1639 693 1701 am'mi
715 1639 879 1729 laetitiam
900 1660 940 1701 ac
961 1638 1224 1714 benevolentiam,

109 1741 247 1800 constat
263 1755 283 1798 a
302 1734 521 1817 sequentibus
540 1734 592 1796 his
608 1733 692 1796 locis
704 1733 862 1816 :—Apud
880 1733 998 1808 Amos,

161 1876 238 1942 “Qui
255 1878 350 1926 bibunt
367 1890 400 1926 ex
417 1877 525 1941 scyphis
541 1876 605 1932 vini.
625 1885 652 1925 et
669 1890 703 1925 ex
720 1877 844 1938 primitiis
861 1877 981 1925 oleorum
999 1891 1030 1927 se
1047 1888 1164 1940 ungunt.
1183 1878 1228 1928 sed

239 1957 320 2005 super
331 1940 514 1992 contradiione
525 1941 637 2006 Josephi
650 1956 704 1990 non
716 1942 867 1990 adiciuntur
878 1941 992 1990 dolore’¹
1005 1943 1053 2004 (vi.
1065 1945 1107 2004 6):

109 2067 199 2151 apud
218 2065 376 2142 Miclzam,

291 2181 309 2203 “
317 2176 441 2229 calcabis
452 2179 561 2238 olivam,
576 2179 623 2228 sed
636 2194 690 2228 non
703 2193 789 2241 unges
803 2187 829 2228 te
841 2179 901 2228 oleo
909 2177 923 2198 ’⁸
935 2179 981 2241 (vi.
995 2178 1052 2241 15);

111 2327 173 2391 pro
192 2326 260 2370 non
279 2305 471 2369 laetaberis.
518 2304 621 2387 Apud
640 2303 766 2379 Mosen,

161 2430 269 2481 “otene
280 2439 358 2507 εἷμαι
372 2429 419 2554 {ibi
437 2429 464 2478 in
476 2428 551 2477 omni
565 2428 680 2479 termino
692 2437 748 2486 tuo,
762 2427 810 2478 sed
822 2427 884 2477 oleo
899 2441 953 2477 non
966 2441 1053 2491 unges
1063 2427 1112 2477 te”
1124 2425 1225 2485 (Deum

240 2507 401 2554 κκνιιηος

111 2618 276 2682 similiter.
322 2617 426 2700 Apud
444 2615 598 2693 Esaiam,

161 2742 230 2790 “Ad
242 2741 359 2790 dandum
371 2741 424 2790 illis
436 2741 546 2791 cidarim
558 2752 607 2804 pro
618 2741 715 2799 cinere,
729 2740 819 2790 oleum
827 2740 917 2804 gaudii
930 2754 978 2818 pto
991 2736 1089 2791 iniit?
1100 2739 1157 2803 (lxi.
1169 2741 1208 2802 3):

109 2874 200 2958 apud
218 2874 393 2949 Davidem,
673 2930 676 2958 Ι

67 3018 70 3025 -
162 2989 179 3011 “
188 2987 273 3102 omi?
289 2996 327 3117 εἶ)
338 3024 344 3038 .
354 3024 361 3038 .
371 2987 457 3038 ,Deus
470 2996 530 3036 tuus
543 2986 604 3036 oleo
621 2987 738 3036 laetitiae
750 3001 813 3050 prae
825 2988 904 3036 sociis
923 2987 976 3037 tuis
983 2985 998 3007 ’⁹
1010 2986 1066 3049 (Ps.
1081 2987 1136 3037 xiv.
1151 2988 1166 3037 8
1181 2984 1225 3053 [B.

269 3065 302 3112 .7
335 3069 341 3103 :

109 3167 199 3251 apud
219 3167 375 3242 eundem,

161 3283 179 3306 ‘⁸
187 3281 322 3409 Exaggtbis
332 3282 401 3359 sicut
410 3281 589 3411 nffinojerotlis
602 3295 687 3330 cornu
698 3295 797 3339 meum,
809 3293 1001 3330 consenescant
1013 3279 1041 3328 in
1054 3279 1116 3329 oleo
1129 3277 1227 3329 viridi”

274 3359 410 3397 s.xcu.11
465 3383 471 3395 .
510 3358 561 3395 ,ιο
593 3361 598 3396 :

110 3464 199 3546 apud
219 3462 375 3537 eundem,

161 3574 423 3703 “Vinssgtlwificat
440 3589 486 3623 cor
497 3574 623 3633 hominis.
638 3574 672 3623 ad
689 3573 892 3623 exhilarandum
910 3572 992 3622 iacies
1009 3571 1093 3622 oleo”
1106 3573 1163 3635 (Ps.
1177 3573 1226 3622 civ.

110 3757 200 3839 apud
218 3755 352 3832 Lucam,

157 3867 238 3934 Jesus
249 3869 284 3919 ad
296 3869 443 3926 Simonem,
460 3870 477 3892 ‘⁸
486 3867 628 3932 Ingressus
641 3883 701 3919 sum
713 3867 740 3917 in
752 3868 863 3917 domum
876 3878 948 3917 tuam
951 3904 1021 3926 .....
1026 3876 1054 3917 et
1071 3868 1134 3917 oleo
1151 3877 1232 3932 caput

241 3949 330 3983 meum
349 3949 404 3983 non
422 3935 537 3993 unxisti;
554 3936 620 3984 haec
632 3948 697 3984 vero
715 3942 853 3996 unguento
867 3933 943 3982 unxit
961 3933 1043 3995 pedes
1061 3933 1161 3983 ιιιεοεΗ
1173 3934 1228 3997 (vii.

242 3994 309 4064 [aa]
322 4000 373 4061 4⁶)·

110 4123 214 4206 Apud
233 4122 452 4199 Mamaeum,

162 4240 179 4262 '⁸
187 4237 229 4288 Tu
241 4238 348 4303 quando
357 4237 471 4301 jejunas,
484 4253 554 4302 unge
564 4248 642 4302 caput
651 4248 735 4296 tuum,
748 4248 774 4288 et
786 4238 881 4292 faciem
891 4246 963 4286 tunm
973 4236 1042 4291 lava.
1054 4250 1089 4286 ne
1098 4248 1258 4301 apparens

240 4304 394 4352 hominibus
406 4303 528 4367 jejunare
536 4304 549 4324 ’¹
562 4304 606 4366 (vi.
619 4300 751 4369 17[,18]):

112 4443 310 4527 “jejunare’'
329 4444 497 4527 significat
522 4445 648 4528 lugere,
670 4448 828 4529 quoniam
848 4448 881 4509 in
905 4442 995 4509 ludin
1014 4443 1258 4526 jejunabant.
