2684 4988
338 489 419 540 cns.
435 489 494 551 v1.,
511 490 614 540 vans.
636 492 762 559 17.-N.
777 478 904 563 413[b].
1116 500 1184 566 999

104 661 215 723 stendit
232 661 266 722 in
282 659 434 738 caelum;
457 680 524 743 quo
540 680 614 724 cum
628 662 731 738 venit,
745 662 822 745 quia
838 681 906 726 non
923 664 1067 727 sustinet
1084 664 1181 728 Divi·

104 771 151 816 tum
171 753 300 816 Bonum
323 774 362 818 ac
387 755 546 818 Divinum
569 754 697 818 Verum
716 757 807 839 quod
829 757 885 830 ibi,
905 758 1021 838 incipit
1044 760 1124 839 angi
1146 769 1182 822 et

104 853 219 930 rusiaci,
248 874 350 936 usque
373 853 459 917 adeo
482 863 519 917 ut
542 875 579 917 se
601 874 733 918 summo
757 854 831 919 nisu
853 853 988 936 dejiciat
1011 856 1181 932 deorsun'i,

105 967 134 1011 ec
156 949 302 1030 quiescat
332 947 422 1029 prius
451 967 553 1031 quarn
582 948 616 1011 in
645 948 775 1012 inferno
803 949 1091 1031 correspondente
1121 971 1183 1014 suo

104 1041 166 1105 ulo.

131 1130 190 1217 [b]
219 1128 277 1197 Ex
295 1131 360 1199 bac
376 1136 580 1217 apparentia
595 1144 660 1210 est,
677 1143 751 1198 tum
766 1155 812 1198 ex
830 1155 871 1198 ea
886 1135 978 1219 quod
997 1137 1182 1218 puniantur

104 1245 146 1288 um
162 1226 287 1290 faciunt
306 1225 407 1302 mala,
422 1227 513 1309 quod
532 1228 565 1289 in
582 1226 699 1290 Verbo
717 1229 820 1290 toties
839 1229 1005 1291 tribuatur
1019 1228 1180 1308 Jehovae,

104 1339 133 1383 oc
142 1332 202 1394 est,
215 1321 373 1396 Domino,
385 1322 584 1403 indignatio,
597 1323 655 1397 ira,
666 1318 965 1396 excandescentia,
977 1324 1080 1386 immo
1094 1322 1184 1387 luror

104 1413 281 1478 tvinditta:
306 1410 367 1479 sed
389 1417 502 1479 omnia
524 1415 581 1479 illa
604 1417 679 1479 loca
700 1415 816 1479 afferre
836 1417 890 1478 ubi
914 1415 971 1478 illa
992 1417 1183 1480 tribuuntur

104 1508 221 1583 elovae,
232 1510 296 1572 hoc
309 1521 374 1584 est,
388 1503 546 1584 Domino,
561 1521 699 1591 propter
711 1511 844 1591 copiam
857 1509 910 1573 hic
924 1510 1181 1591 supersedetur3

104 1602 172 1667 >lum
187 1604 297 1687 aliqua
313 1602 495 1668 afferentur
510 1605 564 1667 ubi
582 1604 736 1668 ultimum
749 1605 909 1685 judicium
926 1616 1067 1668 vocatur
1081 1611 1099 1636 ‘⁴
1109 1606 1182 1669 dies

104 1697 334 1779 dignationis,”
358 1706 377 1731 ‘⁴
388 1698 485 1774 irae,”
510 1696 873 1762 “excandescentiae''
896 1710 931 1761 et
957 1697 1182 1763 “vinditiae”

104 1791 208 1855 eborae
227 1802 263 1856 ot
283 1793 347 1855 Dei
358 1815 366 1870 ;
391 1803 427 1856 ut
446 1795 479 1855 in
498 1793 717 1875 sequentibus
729 1792 886 1874 :-Apud
904 1792 1056 1868 Esaiam,

121 1939 135 1960 ‘¹
144 1935 207 1986 liece
220 1938 281 1988 dies
293 1936 414 2002 Jehouae
427 1938 501 1987 venit
515 1938 639 1996 cmdelis,
655 1949 682 1986 et
696 1938 889 2000 indignationis
904 1949 930 1988 et
944 1938 1182 1988 excandescentiae
1207 1937 1210 1942 ’

191 2002 254 2061 irae,
268 2003 304 2052 ad
316 2003 471 2066 ponendum
484 2013 582 2052 terram
595 2003 623 2052 in
635 2003 798 2060 vastitatem,
812 2013 839 2052 et
851 2015 1005 2065 peccatores
1017 2005 1075 2065 ejus
1088 2005 1182 2066 perdat

191 2083 224 2117 ex
240 2084 281 2117 ea
314 2068 486 2117 ....Caelum
505 2069 691 2126 commovebo,
705 2068 872 2117 concutietur
889 2079 960 2118 terra
976 2084 991 2117 e
1009 2069 1069 2118 loco
1086 2084 1136 2118 suo
1154 2070 1181 2118 in

191 2134 376 2196 indignatione
396 2132 516 2197 jehovae
538 2131 691 2199 [Zebaoth],
711 2145 738 2182 et
758 2134 785 2182 in
806 2134 849 2183 die
869 2135 1106 2183 excandescentiae
1127 2136 1181 2184 irae

192 2197 280 2261 ipsius
288 2198 303 2217 ”
315 2199 380 2260 (xiii.
392 2212 416 2261 9,
430 2203 486 2260 ml:

104 2335 155 2391 η’·
163 2331 249 2393 diem
262 2330 435 2393 crudelem
447 2340 482 2394 et
495 2331 803 2394 excandescentiae
816 2332 884 2395 irae
895 2332 1044 2412 Jehovae
1053 2332 1067 2355 ”
1079 2333 1180 2396 intel·

104 2424 177 2504 gitur
186 2425 340 2488 ultimum
350 2424 510 2505 judicium
523 2446 530 2503 ;
554 2436 590 2488 et
600 2426 677 2506 quia
687 2424 812 2487 malurn
826 2435 878 2489 est
889 2427 979 2508 quod
991 2427 1180 2490 excandes-

104 2528 160 2582 tet
173 2519 294 2582 salsum
306 2520 396 2600 quod
412 2518 575 2593 irascitur,
589 2519 666 2582 ideo
678 2519 800 2582 dicitur
814 2525 833 2551 “
842 2520 913 2582 dies
926 2522 1180 2583 excandescen-

104 2628 134 2676 ue
155 2615 221 2677 irae
232 2613 259 2676 :”
289 2634 348 2694 per
372 2613 553 2676 “terram’'
576 2634 661 2696 quae
689 2625 834 2693 ponetur
859 2615 892 2677 in
920 2616 1118 2677 vastitatem
1146 2627 1181 2679 et

104 2727 147 2772 lae
158 2709 373 2772 concutietur
387 2729 406 2770 e
423 2707 500 2770 loco
511 2728 582 2782 suo,
595 2707 796 2789 intelligitur
808 2718 898 2770 terra
910 2729 995 2790 quae
1007 2710 1040 2771 in
1055 2710 1181 2771 mundo

104 2803 232 2879 irituali,
253 2822 333 2866 nam
355 2802 400 2864 ibi
423 2822 529 2885 aeque
553 2813 662 2865 terrae
685 2812 764 2864 sunt
788 2812 825 2864 ut
848 2803 880 2864 in
901 2813 1017 2865 nostra
1038 2803 1180 2881 tellure;

104 2897 188 2961 :illae
204 2909 328 2970 terrae,
342 2916 417 2959 curn
435 2907 564 2976 perstat
582 2896 736 2958 ultimum
748 2895 919 2976 judicium,
932 2903 1130 2977 “ponuntur
1146 2900 1180 2960 in

104 2991 286 3064 utitatem,”
298 3000 335 3055 et
348 2995 367 3022 ‘¹
377 2992 617 3053 concutiuntur
629 3010 647 3053 e
666 2990 742 3052 loco
758 2989 847 3063 suo,”
860 3009 938 3052 narn
952 3001 1032 3053 tunc
1046 3002 1180 3054 montes

104 3086 215 3149 :colles
230 3096 438 3158 evertuntur,
456 3096 490 3148 et
507 3084 613 3147 valles
629 3083 787 3147 desidunt
804 3085 836 3146 in
854 3084 1005 3164 paludes,
1023 3105 1061 3147 ac
1078 3085 1179 3148 iacies

104 3181 206 3244 unium
231 3181 276 3243 ibi
300 3190 468 3243 mutatur:
493 3191 528 3242 at
552 3200 656 3266 usque
679 3197 738 3260 per
758 3178 936 3242 “terram'’
959 3180 992 3240 in
1015 3180 1179 3259 spirituali

104 3291 159 3336 :usu
179 3273 382 3356 intelligitur
404 3270 549 3337 ecclesia
571 3272 743 3346 utrobiuis,
768 3286 846 3334 narn
873 3273 906 3334 in
935 3273 1060 3334 mundo
1087 3273 1181 3352 spiri·

104 3364 144 3430 uli
159 3366 261 3432 facies
280 3378 390 3431 terrae
409 3364 525 3430 similis
544 3377 597 3429 est
616 3366 720 3428 statui
738 3366 902 3429 ecclesiae
921 3366 1010 3446 apud
1029 3366 1106 3428 illos
1121 3368 1179 3448 qul

104 3480 157 3542 iper
165 3474 256 3527 terra
268 3463 313 3525 ibi
326 3462 482 3525 habitant
495 3483 502 3539 ;
520 3471 727 3543 quapropter
737 3480 813 3523 curn
827 3461 913 3541 perit
924 3459 1066 3522 ecclesia
1077 3461 1180 3523 etiam

104 3557 147 3620 uit
162 3567 264 3631 terra,
284 3575 368 3619 nam·
382 3573 485 3619 unum
502 3555 649 3631 faciunt3
673 3565 709 3617 et
728 3565 809 3617 tunc
833 3553 909 3617 loco
933 3555 1050 3634 prioris
1069 3564 1179 3617 terrae

104 3660 149 3713 tva
167 3651 299 3715 existit.
352 3646 420 3714 Sed
443 3649 506 3713 hae
531 3649 739 3712 mutationes
761 3649 900 3729 ignotae
924 3657 1002 3710 sunt
1027 3648 1123 3709 nobis
1146 3648 1179 3710 in

104 3747 181 3808 »stris
208 3745 326 3823 terris;
358 3765 443 3827 quae
470 3754 587 3807 tamen
615 3741 844 3824 propalandae
872 3748 962 3814 sunt,
991 3750 1027 3803 ut
1055 3742 1180 3804 sciatur

104 3839 139 3903 id
154 3840 357 3921 intelligitur
373 3857 432 3920 per
447 3839 540 3921 quod
557 3844 677 3901 “terra
696 3846 840 3918 ponetur
857 3837 889 3898 in
906 3835 1128 3899 vastitatem”
1144 3846 1180 3899 et

104 3935 301 3998 :menuctus
318 3952 338 3996 e
357 3932 436 3997 loco
453 3931 542 3996 suo.‘'
586 3931 690 4013 Apud
705 3930 924 4012 Zepham'am,

112 4062 134 4091 aa*
296 4077 300 4083 ·
438 4067 444 4080 ·
844 4061 850 4077 o
890 4064 896 4078 ,
1158 4067 1161 4072 r

134 4061 1177 4196 ffiastmrt‘ltttti‘rttt‘attttallfffaniltttalffi

184 4200 212 4250 in
224 4200 269 4249 die
280 4200 337 4248 irae
348 4196 467 4262 Jelrovae
475 4196 489 4216 ''
501 4197 538 4258 (li.
551 4209 574 4256 2,
586 4196 626 4266 al:

104 4331 159 4399 'uim
180 4333 234 4398 hic
259 4349 319 4415 per
341 4328 693 4397 “excandescentiam
717 4327 807 4391 irae”
829 4337 865 4392 et
889 4346 948 4410 per
967 4326 1085 4389 “diem
1109 4327 1178 4388 irae

104 4428 225 4495 lovae”
244 4426 448 4508 intelligitur
468 4425 621 4489 ultimum
637 4425 805 4506 judicium.
851 4423 890 4485 ln
912 4420 943 4484 T
939 4419 1064 4495 hunis,
