2716 4986
128 470 205 536 1242
432 467 683 519 APOCALYPSIS
706 467 933 519 Exulem

121 639 210 722 apud
229 638 363 714 Lucam,

171 762 255 813 Dives
269 762 296 812 in
310 763 416 813 inferno
430 763 505 821 dixit,
518 764 624 813 “Pater
635 762 797 821 Abraham..
808 799 830 813 ..
841 762 929 813 .mitte
942 761 1071 812 Lamum
1085 770 1113 811 ut
1124 761 1210 822 intingat

252 839 401 877 extremum
420 829 495 891 digiti
514 829 554 878 sui
572 829 599 877 in
618 843 714 891 aquam
733 840 760 877 et
777 827 916 891 refrigeret
933 827 1053 891 linguam
1070 841 1157 885 meam,
1168 826 1211 890 quit

251 895 355 943 cmcior
367 894 394 943 in
408 894 517 943 flamma
528 893 599 943 hac''
607 895 672 955 (xvi.
684 894 742 954 24);

121 1008 211 1090 apud
229 1008 388 1082 eundem,

174 1123 192 1146 ‘⁸
201 1120 269 1171 Cum
283 1136 408 1182 egressus
420 1131 462 1170 est
475 1120 577 1172 Lothus
588 1136 603 1169 e
616 1120 742 1179 Sodoma,
757 1121 824 1184 pluit
836 1121 900 1183 igne
911 1129 939 1169 et
950 1119 1079 1182 sulphure
1089 1134 1104 1168 e
1115 1117 1213 1171 caeluet

251 1188 440 1314 mmmm
449 1201 470 1310 ;;
487 1187 564 1250 juxta
577 1187 628 1236 hoe
643 1186 688 1236 fiet
702 1201 755 1250 quo
768 1186 813 1236 die
831 1185 913 1235 iilius
927 1186 1047 1234 hominis
1061 1180 1213 1235 revelabitur*

121 1384 155 1446 in
173 1383 387 1464 Apocalypsi,

172 1508 223 1557 “Si
241 1507 300 1571 quis
312 1508 426 1556 bestiam
439 1508 533 1556 adorat
535 1545 605 1564 .....
610 1507 683 1556 bibet
700 1521 734 1555 ex
752 1507 816 1556 vino
834 1507 889 1556 irae
908 1506 1067 1566 Der.....et
1083 1503 1217 1555 cruciabitur

250 1573 313 1636 igne
325 1584 351 1622 et
364 1574 491 1635 sulphure
498 1572 512 1592 ’'
524 1573 588 1633 (xiii.
604 1569 654 1638 [9,]
668 1574 723 1634 10);

120 1678 211 1753 alibi,

171 1791 263 1841 Bestia
277 1802 303 1840 et
319 1791 554 1854 pseudopropheta
568 1791 647 1841 “vivi
665 1788 782 1855 conjedii
797 1801 871 1842 sunt.
881 1829 888 1842 .
897 1828 904 1842 .
914 1790 954 1842 ‚in
967 1800 1095 1854 stagnum
1112 1789 1174 1853 ignis
1187 1800 1219 1836 ar·

250 1859 318 1906 dens
331 1858 457 1920 sulphure
465 1857 479 1875 ’'
488 1857 552 1920 (xix.
564 1856 621 1920 ao);

120 1961 209 2035 alibi,

172 2078 189 2098 ‘⁸
200 2075 342 2124 Diabolus.
353 2112 358 2125 .
368 2112 375 2125 .
385 2071 536 2138 ,conjedius
548 2085 589 2124 est
601 2076 628 2124 in
641 2085 767 2138 stagnum
779 2075 851 2139 ignis
862 2086 890 2125 er
898 2074 1036 2139 sulphuris
1045 2075 1060 2096 '⁸
1068 2074 1122 2137 (xx.
1135 2073 1183 2136 10);

120 2179 211 2254 alibi,

172 2295 189 2318 ⁴⁸
198 2292 273 2342 Mors
286 2302 312 2341 et
325 2293 445 2342 infernus
458 2291 536 2354 ejedti
549 2294 651 2342 suntin
664 2303 789 2355 stagnum
800 2293 898 2355 ignis;.
909 2303 981 2344 ...et
993 2294 1038 2357 qui
1051 2308 1106 2342 non
1116 2293 1223 2342 inventus

250 2369 293 2484 αἱ
309 2360 336 2407 in
354 2359 423 2408 libro
440 2359 512 2407 virae
529 2359 653 2421 scriptus,
664 2356 767 2423 ejediua
780 2369 823 2408 est
839 2359 867 2409 ln
882 2368 1009 2421 stagnum
1028 2359 1101 2422 iguis
1108 2357 1123 2379 '⁹
1133 2358 1182 2421 (zu
1191 2367 1222 2415 14.

254 2436 281 2484 15
303 2438 309 2481 t

120 2537 155 2591 et
174 2527 264 2601 alibi,

171 2640 352 2690 “Infidelibus
355 2678 424 2698 .....
430 2641 581 2699 homicidis,
603 2643 806 2699 scortatoribus,
832 2642 1056 2700 incantatoribus,
1081 2640 1224 2693 idololatris.

249 2707 494 2832 (eatiinngj‘ndacibus,
511 2722 572 2769 pars
593 2707 644 2756 erit
665 2709 692 2756 iu
713 2717 810 2770 stagno
830 2709 941 2757 ardente
963 2708 1027 2770 igne
1048 2716 1076 2757 et
1093 2702 1226 2770 sulphure·

121 2903 159 2966 In
179 2902 231 2965 his
251 2904 334 2966 locis
354 2926 413 2986 per
430 2904 597 2985 “ignem''
612 2904 822 2987 significatur
837 2906 948 2967 omnis
965 2906 1137 2988 cupiditas
1151 2922 1225 2988 quae

120 3004 173 3058 est
197 2997 320 3059 amoris
344 2996 434 3071 mali,
460 3006 494 3059 et
522 2996 593 3078 ejus
616 3017 738 3079 poena,
762 3007 925 3079 quaeest
949 2999 1130 3061 cruciatus.
1175 2994 1227 3058 His

119 3088 320 3171 adjiciantur
338 3111 424 3172 quae
443 3091 550 3153 allata
572 3100 650 3153 sunt
675 3092 708 3152 in
731 3111 833 3172 opere
850 3090 902 3153 De
927 3089 1028 3154 Coelo
1049 3101 1082 3153 et
1103 3091 1228 3171 Inferna

120 3199 154 3253 (n.
166 3199 293 3255 564579,
319 3182 374 3243 ubi
397 3191 575 3244 ostensum
599 3192 653 3245 est
676 3182 755 3264 quid
780 3183 869 3263 ignis
895 3181 1073 3245 infernalis
1099 3194 1134 3246 et
1159 3180 1227 3265 quid

120 3275 245 3337 stridor
264 3276 426 3336 dentium.

186 3366 253 3452 [d.]
289 3369 327 3430 In
351 3369 510 3450 superiori
530 3368 685 3442 articulo,
706 3370 761 3431 ubi
784 3365 897 3431 adium
917 3379 970 3431 est
995 3369 1038 3432 de
1062 3370 1227 3451 grandine,

120 3459 247 3526 dietum
267 3471 320 3524 est
340 3463 431 3544 quod
456 3462 615 3524 Divinum
634 3483 652 3524 e
676 3462 772 3525 caelo
795 3462 1009 3525 descendens
1032 3463 1066 3525 in
1086 3464 1228 3527 inferiore

120 3555 274 3636 sphaera,
293 3557 347 3619 ubi
367 3556 446 3617 mali
462 3567 553 3629 sunt,
571 3558 777 3619 contrarium
794 3553 949 3618 effestum
967 3558 1069 3621 sistat
1085 3578 1184 3640 quam
1201 3558 1228 3618 in

120 3651 192 3731 ipso
202 3651 318 3727 caelo;
342 3651 432 3732 quod
446 3670 567 3733 nempe
580 3651 612 3712 in
626 3651 723 3713 caelo
736 3650 881 3714 vivificet
894 3660 929 3714 et
943 3650 1143 3733 conjungat,
1157 3661 1191 3715 at
1202 3651 1228 3713 in

119 3742 338 3817 inferioribus,
355 3746 408 3806 ubi
424 3744 502 3806 mali
513 3754 603 3818 sunt,
615 3744 797 3808 mortificet
811 3756 846 3807 et
859 3743 1032 3826 disjungat
1046 3766 1053 3808 :
1079 3767 1123 3809 ex
1137 3764 1229 3809 causa

119 3839 195 3918 quia
215 3838 360 3900 influxus
381 3840 523 3901 DIvinus
546 3859 564 3902 e
588 3839 685 3901 caelo
704 3839 793 3920 apud
818 3840 926 3901 bonos
950 3841 1060 3921 aperit
1082 3843 1228 3922 spiritua·

120 3932 186 3993 lem
207 3944 369 4006 mentem,
388 3946 422 3996 et
442 3935 484 3995 ad
504 3933 733 4015 recipiendum
750 3933 914 4015 adaptat;
939 3935 1028 4015 apud
1050 3935 1159 3997 malos
1177 3955 1227 3996 au·

119 4037 200 4099 tem,
222 4028 341 4109 quibus
365 4048 432 4090 non
453 4029 565 4110 aliqua
585 4048 681 4090 mens
700 4028 883 4109 spiritualis
902 4038 966 4101 est,
987 4031 1099 4110 aperit
1122 4028 1228 4092 interi·

119 4141 176 4182 ora
205 4122 329 4182 mentis
358 4122 520 4184 naturalis
544 4142 671 4195 eorum,
697 4123 751 4184 ubi
778 4122 928 4184 resident
952 4122 1044 4184 mala
1072 4133 1107 4187 et
1134 4122 1228 4196 salsa3

120 4214 206 4276 unde
227 4215 292 4276 iilis
312 4211 392 4277 tune
414 4218 584 4279 aversatio
607 4217 649 4278 ad
674 4216 920 4278 omnebonum
945 4217 1042 4292 caeli,
1064 4229 1100 4281 et
1124 4217 1227 4280 odium

117 4318 237 4371 contra
254 4330 343 4379 vera,
359 4329 396 4371 ac
415 4311 692 4391 concupiscentia
708 4310 751 4372 ad
768 4329 869 4372 omne
885 4309 1026 4384 facinus
1042 4312 1122 4375 inde
1138 4330 1226 4393 sepa-

117 4403 204 4465 ratio
220 4421 335 4465 eorum
353 4423 371 4464 a
388 4403 495 4478 bonis,
514 4413 549 4466 et
566 4424 647 4466 mox
665 4405 850 4467 damnatio.
897 4403 1051 4468 Influxus
1068 4407 1127 4470 ille
1144 4403 1226 4489 apud

349 4626 490 4664 Α.
