2716 4986
188 462 269 551 1280
495 473 743 525 Aeocntvests
766 471 993 523 exemerim.

642 703 745 741 VERSUS
758 704 796 748 10,
811 704 848 741 11.

242 800 338 869 ⁵1⁵·
367 806 413 847 “ft
427 807 506 848 terttuu
519 807 610 856 mortuo
627 805 716 853 ermen.
731 807 753 846 rt
768 805 849 846 cecidit
864 815 892 846 rx
904 806 965 846 emto
978 805 1045 846 mut«
1057 815 1138 854 nm
1151 806 1231 845 mm
1242 805 1294 853 mul

183 867 276 914 tamnus.
291 871 314 908 et
329 867 409 908 muttit
423 867 593 915 mauruntum
608 869 693 915 narrem
705 865 822 917 fluuiorum
836 867 858 906 rt
871 876 939 914 cumr
950 864 1028 915 tantu
1042 875 1156 914 mmm.
1192 863 1219 904 fr
1232 873 1295 904 m

185 925 264 964 mim
274 923 354 964 αἰσίων
364 924 511 971 absinthium:
525 926 547 965 rt
559 922 624 973 tantu
635 926 670 964 ut
683 923 750 964 tertia
762 933 816 972 pm
827 933 932 973 mnarum
941 922 1086 969 auratorum,
1097 925 1123 964 et
1136 921 1199 962 mutii
1211 922 1296 962 mim

185 981 265 1022 mortui
274 984 328 1022 runt
339 992 366 1022 rr
376 981 447 1031 oquin.
459 982 510 1031 quta
520 991 609 1022 amam
617 979 697 1030 sactu
706 980 784 1021 runt.''

204 1109 241 1145 ιο.
267 1097 313 1149 'lt
330 1097 424 1149 tertius
440 1098 550 1164 angelus
568 1096 683 1155 naam:
695 1096 816 1161 significat
833 1099 961 1163 iustum:
979 1113 992 1145 e
1009 1099 1083 1154 caelo,
1095 1106 1121 1145 er
1137 1098 1237 1146 remum
1251 1097 1299 1144 inte

318 1167 479 1212 mutationem
497 1166 568 1228 apud
583 1167 660 1212 malos
679 1164 718 1230 [n.
732 1164 811 1230 516];
832 1169 874 1215 'et
890 1164 984 1215 cecidit
1000 1179 1015 1215 ο
1031 1165 1106 1215 caeto
1123 1165 1202 1215 stetin
1218 1176 1299 1228 magn

317 1232 413 1282 ardone
448 1230 508 1282 uati
523 1232 644 1297 lampae‚”
657 1231 780 1294 significat
798 1248 888 1279 verum
907 1231 979 1279 Verbi
987 1231 1163 1298 falsificatum
1180 1247 1212 1279 ex
1227 1244 1300 1278 amore

311 1298 417 1361 proprio
428 1247 466 1362 fn.
476 1295 551 1363 517];
572 1301 614 1348 “ot
622 1296 716 1348 cecidit
723 1311 804 1363 rupee
813 1296 916 1348 tortium
926 1301 1029 1363 partem
1040 1295 1187 1352 iturine-um.
1198 1300 1301 1360 eternae

318 1364 403 1414 tontes
414 1364 561 1429 uquarum?
574 1362 696 1426 significat
707 1365 776 1428 quod
785 1365 843 1412 inde
849 1365 957 1428 pen'm't
966 1364 1049 1412 omnis
1060 1362 1203 1411 intellettus
1214 1364 1301 1420 veriet

311 1438 361 1493 ptr
371 1430 400 1478 id
409 1431 526 1478 dottrina
538 1432 649 1478 ecclesiae
663 1430 701 1496 [n.
715 1429 787 1494 518].

203 1534 241 1571 n.
266 1522 313 1574 “fi
323 1539 414 1575 nomen
426 1526 520 1575 stellae
530 1524 624 1576 dicitur
632 1524 809 1581 absinthium?
820 1524 942 1587 significat
951 1541 1041 1572 verum
1052 1526 1166 1572 mixtum
1170 1526 1241 1588 salso
1249 1523 1301 1571 mali

319 1590 357 1656 [n.
370 1591 447 1657 519];
468 1595 511 1642 *or
528 1593 598 1642 tuctu
615 1595 659 1642 eat
676 1591 752 1642 tertia
768 1605 833 1656 pare
850 1590 1027 1647 trimontium!
1040 1589 1165 1653 signifieat
1183 1591 1249 1654 quod
1261 1590 1300 1637 rate

308 1658 413 1720 sotium
426 1658 458 1705 sit
468 1675 539 1705 ontne
550 1674 639 1706 verum
652 1659 680 1706 in
693 1659 819 1706 intellectu
831 1666 854 1705 rt
865 1659 893 1705 in
902 1658 1020 1705 doltrina
1035 1657 1074 1722 [u.
1085 1656 1166 1721 520];
1186 1660 1229 1707 'oi
1239 1654 1302 1706 mviii

316 1723 432 1775 hominm
442 1724 538 1775 mortui
545 1729 607 1775 aunt
616 1739 646 1775 οι
656 1725 751 1789 nquit?
762 1723 882 1787 significat
892 1724 960 1788 quod
965 1741 1049 1771 omnes
1057 1725 1104 1787 qui
1111 1726 1174 1771 tates
1179 1732 1228 1787 per
1230 1724 1300 1787 salsa,

317 1790 345 1837 in
363 1807 427 1853 quae
443 1807 563 1838 roreversa
580 1799 641 1839 sunt
657 1808 716 1838 ocra
736 1790 814 1847 Verbi,
824 1791 952 1855 perierint
964 1789 1003 1855 [n.
1016 1789 1096 1855 521];
1117 1789 1193 1854 “qvia
1205 1800 1300 1840 amarat

319 1857 406 1907 facicm
417 1858 500 1914 aunt!
513 1855 635 1920 significat
648 1858 708 1921 quta
720 1873 781 1904 vera
798 1856 871 1904 Verbi
873 1857 1015 1921 falsificata
1027 1863 1089 1904 sunt
1102 1855 1143 1921 [n.
1156 1854 1229 1920 522}

243 1991 342 2072 516·
365 2006 445 2064 [Vm.
459 2006 505 2066 10.]
529 1991 587 2052 “tt
600 1991 710 2053 tertius
725 1991 854 2071 ungetur
869 1989 1166 2071 elunxit.''-Quod
1182 1988 1299 2071 signifi·

185 2092 240 2146 cet
256 2081 418 2164 instuxum
433 2105 450 2144 e
463 2082 559 2156 caelo,
572 2093 604 2145 et
618 2083 752 2145 tertiam
767 2083 843 2145 inde
858 2083 1069 2144 mutationem
1087 2083 1184 2163 apud
1195 2081 1298 2152 malos.

185 2184 325 2238 constat
344 2195 389 2237 ex
408 2174 475 2237 illis
494 2195 581 2256 quae
600 2195 701 2255 supra
718 2191 752 2248 (n.
766 2189 839 2255 502)
858 2173 949 2237 dieta
971 2186 1007 2237 et
1026 2185 1171 2238 ostensa
1188 2184 1275 2237 sunt.

244 2278 338 2346 517.
367 2264 426 2325 “ft
447 2264 560 2326 cecidit
583 2283 601 2326 ο
628 2264 716 2326 eaelo
736 2264 829 2326 stetin
849 2284 963 2345 magna
984 2265 1101 2327 urtone
1123 2265 1217 2346 qunti
1232 2265 1298 2326 tum·

182 2352 417 2436 pnr.''—Quod
437 2353 608 2434 significet
631 2375 747 2416 verum
771 2353 873 2416 Verbi
886 2353 1117 2436 falsificatum
1135 2376 1179 2417 ex
1200 2373 1300 2416 amore

181 2448 333 2530 proprio,
359 2457 495 2510 constat
519 2468 564 2510 ex
595 2446 842 2528 significatione
868 2447 1106 2520 “stellarum'’
1129 2448 1219 2530 quod
1242 2448 1299 2508 sint

185 2543 399 2622 cognitiones
416 2542 484 2603 veri
504 2552 538 2605 et
559 2542 648 2613 boni,
667 2552 738 2604 tum
756 2562 834 2603 vera
853 2551 887 2603 et
907 2542 996 2603 bona
1013 2543 1244 2622 cognitionum
1263 2559 1299 2602 ex

187 2633 306 2696 Verbo
326 2651 367 2707 (de
384 2663 433 2706 qua
447 2663 526 2706 supra,
538 2664 561 2694 n.
577 2649 627 2712 72.
641 2649 737 2710 402):
765 2644 801 2695 et
823 2655 868 2695 ex
888 2633 1139 2714 significatione
1162 2634 1299 2695 “ardere

187 2727 272 2788 sicut
293 2725 450 2805 lampas‚''
470 2726 559 2806 quod
583 2727 627 2787 sit
650 2746 694 2787 ex
719 2746 832 2788 amore
857 2727 991 2807 proprio
1015 2725 1200 2802 falsificari3
1229 2733 1298 2786 “ar-

186 2821 265 2882 dere
277 2819 291 2842 ”
304 2821 425 2882 dicitur
439 2820 480 2880 de
494 2839 607 2880 amore
622 2821 766 2900 proprio,
779 2821 855 2901 quia
869 2829 887 2850 ‘¹
901 2821 986 2901 ignis
995 2819 1010 2841 ’¹
1024 2819 1191 2900 significat
1205 2819 1299 2887 illum.

188 2929 307 2984 (videatur
321 2942 399 2984 supra,
415 2941 439 2971 n.
455 2926 585 2990 504[c]);
610 2920 644 2972 et
664 2919 683 2942 ‘⁸
694 2911 825 2991 lampas
835 2910 850 2932 ”
866 2910 1037 2991 significat
1055 2931 1174 2973 verum
1191 2910 1299 2980 Verbi,

187 3001 364 3065 dOfil'lnae
375 3013 410 3063 ei
424 3000 500 3063 fidel
513 3018 632 3073 (videatur
643 3017 714 3061 etiam
726 3031 804 3074 supra,
815 3031 838 3061 n.
850 3015 923 3079 274)
936 3021 944 3076 ζ
968 3001 1046 3063 inde
1058 3013 1219 3063 constare
1230 3010 1299 3082 poi·

187 3106 240 3157 est
265 3095 354 3176 quod
379 3115 437 3174 per
463 3094 613 3155 “cecidit
638 3115 655 3155 e
680 3093 775 3155 caelo
798 3093 899 3155 stella
922 3113 1047 3174 magna
1070 3096 1194 3156 ardens
1216 3091 1300 3175 quasi

188 3189 336 3270 lampas”
356 3187 562 3269 significetur
586 3209 700 3250 verum
726 3188 831 3250 Verbi
854 3209 898 3249 ex
923 3208 1037 3250 amore
1062 3190 1198 3269 proprio
1220 3187 1300 3250 salsi·

188 3283 334 3346 ficatum.
381 3283 561 3345 Sciendum
585 3293 637 3344 est
661 3283 750 3363 quod
774 3302 892 3344 omnes
916 3282 962 3344 illi
986 3283 1040 3363 qui
1068 3284 1100 3344 in
1126 3303 1238 3345 amore
1259 3280 1302 3342 sui

188 3389 276 3452 sunt,
294 3380 320 3440 si
337 3379 476 3440 student
494 3377 620 3449 Verbo,
639 3375 816 3438 falsificent
832 3397 911 3438 vera
925 3375 1014 3456 ejus;
1039 3396 1140 3438 causa
1158 3389 1221 3450 est,
1234 3376 1302 3457 quia

187 3493 288 3535 omne
308 3491 421 3535 verum
442 3482 531 3534 este
551 3470 647 3533 caelo
671 3492 690 3532 a
711 3471 869 3544 Domin0,
889 3481 925 3532 et
949 3470 1029 3533 nihil
1052 3492 1073 3533 a
1098 3472 1230 3550 proprio
1248 3471 1301 3532 ho·

188 3567 305 3641 minis;
334 3576 369 3628 et
392 3566 440 3627 illi
464 3566 519 3646 qui
543 3566 575 3626 in
600 3585 715 3626 amore
739 3565 787 3625 sui
806 3576 896 3635 sunt,
922 3566 1056 3644 proprio
1080 3586 1141 3627 suo
1166 3564 1303 3628 immersi

188 3673 278 3734 sunt,
299 3671 333 3723 et
358 3661 436 3722 inde
460 3670 601 3739 captant
620 3679 757 3721 omnem
782 3659 891 3720 ideam
916 3661 1136 3739 cogitationis
1160 3661 1202 3722 de
1225 3660 1304 3721 veris

188 3754 313 3816 Verbi:
342 3775 386 3815 ex
411 3775 451 3815 eo
474 3753 635 3834 estquod
660 3752 837 3815 falsificent
861 3752 928 3827 illa,
950 3773 1016 3814 non
1041 3754 1154 3834 quoad
1177 3771 1304 3816 sensum

189 3847 322 3910 litterae
342 3847 457 3920 Verbi,
478 3848 537 3909 sed
557 3848 667 3928 quoad
688 3844 898 3909 intelleiium
914 3847 983 3908 veri
1002 3848 1036 3908 in
1059 3846 1138 3924 illo;
1164 3867 1241 3909 nam
1259 3848 1304 3908 in·

189 3942 343 4023 telligere
360 3943 461 4004 verba
478 3941 575 4005 aliter
592 3961 692 4023 quam
709 3941 893 4003 secundum
909 3959 1024 4002 verum
1042 3961 1179 4003 sensum
1197 3959 1304 4004 eorum

189 4048 241 4099 est
260 4035 435 4098 falsificare
455 4036 521 4098 illa.
568 4034 653 4098 Sunt
672 4038 740 4097 duo
756 4045 866 4098 status
887 4035 1135 4116 cogitationum
1156 4036 1304 4106 hominiS,

189 4150 273 4192 unus
296 4132 376 4192 dum
399 4132 432 4192 in
456 4131 665 4212 cogitatione
689 4131 731 4192 de
754 4131 840 4192 veris
864 4139 916 4193 est
939 4151 960 4192 a
984 4129 1143 4205 Domino,
1168 4142 1204 4194 et
1226 4131 1305 4193 alter

188 4223 267 4286 dum
292 4246 311 4287 a
338 4235 465 4286 semet:
498 4225 634 4305 quando
658 4235 710 4287 est
734 4225 766 4286 in
787 4225 996 4305 cogitatione
1019 4224 1062 4286 de
1086 4226 1175 4288 veris
1197 4248 1218 4289 a
1240 4225 1304 4287 Do·

189 4320 290 4393 mino,
311 4330 390 4381 tunc
410 4319 561 4381 elevatur
580 4318 649 4399 ejus
669 4340 765 4382 mens
786 4341 889 4401 usque
914 4320 946 4381 in
970 4319 1080 4382 lucem
1101 4320 1208 4399 caeli;
1234 4320 1304 4383 inde

188 4412 236 4475 illi
256 4423 308 4478 est
331 4413 511 4476 illustratio
530 4423 565 4478 et
584 4415 758 4496 perceptio
775 4416 844 4477 veri
859 4413 971 4496 justa:
997 4424 1032 4479 at
1052 4417 1190 4497 quando
1208 4414 1304 4478 estin
