2716 4986
403 478 485 530 car.
502 479 562 543 v1.,
580 477 684 529 vans.
699 463 810 531 6.-n.
827 462 995 549 375[etv-r]·
1195 480 1257 549 7⁵³

114 649 218 733 apud
235 650 404 726 eundem,

177 766 197 787 ⁸⁸
205 762 308 814 Facies
321 764 415 814 oleum
426 761 564 813 unctionis
576 761 729 813 sanciitatis
731 801 801 821 .....
807 779 860 827 quo
872 780 959 827 unges
977 766 1123 814 tentorium
1141 780 1259 814 conven-

266 840 322 887 tus.
337 838 366 879 et
377 843 470 879 arcam
482 829 638 887 testimonii,
650 839 677 878 et
689 844 810 879 mensam
820 840 848 879 et
859 830 952 878 omnia
961 845 1027 878 vasa
1038 831 1105 892 ejus,
1117 844 1149 879 ac
1161 831 1258 879 cande·

265 895 375 945 lebnam
383 904 412 944 et
421 895 514 944 omnia
524 908 590 943 vasa
600 895 668 956 ejus,
679 904 706 944 et
715 895 800 944 altare
809 896 962 950 suffimenti.
974 906 1001 944 et
1012 896 1096 945 altare
1106 896 1257 946 holocausti

266 970 296 1009 et
307 960 403 1009 omnia
415 974 480 1008 vasa
492 960 559 1022 ejas,
573 971 599 1009 et
617 960 700 1015 labra.
715 970 741 1010 et
754 961 846 1010 basin:
865 962 902 1009 ita
914 960 1095 1011 sanctificabis
1107 975 1147 1018 ea,
1159 971 1188 1009 ut
1203 962 1258 1010 sint

266 1024 393 1074 nntium
401 1024 558 1074 sanctorum
568 1039 574 1084 ;
587 1026 676 1073 omnis
684 1025 729 1088 qui
738 1026 857 1087 tetigerit
864 1040 904 1083 ea,
914 1024 1092 1074 sanctificabit
1101 1040 1132 1074 se
1140 1025 1153 1045 ''
1161 1027 1255 1086 (Exul.

267 1106 332 1141 m.
344 1102 442 1152 2549:
457 1105 514 1153 cap.
527 1091 562 1140 xl.
573 1103 653 1152 q-u:
673 1091 757 1141 tevit.
768 1090 825 1140 viii.
838 1103 931 1139 10-12:
953 1092 1037 1140 Num.
1050 1091 1095 1140 vii.
1110 1092 1147 1152 tl:

127 1241 240 1283 causa
265 1220 359 1303 quod
387 1230 594 1303 ungerentur
621 1220 751 1295 altaria,
780 1240 818 1282 ac
850 1220 1035 1282 tentorium
1066 1231 1256 1282 conventus

129 1335 214 1379 cum
237 1316 396 1379 omnibus
419 1315 618 1398 quaemihi,
643 1324 727 1388 erat,
752 1324 789 1377 ut
812 1324 1108 1397 repraesentarent
1133 1314 1256 1387 Divina

131 1420 172 1472 et
197 1407 317 1473 santia
340 1409 427 1473 caeli
450 1420 485 1472 et
509 1408 684 1482 ecclesiae,
710 1419 959 1490 consequenter
982 1406 1100 1471 saneta
1124 1409 1255 1487 cultus;

132 1523 200 1566 nec
224 1514 483 1586 repraesentare
505 1503 564 1565 illa
590 1512 775 1584 potuerunt
799 1504 862 1564 nisi
889 1504 1091 1584 inaugurata
1113 1503 1255 1566 fuissent

133 1618 198 1680 per
221 1598 294 1662 tale
317 1598 408 1681 quod
431 1596 645 1681 significabat
672 1597 798 1660 bonurn
823 1599 966 1688 amoris;
994 1617 1072 1659 nam
1097 1597 1256 1661 Divinum

133 1714 198 1775 per
213 1694 342 1756 bonurn
362 1694 486 1755 amoris
505 1694 621 1765 intrat,
640 1701 675 1755 et
694 1711 754 1772 per
769 1691 852 1754 illud
867 1691 978 1765 adest,
996 1692 1136 1773 proinde
1152 1693 1256 1754 etiam

133 1787 171 1846 in
187 1784 294 1858 cultu,
306 1794 342 1846 et
358 1785 487 1866 absque
499 1784 559 1847 illo
573 1783 734 1845 Divinum
751 1803 820 1845 non
832 1784 938 1844 intrat
953 1804 1015 1846 nec
1031 1784 1141 1846 adest.
1172 1800 1257 1857 (Quod

132 1877 210 1921 altare
217 1883 280 1921 esset
288 1876 443 1934 praecipuum
451 1876 675 1933 repraesentativum
684 1875 789 1926 Domini,
796 1888 825 1919 ac
833 1874 889 1918 inde
895 1875 973 1918 cultus
981 1886 1010 1917 ex
1017 1874 1083 1918 bono
1091 1875 1185 1926 amoris,
1192 1875 1257 1921 vide·

133 1951 191 1989 atarr
200 1957 224 1992 a.
235 1956 305 2000 ²777·
313 1946 382 1996 2811.
392 1946 460 2001 4489.
469 1953 536 1999 454¹·
545 1945 613 2000 8935,
622 1945 764 2000 894029388·
772 1945 840 1999 9389,
851 1954 924 1999 9714;
940 1949 964 1986 et
979 1943 1046 1998 quod
1062 1942 1189 1987 tentorium
1200 1956 1256 1988 curn

133 2026 193 2059 arca
207 2018 269 2058 estet
285 2011 441 2070 praecipuum
457 2010 682 2068 repraesentativtun
698 2009 757 2054 caeli
775 2009 817 2054 ubi
834 2009 961 2062 Dominus,
978 2022 1001 2054 n.
1019 2020 1087 2067 9457,
1103 2011 1171 2067 9481,
1188 2012 1256 2066 9485,

134 2079 285 2137 95949631.
295 2079 365 2137 ⁹59⁶.
376 2079 455 2135 9784·)

201 2164 277 2248 (iv.)
312 2164 410 2242 Quod
432 2165 590 2226 unxerint
618 2163 693 2225 illos
725 2162 785 2245 qui
813 2161 994 2225 sacerdotri)
1017 2162 1254 2244 fungerentur,

136 2281 311 2342 eorumque
328 2269 446 2333 vestes,
467 2268 606 2322 constat
625 2257 714 2340 apud
732 2257 860 2332 Mosen,

188 2394 296 2459 “Sume
306 2393 396 2442 oleum
409 2389 545 2442 unciionis
558 2401 584 2440 et
602 2391 710 2440 effunde
728 2405 810 2453 super
826 2389 926 2453 caput”
939 2390 1084 2451 Aharonis,
1101 2394 1152 2442 “et
1169 2408 1255 2455 unges

267 2473 330 2508 eum
339 2457 354 2477 ”
366 2459 459 2519 (Exod.
471 2458 542 2507 xxix.
555 2469 569 2517 7
580 2472 586 2514 ;
604 2472 662 2519 cap.
674 2471 736 2507 xxa.
748 2458 789 2519 30)
801 2471 806 2514 ;

138 2573 225 2655 apud
245 2572 404 2644 eundem,

188 2686 301 2734 “Indue
320 2686 477 2733 Aharonem
490 2684 610 2732 vestibus
628 2681 779 2732 sanciitatis
797 2694 824 2733 et
840 2698 926 2744 unges
943 2699 1013 2741 eum,
1028 2694 1055 2733 et
1073 2682 1254 2736 sanctificabis

267 2765 340 2807 eum,
350 2761 379 2801 ut
387 2750 538 2799 sacerdotio
545 2749 672 2810 iungatur
682 2749 750 2797 Mihi
759 2763 778 2806 ;.
788 2785 794 2798 .
805 2787 810 2797 .
821 2758 860 2798 .et
868 2749 937 2798 filios
945 2749 1017 2811 ejus.
1027 2786 1033 2799 .
1043 2787 1049 2799 .
1060 2765 1156 2812 ,unges
1164 2765 1255 2814 quern-

267 2815 415 2864 admodum
434 2815 533 2864 unxisti
553 2824 655 2876 patrem
666 2828 683 2869 ;.
694 2851 699 2863 .
710 2851 716 2863 .
727 2824 765 2862 ,ει
783 2814 834 2862 erit
852 2824 881 2862 ut
895 2814 930 2862 sit
945 2815 996 2863 illis
1011 2812 1103 2863 unctio
1118 2830 1210 2864 eorum
1225 2816 1253 2865 in

267 2881 450 2930 sacerdotium
463 2880 561 2929 saeculi
575 2880 602 2928 in
615 2880 805 2942 generationes
817 2893 909 2927 eorum
917 2879 931 2898 '¹
944 2879 1037 2941 (Exod.
1049 2880 1085 2929 xl.
1099 2882 1204 2942 13·15);

137 2997 224 3079 apud
245 2995 403 3069 eundern,

186 3109 320 3159 Moscheh
335 3107 454 3156 “enudit
471 3108 504 3156 de
517 3107 588 3157 oleo.
599 3145 605 3157 .
615 3144 621 3156 .
632 3121 724 3169 ,super
736 3116 815 3167 caput
827 3104 973 3165 Aharonis'‚
988 3116 1015 3155 et
1032 3108 1108 3155 unxit
1127 3108 1201 3156 illum
1219 3109 1253 3158 ad

267 3171 491 3224 sanctificandum
504 3172 579 3221 illum
589 3189 607 3221 :.
618 3210 623 3220 .
635 3181 688 3222 ..et
701 3171 762 3219 dein
775 3171 890 3233 sumpsit
902 3171 935 3219 de
948 3172 1009 3220 oleo
1021 3169 1166 3232 untiionis
1181 3184 1208 3222 et
1220 3173 1253 3222 de

267 3239 402 3300 sanguine
414 3239 459 3301 qui
472 3253 552 3300 super
563 3238 651 3294 altari,
661 3246 688 3286 et
697 3238 796 3298 sparsit
806 3251 886 3298 super
895 3237 1061 3294 Aharonem,
1073 3252 1154 3299 super
1164 3248 1254 3287 vestes

267 3306 336 3367 ejus.
357 3319 437 3366 super
455 3303 525 3353 filios
543 3304 610 3365 ejus,
631 3312 658 3352 et
676 3317 757 3365 super
775 3311 863 3350 vestes
882 3301 997 3350 tiliorum
1015 3303 1074 3364 ejus
1091 3317 1151 3351 curn
1170 3318 1211 3360 eo,
1226 3313 1253 3352 et

266 3367 446 3420 sancliticavit
461 3370 624 3425 Aharonem,
639 3379 728 3416 vestes
740 3367 808 3428 ejus,
823 3366 944 3429 filiosque
956 3366 1023 3429 ejus,
1038 3377 1064 3416 et
1077 3378 1166 3416 vestes
1185 3368 1252 3416 filio-

268 3451 327 3486 mm
340 3436 399 3498 ejus
410 3450 471 3484 cum
484 3451 516 3483 eo
525 3435 539 3453 ”
551 3434 643 3495 (levit.
659 3434 714 3481 viii.
727 3430 792 3490 1¹¹12,
805 3432 860 3493 3o):

136 3600 237 3645 causa
253 3579 345 3663 quod
362 3587 545 3660 ungeretur
558 3577 710 3649 Aharon,
725 3587 760 3639 et
773 3576 862 3659 quod
877 3586 1084 3656 ungerentur
1097 3575 1153 3639 filii
1170 3576 1250 3657 ejus,

136 3678 296 3758 ipsaeque
316 3692 432 3736 eorum
449 3682 574 3743 vestes
592 3681 676 3744 erat,
698 3681 734 3734 nt
753 3681 1048 3752 repraesentarent
1068 3670 1252 3735 Dominum

137 3770 247 3851 quoad
277 3769 437 3830 Divinum
466 3766 598 3827 Bonum
629 3776 664 3827 et
692 3765 802 3846 quoad
832 3763 990 3826 Divinum
1011 3764 1138 3828 Verum
1162 3767 1251 3842 inde,

137 3863 278 3926 Aharon
309 3862 495 3924 Dominum
522 3859 633 3941 quoad
664 3859 823 3920 Divinum
855 3857 996 3929 Bonum,
1026 3878 1064 3920 ac
1096 3858 1152 3921 filii
1182 3860 1252 3941 ejus

137 3957 246 4039 quoad
268 3957 428 4019 Divinum
446 3954 574 4017 Verum
594 3954 692 4030 inde;
716 3972 755 4014 ac
773 3954 806 4014 in
823 3972 948 4034 genere
967 3963 1004 4015 ut
1023 3954 1252 4017 sacerdotium

138 4059 409 4133 repraesentaret
442 4049 624 4110 Dominum
654 4047 765 4129 quoad
796 4067 880 4128 opus
907 4046 1104 4109 salvationis
1132 4048 1251 4130 Ipsius

139 4143 234 4225 Quod
259 4153 469 4226 ungerentur
491 4143 524 4204 in
548 4142 698 4205 vestibus
723 4139 846 4222 (Exod.
866 4142 964 4203 xxix.
985 4142 1053 4222 29),
1077 4151 1150 4205 erat
1174 4145 1253 4224 quia

141 4234 303 4297 “vestes'’
316 4233 627 4314 repraesentabant
638 4232 828 4313 spiritualia
839 4233 1027 4296 induentia.
1060 4249 1144 4306 (Quod
1153 4251 1253 4296 aaaron

140 4325 342 4382 repraesentaverit
355 4324 487 4369 Dominum
498 4324 579 4380 quoad
592 4323 705 4369 Divinum
718 4325 820 4377 Bonum,
831 4325 939 4369 videatur
949 4337 972 4370 n.
984 4325 1055 4382 9806:
1073 4325 1138 4381 quod
1150 4324 1190 4368 filii
1201 4327 1253 4383 ejus

140 4393 361 4448 repraesentaverint
373 4392 506 4435 Dominum
517 4392 597 4447 quoad
610 4391 722 4435 Divinum
735 4390 824 4434 Verum
840 4404 870 4436 ex
887 4392 975 4436 Divino
992 4392 1061 4436 Bono
1076 4393 1215 4449 procedens.
1227 4405 1251 4439 n.

139 4461 201 4517 9⁸⁰73
217 4463 285 4522 quod
296 4459 459 4506 sacerdotium
471 4458 494 4502 in
505 4471 591 4516 genere
602 4459 811 4517 repraesentaverit
821 4459 951 4503 Dominum
958 4460 1040 4516 quoad
1047 4472 1108 4517 opus
1115 4459 1252 4505 salvationis
