2716 4986
377 518 458 569 can.
474 517 534 578 vn,
551 515 655 567 vans.
672 513 782 566 2.-u.
801 483 871 582 356ss
1117 498 1180 581 ⁶85

52 744 56 756 .
118 687 220 770 356.
251 687 313 749 ‘fr
327 688 442 750 roiam
457 704 553 766 aupes·
567 684 618 747 iiio
638 683 754 747 habena
774 680 1057 763 rmum.”—Quod
1075 681 1182 763 signi·

72 776 138 842 ficet
163 778 242 841 inde
268 779 457 842 doiirinam
481 776 660 840 charitatis
686 786 718 838 et
735 774 831 858 fides',
855 796 897 837 cx
922 795 988 856 qua
1009 783 1185 855 pugnatur

71 882 170 935 contra
186 872 280 936 mala
297 883 330 935 et
339 872 450 953 falsa,
467 892 506 934 ac
520 871 733 951 dissipantur
749 869 820 943 illa,
838 878 977 932 constat
994 889 1038 931 ex
1055 867 1182 949 signifi-

71 964 195 1026 catione
216 965 405 1027 “sedentis
426 984 527 1045 super
549 983 638 1045 equo
660 961 771 1035 alb0,”
789 961 881 1043 quod
904 961 949 1023 sit
968 959 1123 1023 Verbum
1142 975 1184 1034 (de

70 1081 108 1126 qua
119 1075 296 1131 masupia„
328 1064 364 1116 et
386 1073 432 1116 ex
453 1051 706 1134 significatione
731 1050 889 1124 “arcus,'’
911 1050 1002 1133 quod
1031 1051 1075 1113 sit
1098 1049 1182 1113 doc·

70 1147 144 1208 trina
166 1147 353 1209 charitatis
377 1157 412 1209 et
436 1143 523 1218 fidei,
544 1167 588 1207 ex
613 1165 680 1227 qua
702 1154 873 1227 pugnatur
892 1152 1012 1206 contra
1035 1141 1125 1206 mala
1147 1151 1183 1206 et

69 1238 147 1314 salsa,
169 1261 210 1304 ac
236 1242 449 1323 dissipantur
472 1239 539 1303 illa.
586 1238 687 1320 Quod
711 1259 770 1321 per
791 1237 957 1301 “arcum'’
976 1237 1185 1318 significetur

68 1331 205 1397 dotSirina
226 1335 301 1409 illa,
321 1336 489 1398 videbitur
504 1336 538 1396 in
557 1334 797 1417 sequentibus;
820 1333 874 1397 hic
892 1334 1036 1415 primum
1053 1332 1185 1394 dicetur

67 1426 173 1510 aliquid
192 1430 241 1493 de
263 1427 497 1493 Dotirina:-

308 1586 353 1653 (i.)
381 1586 465 1655 Quod
479 1602 559 1639 nemo
575 1588 668 1656 possit
686 1585 846 1656 intelligere
865 1585 985 1638 Verium
1004 1584 1105 1654 absque
1121 1584 1184 1638 doc·

416 1659 507 1709 tri'na.

297 1755 355 1824 (ii.)
383 1756 466 1825 Quod
475 1772 554 1809 nemo
562 1757 656 1825 possit
664 1725 801 1825 pugnbre
812 1761 911 1808 contra
924 1755 1001 1807 mala
1014 1760 1042 1807 et
1051 1754 1145 1826 salsa,
1157 1758 1186 1808 ei

415 1827 559 1895 dissipare
570 1826 631 1885 illa,
644 1827 746 1895 absque
757 1826 887 1878 delinita
900 1842 936 1878 ex
953 1826 1048 1878 Verbo.

286 1924 355 1994 (iii.)
383 1925 467 1994 Qlaeod
481 1942 560 1978 nemo
573 1928 666 1994 possit
682 1926 784 1994 absque
797 1925 926 1977 dolirr'ira
945 1942 981 1978 ex
997 1925 1083 1978 Verbo
1101 1927 1183 1977 sistra

412 1996 564 2056 ecclesibm,
577 1996 628 2048 ubi
642 1996 762 2049 Verbum
775 2002 823 2055 esi,
828 1997 904 2064 fieri
912 1994 1088 2064 spiritualis.

287 2093 352 2162 (iv.)
380 2095 465 2163 Quod
474 2095 604 2147 dolirina
618 2111 674 2147 non
685 2097 779 2164 possit
790 2095 909 2147 aliunde
919 2097 1088 2163 comparari
1097 2110 1183 2162 quam

413 2182 450 2218 ex
463 2165 558 2225 Verbo,
568 2171 595 2217 ct
604 2182 659 2217 non
669 2166 704 2218 ab
713 2165 784 2218 aliis
792 2181 878 2234 quam
888 2166 982 2234 quiin
992 2165 1185 2217 illustratibus

414 2241 482 2288 sunt
493 2253 511 2288 a
524 2236 658 2288 Domino.

299 2333 353 2403 (v.)
380 2334 465 2403 Quod
470 2336 567 2387 omnia
578 2334 723 2387 delirabat
731 2334 928 2403 confirmanda
941 2336 1001 2386 sint
1007 2336 1064 2403 per
1073 2349 1182 2387 sensum

414 2404 530 2457 litterae
548 2405 640 2457 Verbi.

118 2577 223 2661 Quod
243 2579 396 2659 primum
419 2581 556 2653 attinet,
578 2601 712 2662 nempe,
735 2580 831 2657 Quod
849 2601 940 2642 nemo
953 2580 1067 2660 possit
1086 2579 1182 2642 intel·

67 2671 156 2753 ligere
176 2673 326 2737 Verbum
341 2675 465 2756 absque
477 2675 640 2747 delirium
656 2687 815 2738 constare
832 2685 947 2757 potest
965 2696 1008 2737 ex
1026 2696 1077 2747 eo,
1092 2674 1182 2757 quod

68 2786 176 2830 sensus
200 2769 342 2831 litterae
361 2769 431 2849 ejus
450 2771 494 2832 sit
514 2791 559 2832 ex
579 2770 679 2832 meris
699 2770 1019 2852 correspondentiis‚
1040 2790 1125 2851 quae
1149 2771 1182 2832 in

68 2880 98 2923 se
114 2865 298 2926 continent
315 2865 511 2946 spiritualia,
529 2865 577 2927 ita
596 2886 640 2928 ex
661 2864 786 2927 talibus
802 2886 887 2946 quae
904 2875 982 2926 sunt
999 2863 1036 2926 'in
1056 2865 1182 2927 mundo

67 2965 96 3016 ct
107 2956 177 3036 ejus
188 2967 321 3019 natura.
368 2957 451 3020 Inde
465 2959 619 3040 estquod
634 2979 752 3021 sensus
766 2958 901 3021 litterae
915 2960 957 3020 sit
972 2958 1134 3021 naturalis
1146 2968 1182 3022 et

66 3068 126 3111 non
153 3050 349 3132 spiritualis,
375 3054 658 3115 accommodatus
685 3062 800 3115 tamen
826 3054 939 3134 captui
967 3052 1181 3134 simplicium,

66 3144 114 3224 qui
140 3145 236 3207 ideas
264 3166 342 3207 suas
370 3166 438 3209 non
467 3138 568 3229 supra
593 3147 674 3210 talia
697 3143 782 3229 quae
806 3147 923 3210 vident
948 3158 1028 3209 ante
1052 3146 1181 3219 oculos,

65 3237 207 3301 elevant.
265 3238 349 3302 Inde
372 3251 424 3304 est
449 3242 539 3323 quod
570 3242 652 3304 talia
676 3244 780 3305 etiam
804 3243 980 3304 contineat
1004 3262 1089 3323 quae
1114 3259 1182 3302 non

65 3342 225 3414 apparent
243 3334 439 3416 spiritualia,
458 3337 597 3398 tametsi
615 3345 727 3398 totum
744 3335 896 3399 Verbum
914 3338 1005 3398 intus
1021 3337 1054 3397 in
1074 3356 1110 3396 se
1130 3343 1183 3396 est

66 3445 140 3506 pure
153 3428 338 3510 spirituale,
351 3431 427 3511 quia
440 3440 492 3493 est
507 3431 667 3493 Divinum
680 3452 687 3506 ;
708 3442 914 3513 quapropter
927 3430 1022 3512 plura
1036 3431 1066 3491 in
1082 3450 1184 3491 sensu

67 3517 197 3584 litterae
215 3532 292 3583 sunt
307 3544 392 3604 quae
410 3544 477 3586 non
494 3525 653 3586 inservire
671 3535 814 3605 possunt
831 3546 891 3607 pro
904 3526 1016 3605 aliqua
1029 3520 1183 3585 doiirina

65 3613 228 3679 ecclesiae
252 3615 364 3688 bodie,
387 3627 422 3679 et
447 3617 541 3700 plura
565 3639 650 3699 quae
674 3618 835 3700 applicari
859 3627 1001 3701 possunt
1025 3618 1124 3679 variis
1147 3625 1183 3678 et

65 3706 201 3772 diversis
224 3712 405 3793 principiis,
427 3713 516 3775 unde
540 3712 718 3789 haereses;
747 3713 806 3775 sed
832 3734 935 3794 usque
960 3711 1054 3793 plura
1077 3712 1183 3773 inter·

65 3803 169 3865 mixta
193 3815 273 3866 sunt
301 3826 346 3867 ex
373 3807 493 3886 quibus
517 3806 633 3886 colligi
659 3817 694 3868 et
718 3807 851 3869 formari
877 3816 994 3888 potest
1017 3802 1181 3877 doitrina,

65 3894 222 3979 imprimis
235 3896 390 3962 doctrina
403 3901 505 3971 vitae,
520 3921 606 3982 quae
623 3910 675 3963 est
690 3898 844 3963 dostrina
858 3900 1035 3962 charitatis
1052 3908 1087 3960 et
1105 3897 1183 3959 inde

66 3986 146 4053 fidei.
192 3991 246 4055 At
262 3995 317 4075 qui
338 3993 421 4074 legit
440 3994 591 4057 Verbum
608 4016 652 4056 ex
670 3992 835 4065 doctrina,
853 3996 880 4057 is
897 3995 989 4056 videt
1009 3994 1052 4054 ibi
1070 3992 1184 4053 omnia

66 4105 145 4166 quae
162 4086 379 4161 confirmant,
398 4098 432 4151 et
449 4110 582 4171 quoque
602 4088 697 4170 plura
713 4110 799 4170 quae
818 4090 927 4150 latent
946 4106 1060 4149 coram
1078 4084 1184 4146 oculis

66 4179 222 4258 aliorum;
247 4202 309 4244 nec
331 4184 458 4263 patitur
477 4205 512 4245 se
532 4183 684 4245 abstrahi
704 4185 737 4244 in
757 4182 868 4245 aliena
887 4183 930 4243 ab
950 4182 1014 4242 illis
1035 4181 1183 4260 ibiquae

66 4292 126 4336 non
143 4287 312 4358 apparent
329 4278 549 4349 concordare,
567 4287 601 4339 et
619 4298 705 4359 quae
723 4297 790 4339 non
810 4276 983 4356 intelligit,
1003 4294 1080 4335 nam
1100 4273 1130 4333 ei
1149 4273 1182 4333 in

66 4366 151 4430 claro
167 4380 247 4433 sunt
265 4371 379 4433 omnia
393 4368 566 4434 doitrinae
580 4392 665 4452 quae
683 4371 726 4433 ibi
743 4371 846 4444 videt,
862 4381 897 4432 et
915 4370 1041 4450 reliqua
1058 4369 1086 4429 ei
1104 4375 1183 4428 sunt

67 4458 94 4522 in
106 4463 250 4525 obscuro
262 4483 269 4524 :
290 4475 496 4546 quapropter
506 4476 559 4529 est
571 4462 736 4540 doctrina,
748 4486 834 4548 quae
844 4465 1001 4527 consistit
1015 4483 1059 4525 ex
1073 4480 1183 4541 genu·
