2684 4988
166 516 246 578 1224
471 511 722 564 APOCALYPSIS
744 512 970 564 EXPLICATA.

294 677 415 743 significat
420 681 615 756 progressionem
624 682 661 728 od
667 681 790 745 inferiora
801 681 837 748 [n.
848 682 926 748 505];
945 687 989 735 'el
1000 683 1079 736 Μία
1087 683 1247 750 marim

293 745 426 824 combutta
438 747 500 824 otis
508 745 629 810 sunnon
637 749 705 824 quod
708 749 872 824 perceptiones
879 751 1064 827 etcogninbnes
1071 753 1127 799 veri
1134 759 1155 844 ‘l
1162 752 1246 815 nuper

291 814 1148 956 urrumnai,
1156 821 1244 931 tx

293 947 437 1008 cupiditates
447 947 521 993 en'om
534 961 605 993 omne
615 946 777 1011 scientificum
789 962 879 995 verum
885 949 993 1012 pen'en'e
1005 948 1045 1014 [n.
1058 948 1128 1014 507}

219 1074 380 1157 502[a].
403 1090 483 1150 [Vm.
495 1092 528 1151 7.]
545 1075 603 1138 ‘fr
614 1075 732 1157 primus
749 1078 880 1158 ungulus
897 1078 1177 1160 oluntr'i!'—Quod
1190 1077 1239 1156 sig·

162 1164 275 1229 nificet
291 1166 453 1251 inflatum
468 1167 591 1252 ecoelo,
605 1178 638 1230 et
652 1167 728 1231 inde
737 1169 887 1248 primam
903 1171 1124 1247 mutationem,
1136 1175 1239 1235 constat
1319 1157 1323 1180 ³

161 1246 207 1322 ex
225 1259 473 1341 significatione
491 1261 680 1343 “clangere
699 1262 811 1337 tuba,”
826 1264 916 1345 quod
935 1265 980 1328 sit
999 1265 1143 1327 influxus
1159 1258 1241 1327 Divini

161 1351 243 1416 Veri
266 1376 284 1416 e
307 1353 422 1430 caelo;
455 1364 490 1418 et
514 1357 592 1437 quia
611 1358 718 1439 prima
741 1358 887 1420 mutatio
910 1359 989 1420 inde
1011 1359 1160 1422 existens
1179 1369 1242 1420 nunc

162 1446 372 1521 describitur,
384 1449 488 1511 etiam
499 1449 584 1512 haec
596 1448 814 1531 significatur.
852 1450 952 1532 Quod
967 1457 987 1483 ‘⁴
999 1452 1155 1534 clangere
1165 1441 1244 1516 tuba”
1324 1518 1342 1543 μ

160 1539 327 1620 significet
355 1542 517 1605 influxum
546 1543 660 1606 Divini
683 1543 765 1608 Veri
791 1565 810 1607 e
837 1545 943 1619 caelo,
972 1554 1026 1609 est
1055 1548 1130 1628 quia
1151 1546 1247 1609 dune

160 1632 256 1696 caelo
275 1635 389 1699 defluit
407 1636 567 1699 Divinum
584 1632 724 1711 Verum,
742 1639 775 1700 in
794 1639 921 1702 mundo
939 1640 1106 1721 spirituali
1121 1633 1250 1723 quando·

160 1748 225 1809 que
244 1729 377 1793 auditur
393 1741 429 1793 ut
446 1751 549 1793 sonus
566 1732 728 1795 buccinae
743 1741 778 1795 et
795 1743 832 1795 ut
847 1733 989 1815 clangor
1005 1735 1120 1810 tubae,
1136 1745 1169 1798 et
1186 1743 1258 1824 quo-⁴

160 1842 225 1903 que
258 1823 301 1886 ab
334 1824 400 1886 illis
429 1826 484 1906 qui
518 1825 601 1887 inira
634 1835 729 1888 stant
763 1828 1016 1908 conspiciuntur
1045 1830 1132 1893 sicut
1159 1813 1262 1905 angeb

161 1914 328 1981 habentes
347 1919 467 1996 tubas,
491 1919 552 1982 sed
571 1919 655 1982 haec
672 1929 752 1982 sunt
769 1924 1102 2002 repraesentationes
1118 1934 1152 1986 et
1168 1929 1267 2004 app&

161 2013 300 2087 tentiae,
328 2013 445 2094 quales
471 2014 626 2076 existunt
653 2014 737 2076 inira
764 2014 888 2088 caelos,
916 2026 969 2079 est
997 2018 1088 2080 enirn
1116 2015 1275 2079 Divinum

161 2104 289 2170 Verum
313 2108 523 2170 descendens
550 2128 609 2170 seu
636 2108 786 2172 defluens
813 2130 832 2172 e
858 2109 954 2172 caelo
978 2132 1095 2174 versus
1121 2109 1281 2175 inferiora

160 2202 250 2282 quod
278 2203 324 2264 sic
352 2211 644 2283 repraesentatur;
676 2203 753 2265 inde
777 2222 864 2266 nunc
891 2214 944 2267 est
970 2206 1063 2286 quod
1088 2203 1286 2285 “clangere

162 2295 243 2358 tuba
253 2295 268 2317 '⁸
286 2295 453 2376 significet
473 2295 645 2358 defluxum
670 2296 782 2359 Divini
803 2297 884 2360 Veri
907 2319 952 2361 ex
975 2299 1083 2362 caelo.
1129 2300 1190 2363 ille
1219 2287 1290 2351 de·

161 2387 281 2462 fluxus,
301 2390 436 2471 quando
456 2390 550 2452 sortis
569 2399 633 2463 est,
653 2389 757 2453 alium
780 2387 935 2454 elicitum
958 2393 1029 2455 edit
1054 2395 1143 2476 apud
1166 2387 1296 2456 bo¹¹⁰s

161 2492 196 2545 et
220 2482 320 2544 alium
345 2483 433 2564 apud
462 2482 589 2558 malos;
620 2484 709 2564 apud
736 2484 845 2547 bonos
873 2485 1022 2548 illustrat
1049 2482 1298 2551 intellectum·

160 2578 335 2659 conjungit
360 2579 435 2641 illos
458 2576 581 2641 arctius
604 2578 710 2651 caelo,
735 2589 769 2642 et
794 2579 873 2641 inde
895 2582 1027 2643 animos
1052 2581 1226 2645 laetificat
1265 2566 1302 2622 el

160 2671 307 2734 vivificat
322 2695 329 2745 ;
350 2673 438 2754 apud
456 2672 565 2734 malos
581 2683 696 2734 autem
710 2673 884 2753 perturbat
899 2672 1123 2748 intellectum,
1139 2659 1303 2758 separat

159 2788 179 2828 a
198 2767 304 2840 caelo,
325 2766 499 2847 conjungit
519 2764 641 2828 arctius
661 2766 800 2839 inferno,
817 2786 856 2829 ac
876 2769 996 2829 animis
1015 2769 1146 2832 inducit
1166 2765 1306 2833 terf⁰'

160 2882 297 2934 remae
317 2861 456 2924 tandem
476 2860 574 2922 insert
595 2869 740 2922 mortem
754 2861 973 2942 spiritualem.
1020 2861 1160 2926 Exinde
1176 2845 1306 2945 patet

160 2957 249 3040 quod
284 2977 342 3037 per
374 2954 560 3034 “clangere
598 2954 703 3016 tuba”
733 2955 844 3036 quoad
878 2953 1033 3018 effectum
1067 2950 1308 3040 significetur

160 3049 326 3112 revelatio
349 3056 384 3108 et
411 3045 645 3107 manifestatio
672 3045 786 3107 Divini
810 3045 891 3108 Veri
914 3063 952 3117 (ut
968 3076 1048 3121 supra,
1066 3076 1091 3109 n.
1113 3061 1161 3128 55.
1179 3036 1306 3110 262li

160 3152 195 3205 et
214 3142 248 3203 in
261 3140 419 3221 opposito
432 3157 532 3200 sensu
548 3137 738 3218 deprivatio
750 3139 819 3199 veri
831 3148 866 3200 et
883 3138 1064 3202 desolatio.
1104 3131 1306 3220 Quoniam

160 3255 247 3297 nunc
268 3243 473 3296 memoratur
488 3231 578 3313 quod
595 3231 707 3310 angeli
727 3233 853 3311 septies
872 3231 1078 3307 clanxerint,
1096 3225 1306 3297 necesstml

159 3341 212 3393 est
240 3339 276 3391 ut
303 3349 348 3390 ex
377 3326 492 3389 Verbo
519 3325 719 3387 ostendatur
742 3325 820 3406 quid
850 3325 1039 3407 “clangere
1051 3327 1067 3351 '⁹
1093 3311 1306 3408 significati

159 3435 194 3488 et
208 3425 286 3487 inde
298 3443 355 3484 cur
368 3422 489 3484 dicitur
502 3420 591 3502 quod
608 3425 626 3451 ‘⁶
636 3419 777 3500 angelus
790 3419 989 3483 clanxerit.’‘
1030 3420 1134 3502 Quod
1149 3428 1168 3454 ‘⁶
1179 3417 1308 3511 cla-¹¹2

159 3539 239 3600 gere
269 3517 358 3580 tubis
369 3516 385 3538 ‘'
408 3526 442 3578 et
469 3513 670 3576 “buccinis’'
694 3512 859 3593 significet
887 3514 1133 3579 revelationem
1162 3509 1309 3580 Div¹¹¹¹

159 3611 241 3675 Veri
265 3622 300 3674 et
324 3609 632 3672 manifestationem
660 3607 740 3687 ejus,
765 3618 902 3669 constat
925 3628 971 3670 ex
998 3629 1085 3672 sono
1113 3603 1311 3674 buccinae

159 3709 277 3770 audito
307 3724 382 3767 curn
412 3701 565 3784 jehovah
596 3701 771 3763 descendit
802 3721 901 3782 super
929 3701 1086 3766 Montem
1117 3702 1220 3768 Sinai
1278 3685 1311 3739 ‘l

159 3800 387 3883 promulgavit
408 3797 558 3878 Legem;
583 3797 624 3858 de
644 3816 709 3878 qua
728 3816 762 3857 re
782 3797 829 3857 ita
845 3797 933 3877 apud
953 3797 1080 3872 Mosen,

210 3939 227 3960 ‘¹
236 3936 296 3985 Fuit
309 3937 336 3983 in
349 3935 392 3983 die
405 3934 491 3990 tertio,
505 3933 532 3981 in
546 3932 602 3980 fieri
615 3946 703 3987 mane,
716 3940 743 3980 et
755 3930 814 3988 luit,
829 3946 908 3979 voces
921 3941 948 3979 et
959 3932 1067 3994 fulgura
1078 3943 1105 3982 et
1118 3936 1208 3982 nubes
1236 3918 1321 3979 3¹²·

289 4002 330 4049 vis
349 4015 429 4063 super
448 3999 542 4048 Monte
550 3999 563 4017 '¹
582 3998 665 4055 Sinai,
688 4000 738 4047 “et
755 4011 809 4044 vox
829 3997 957 4046 buccinae
975 3999 1124 4048 vehemens
1142 3997 1270 4048 valne-
1303 3973 1326 4066 ‘l-

289 4067 440 4128 trepidabat
452 4065 543 4114 omnis
561 4064 675 4126 populus
687 4065 732 4126 qui
751 4063 777 4110 in
788 4063 914 4139 teucris..
925 4098 931 4112 .
941 4077 1030 4139 .·.cum
1042 4065 1183 4114 descendit
1193 4039 1329 4144 ,ΙΟῙῈΞ

289 4132 340 4180 vah
353 4146 433 4194 super
446 4131 520 4179 illurn
533 4131 560 4178 in
575 4130 636 4207 igne
646 4145 663 4206 ;·.
674 4166 679 4178 .
689 4167 696 4180 ,
707 4138 744 4178 .et
756 4127 807 4183 iun
818 4142 871 4175 vox
883 4129 1012 4176 buccinae
1024 4130 1129 4178 vadens
1141 4140 1168 4178 et
1180 4112 1330 4212 insuare

288 4212 353 4246 cans
366 4212 396 4246 se
405 4197 484 4245 valde
493 4211 511 4245 z.
523 4234 528 4244 .
538 4234 544 4244 .
555 4206 592 4244 .et
604 4196 671 4243 dixit
683 4194 803 4259 jehovah
814 4194 847 4241 ad
861 4192 967 4249 Mosen,
980 4193 1129 4252 Descende,
1140 4185 1288 4243 οἴκεε-ἲι

288 4264 426 4326 populum,
441 4277 474 4310 ne
487 4262 556 4311 forte
569 4269 743 4323 perrumpant
754 4260 789 4307 ad
800 4259 933 4324 Jehovam
945 4259 979 4307 ad
991 4257 1147 4318 videndum,
1158 4271 1184 4309 et
1200 4227 1332 4300 0⁹&

288 4329 321 4377 de
333 4343 368 4376 eo
380 4329 479 4376 multus
488 4326 502 4344 ''
514 4327 606 4387 (Exod.
619 4326 672 4375 xix.
686 4324 790 4385 16-25):

155 4474 216 4536 Pes
240 4449 428 4533 “Legemss’
447 4469 533 4531 quae
556 4459 636 4512 tunc
660 4445 950 4530 promulgabatur,
975 4445 1183 4529 significatur
1236 4411 1332 4492 Jll‘
