2684 4988
357 485 437 536 cnr.
454 485 514 546 vr„
530 485 634 536 vans.
656 485 782 553 13.—u.
798 473 919 557 4o3[c].
1133 475 1192 557 ⁸93

104 670 161 715 aec
179 649 273 715 uitta
296 659 378 715 sunt
398 653 441 715 de
463 672 569 733 regno
593 652 740 727 Domini,
760 654 850 735 quod
873 663 927 718 est
950 653 1038 736 apud
1062 652 1138 718 illos
1161 655 1195 718 in

104 747 181 811 aelis
202 758 237 810 et
261 748 295 809 in
320 748 420 810 terris
442 747 497 828 qui
519 748 553 809 in
576 766 690 809 amore
722 747 755 809 in
784 748 898 830 Ipsum
922 758 1021 826 sunt;
1053 768 1195 830 regnum

104 839 216 904 )omini
234 840 445 922 significatur
461 860 520 922 per
539 846 722 903 “montem
739 841 889 922 Jehovae
912 843 967 924 qui
990 844 1196 905 constitutus
1298 839 1301 847 ’

104 953 126 995 n
146 945 242 1016 caput
269 934 468 1008 montium,”
495 933 652 997 “mons”
678 936 766 996 enim
799 934 1003 1016 “jehovae”
1029 935 1196 1017 significat

104 1048 221 1109 regnum
245 1027 383 1090 Domini
407 1028 450 1090 ab
472 1027 536 1090 illis
558 1029 613 1110 qui
637 1028 670 1090 in
694 1048 807 1091 amore
831 1030 864 1091 in
889 1029 1002 1111 ipsum
1026 1039 1129 1106 sunt;
1162 1039 1197 1092 et

105 1123 164 1203 qrria
178 1121 223 1184 illi
241 1122 400 1184 habitant
418 1142 518 1203 supra
536 1122 683 1203 reliquos
698 1124 730 1184 in
748 1122 862 1196 caelis,
880 1123 1002 1185 dicitur
1020 1122 1063 1185 de
1079 1132 1198 1186 monte

108 1210 151 1274 illo
162 1213 247 1294 quod
268 1213 510 1276 “constitutus
528 1214 562 1275 in
580 1223 684 1294 caput
704 1214 897 1276 montium’'
913 1229 1199 1290 (ndaemtnopereoe

112 1318 188 1362 ceta
199 1319 299 1377 rafano,
313 1331 338 1363 n.
351 1319 425 1376 ratu:
450 1302 483 1364 hi
501 1303 580 1384 quia
598 1303 729 1366 habent
747 1323 828 1366 vera
846 1302 1196 1386 inscriptalcordibus,

111 1393 213 1456 etideo
232 1413 298 1456 non
319 1394 513 1474 disceptant
531 1395 574 1457 de
597 1393 674 1468 illis,
693 1394 815 1457 dicitur
836 1397 927 1476 quod
950 1415 1018 1457 non
1043 1401 1062 1426 ‘⁸
1075 1394 1198 1458 tollent

112 1505 174 1567 gens
189 1499 305 1551 contra
320 1500 461 1569 gentem
477 1488 637 1569 gladium,
656 1508 717 1551 nec
734 1489 865 1551 discent
882 1488 1025 1570 amplius
1041 1488 1197 1561 bellum,”

113 1598 153 1660 per
167 1583 249 1663 quod
268 1581 476 1663 significatur
491 1582 581 1663 quod
601 1583 633 1643 in
653 1601 760 1662 regno
781 1581 840 1645 illo
863 1581 956 1644 nulla
978 1583 1040 1645 erit
1064 1583 1197 1662 discep-

114 1677 178 1738 tatio
195 1677 235 1739 de
256 1678 346 1740 veris
372 1693 492 1751 (namur
500 1694 525 1738 in
536 1694 622 1738 eodem
631 1706 711 1751 opere,
723 1707 746 1738 n.
756 1705 794 1751 25,
803 1694 840 1747 2⁶,
851 1707 903 1749 270,
915 1695 989 1751 ηιμ
1020 1677 1112 1759 quod
1138 1697 1199 1758 per

114 1785 170 1830 tera
188 1778 220 1832 et
238 1771 339 1843 bona,
363 1769 533 1851 inquibus
556 1779 645 1843 sunt,
668 1771 732 1832 tuti
755 1780 853 1832 erunt
876 1789 896 1832 a
919 1769 1016 1832 malis
1038 1779 1073 1832 et
1096 1769 1197 1844 salsis,

115 1860 288 1940 significatur
312 1883 371 1944 per
394 1863 483 1944 quod
508 1863 705 1925 “sedebunt
729 1863 791 1925 sub
813 1864 882 1926 vite
905 1884 965 1926 sua
991 1872 1026 1926 et
1049 1863 1111 1925 sub
1134 1861 1197 1927 ficu

116 1971 164 2028 un,
179 1976 241 2019 non
261 1957 421 2020 terrens.''
465 1956 568 2037 Apud
587 1956 784 2030 Jeremiam,

148 2087 227 2137 “Ecce
240 2088 297 2150 Ego
310 2090 447 2139 adducens
460 2104 601 2152 supervos
619 2099 726 2151 gentem
739 2104 754 2138 e
773 2089 920 2152 longinquo
923 2126 993 2148 .....
998 2102 1066 2152 quae
1078 2088 1201 2138 comedet

212 2169 328 2203 messem
347 2165 429 2212 tuam,
444 2164 470 2203 et
487 2169 584 2216 panem
597 2164 680 2212 tuurn,
695 2155 817 2203 comedet
835 2154 903 2202 filios
921 2164 982 2204 tuos
1000 2164 1026 2202 et
1044 2154 1111 2203 filias
1129 2163 1197 2212 tuas,

211 2220 335 2268 comedet
346 2233 456 2281 gregem
470 2229 543 2268 tuum
556 2228 584 2268 et
594 2228 745 2267 armentum
759 2228 842 2277 tuum,
857 2220 980 2268 comedet
991 2220 1073 2268 ritem
1086 2228 1159 2268 tuam
1172 2230 1200 2268 et

212 2285 289 2333 ficum
302 2294 376 2333 tuam
385 2283 400 2303 ’¹
412 2284 448 2346 (v.
462 2281 528 2350 [15,]
541 2286 595 2346 17):

117 2420 154 2482 pu
168 2411 329 2488 “gentem
352 2430 372 2470 e
395 2401 580 2489 longinquo
593 2406 609 2432 ''
627 2406 835 2488 significatur
857 2406 982 2470 malum
1005 2407 1198 2488 oppositum

117 2494 349 2578 lunocaelesti3
381 2523 440 2584 per
459 2508 507 2564 “e
534 2501 720 2584 longinquo
730 2501 745 2525 ’⁹
768 2500 977 2582 significatur
1006 2502 1137 2564 distans
1159 2521 1198 2564 ac

117 2609 247 2660 unorum
266 2619 288 2660 a
310 2598 409 2660 bonis
431 2607 466 2659 et
486 2597 584 2670 veris,
605 2617 643 2659 ac
667 2598 879 2678 oppositum:
905 2601 925 2627 ⁴⁴
936 2616 1021 2677 quae
1041 2596 1198 2658 comedet

117 2704 227 2754 uessern
253 2704 348 2754 tuam
375 2701 411 2754 et
437 2711 560 2772 panem
587 2690 712 2762 tuum,”
734 2688 902 2771 significat
929 2690 1018 2771 quod
1046 2690 1199 2752 destruet

115 2787 197 2848 mnia
216 2807 296 2849 vera
319 2796 355 2848 et
383 2786 481 2848 bona·
499 2806 558 2867 per
580 2792 666 2866 quae
690 2785 829 2847 nutritio
852 2782 1055 2866 spiritualis3
1083 2789 1200 2864 “quae

114 2879 238 2942 comedet
252 2879 338 2942 filios
351 2890 428 2941 tuos
440 2889 474 2941 et
487 2879 571 2942 filias
583 2892 659 2941 tuas
670 2878 684 2902 '¹
694 2876 862 2959 significat
875 2897 993 2940 omnes
1006 2874 1200 2939 affefflones

114 2972 160 3034 veri
177 2984 209 3036 et
232 2975 311 3037 boni
330 2974 539 3054 spirituales;
566 2979 682 3054 “quae
701 2972 860 3034 comedet
883 2990 1023 3052 gregem
1047 2981 1140 3032 tuum
1164 2981 1199 3032 et

111 3076 270 3131 amentum
284 3079 380 3130 tuum
389 3066 404 3090 ''
416 3066 583 3147 significat
596 3086 676 3129 vera
687 3076 722 3128 et
739 3067 828 3129 bona
844 3067 976 3128 interna
988 3075 1023 3126 et
1036 3074 1179 3126 externa
1191 3084 1199 3139 3

112 3158 201 3240 “quae
221 3163 383 3226 comedet
402 3162 508 3224 vitem
531 3172 623 3223 tuam
647 3171 682 3223 et
706 3159 804 3223 ficum
829 3171 920 3223 tuam
930 3159 944 3182 ”
962 3156 1129 3239 significat
1152 3157 1199 3219 sic

109 3254 244 3319 eeclesiae
263 3258 435 3319 internum
454 3264 489 3318 et
508 3264 699 3317 externum.
745 3252 848 3335 Apud
865 3251 1062 3325 Hosclream,

147 3388 229 3438 “Sicut
237 3404 304 3438 uras
314 3390 341 3438 in
351 3387 460 3438 deserto
466 3383 582 3436 l¹linveni
593 3367 730 3445 lsraelem,
739 3388 806 3436 sicut
816 3386 979 3449 primitivum
990 3386 1017 3434 in
1028 3385 1078 3433 ficu
1087 3384 1114 3433 in
1124 3385 1201 3434 inltio

212 3456 265 3504 ridi
278 3464 368 3517 patres
381 3463 486 3502 uestros
494 3452 508 3472 ''
520 3454 565 3514 (ix.
579 3453 634 3514 10):

107 3585 367 3658 per“1sraelem”
383 3594 418 3648 et
436 3605 494 3667 per
511 3590 653 3666 “patres
661 3584 676 3608 ''
692 3584 735 3646 ibi
752 3603 819 3646 non
836 3582 1071 3663 intelliguntur
1086 3591 1200 3664 patres

107 3677 228 3743 tribuum
239 3702 285 3744 ex
299 3680 374 3743 filiis
386 3678 514 3760 Jacobi,
528 3679 588 3741 sed
600 3679 655 3760 qui
668 3677 711 3740 ab
723 3677 877 3758 Antiqua
890 3677 1044 3739 Ecclesia
1056 3676 1200 3752 suerunt,

106 3770 166 3848 quia
184 3772 229 3834 illi
251 3773 286 3834 in
308 3771 403 3833 bono
426 3786 545 3843 (uocatur
555 3786 579 3830 rn
590 3785 692 3830 Arcano
706 3785 850 3838 eucratium,
862 3798 885 3830 n.
896 3785 964 3841 6050,
975 3785 1043 3841 ⁶075,
1054 3785 1121 3841 ⁶84⁶,
1132 3784 1201 3839 ⁶⁸7⁶.

106 3869 255 3936 sumum,
267 3878 359 3938 ⁸055l;
383 3860 461 3942 quia
479 3859 527 3921 illi
549 3860 581 3921 in
600 3859 692 3920 bono
710 3857 856 3931 fuerunt,
876 3867 912 3919 at
931 3857 964 3918 in
984 3857 1148 3938 principio
1167 3858 1200 3918 in

105 3944 273 4032 ignorantia
290 3955 361 4018 veri
381 3973 440 4036 per
455 3952 546 4033 quod
566 3961 681 4015 tamen
701 3951 837 4024 bonum,
854 3950 976 4012 dicitur
991 3950 1104 4011 “sicut
1120 3970 1202 4011 uvas

104 4041 271 4113 indeserto
289 4049 403 4112 inveni
427 4046 598 4119 Israelem,
617 4047 704 4107 sicut
727 4043 809 4107 ficus
831 4045 863 4106 in
884 4044 979 4105 initio
997 4042 1065 4104 vidi
1088 4053 1202 4123 patres

104 4154 212 4208 vestros
223 4146 250 4221 ;”
270 4143 409 4208 “uvae''
425 4139 616 4222 significant
633 4140 759 4202 bonum
774 4137 957 4220 spirituale,
976 4137 1178 4199 “desertum
1187 4135 1202 4160 '’

104 4234 246 4317 significat
266 4237 495 4321 ignorantiam
514 4235 595 4308 veri,
616 4233 850 4314 “primitivum
871 4233 903 4293 in
927 4229 1015 4295 ficu”
1033 4228 1201 4311 significat

104 4326 206 4396 lunum
223 4331 380 4396 naturale
400 4350 445 4393 ex
468 4329 558 4391 bono
577 4327 738 4408 spirituali
762 4327 795 4388 in
814 4325 965 4388 infantia.
1010 4323 1113 4404 Apud
1132 4321 1202 4383 Lu·
