2716 4986
96 572 99 577 Ι
202 496 282 575 1238
509 455 760 556 Arocauvrsls
784 503 1011 554 Exrucarn.

250 679 329 744 Quod
347 693 428 742 pecus
442 687 577 728 assaretur
591 678 661 738 igne,
676 687 702 725 et
717 690 773 727 nou
786 685 944 739 coqueretur
957 674 1043 738 aquis,
1057 683 1085 723 et
1099 673 1171 738 quod
1186 672 1308 725 residuum

327 746 361 793 ad
375 758 454 793 mane
466 745 666 792 combureretur
678 743 740 804 igne
754 741 848 804 (ΕΜ.
858 741 904 791 xii.
915 741 938 799 8,
948 738 986 805 9[,
999 736 1062 804 10]>.

198 873 345 931 (Explicatio
358 873 447 918 horum
456 884 568 917 versuum
583 871 693 916 rideatur
706 871 731 914 iu
744 869 849 917 Arcam&
862 869 1009 922 aetem,
1020 881 1044 913 n.
1056 866 1215 925 7852-7061.)
1255 849 1308 912 Di·

196 952 293 1012 vinus
309 950 413 1011 etiam
431 948 540 1011 Amor
558 946 695 1011 Domini
715 944 973 1027 significabatur
988 965 1049 1026 per
1067 945 1185 1025 ignem
1204 944 1236 1005 in
1251 962 1309 1025 quo

198 1044 363 1106 Dominus
377 1043 518 1125 praeivit
531 1039 605 1103 filiis
619 1040 755 1103 israelis
768 1040 801 1103 in
815 1040 963 1113 deserto,
974 1039 1114 1121 quando
1126 1036 1308 1120 proficisce-

196 1139 339 1213 bantur;
360 1146 432 1198 tum
449 1135 639 1217 perignem
655 1154 756 1215 super
770 1133 939 1201 Tentorio
953 1142 1149 1196 conventus
1165 1141 1309 1214 tempore

196 1228 315 1306 noblis,
333 1231 375 1293 de
394 1231 515 1312 quibus
533 1230 581 1325 ita
600 1228 689 1310 apud
709 1227 838 1302 Mosen,

247 1363 393 1428 '‘Jehovab
405 1365 460 1413 ibat
472 1378 561 1413 coram
575 1364 627 1412 illis
640 1364 755 1412 interdiu
768 1362 796 1411 in
808 1362 932 1411 columna
944 1363 1031 1421 nubis,
1045 1362 1081 1412 ad
1093 1362 1243 1412 ducendum
1255 1361 1308 1410 illos

326 1430 376 1486 via,
389 1440 415 1478 et
428 1427 509 1478 nodlu
523 1430 549 1477 in
562 1429 688 1477 columna
700 1429 770 1490 ignis
782 1429 816 1477 ad
828 1428 970 1477 lucendum
980 1428 1033 1477 illis
1042 1441 1061 1482 :-
1072 1442 1168 1478 ...nec
1180 1428 1309 1477 recedebat

325 1495 450 1543 columna
465 1496 542 1543 nubis
558 1495 681 1550 interdiu,
699 1508 748 1541 nec
762 1493 887 1542 columna
905 1493 974 1556 ignis
989 1491 1073 1542 noclu
1087 1507 1179 1542 coram
1198 1490 1308 1556 populo''

324 1561 417 1620 (Exod.
430 1561 484 1609 xiii.
498 1573 537 1617 21,
550 1572 597 1617 τις
615 1561 700 1608 Num.
712 1561 747 1608 ix.
761 1571 856 1618 15-232
874 1559 966 1607 Deutr.
979 1559 996 1607 i.
1012 1560 1070 1618 33);

195 1682 230 1735 et
251 1673 341 1747 alibi,

245 1787 349 1850 “Quod
359 1789 443 1836 nubes
450 1786 569 1850 jehovae
576 1794 648 1836 essct
657 1801 739 1849 super
745 1786 899 1836 habitaculo
907 1786 1062 1843 interdiu,et
1069 1786 1142 1848 ignis
1151 1783 1305 1843 noctuiuco,

238 1889 240 1892 ι
325 1853 351 1901 in
364 1852 448 1901 oculis
461 1853 549 1901 omnis
561 1852 658 1901 domus
672 1852 789 1910 Israelis,
799 1853 826 1901 in
839 1852 965 1901 omnibus
978 1848 1194 1913 protectionibus
1202 1848 1307 1902 eorum”

324 1918 418 1978 (Exod.
430 1917 465 1966 xl.
476 1919 524 1977 38;
542 1918 641 1966 Psalm.
652 1933 694 1966 cv.
705 1929 745 1977 32,
756 1917 812 1981 39)ss

193 2050 284 2132 quod
305 2051 440 2112 “nubes
463 2051 608 2113 interdiu
632 2050 836 2132 apparuerit,
857 2058 892 2112 et
916 2049 1003 2129 ignis
1027 2045 1164 2123 noctu,”
1182 2067 1305 2131 reprae-

193 2146 353 2208 sentabat
365 2145 555 2207 custodiam
565 2144 650 2207 caeli
664 2156 699 2206 et
710 2143 877 2207 ecclesiae
890 2164 909 2204 a
923 2142 1074 2205 Domino
1086 2164 1094 2220 ;
1115 2143 1305 2224 per‘Taber-

194 2238 351 2300 naculum
379 2240 468 2301 enim
496 2239 817 2320 repraesentabatur
843 2237 975 2299 caelum
1002 2246 1039 2300 et
1069 2236 1228 2311 ecclesia,
1255 2254 1307 2318 per

193 2332 317 2394 nubem
345 2342 380 2395 et
411 2333 524 2413 ignem
552 2332 727 2408 custodia;
760 2332 883 2394 “dies''
910 2332 1011 2405 enim,
1042 2332 1182 2413 quando
1209 2331 1306 2394 nubes

192 2436 276 2498 erat,
297 2425 510 2507 significabat
531 2426 690 2489 Divinum
711 2425 838 2489 Verum
858 2427 892 2489 in
911 2425 997 2498 luce,
1018 2434 1054 2488 et
1076 2425 1202 2489 “nox”
1221 2424 1306 2486 Divi·

193 2539 272 2581 num
290 2520 417 2582 Verum
437 2522 469 2582 in
490 2521 626 2597 umbra;
652 2541 693 2584 ne
713 2520 929 2583 laederentur
946 2540 966 2582 a
986 2520 1089 2582 nimia
1106 2518 1183 2584 luce
1199 2528 1306 2583 custo·

192 2615 371 2677 diebantur
398 2636 457 2696 per
480 2616 614 2687 nubem,
640 2628 674 2678 et
705 2636 746 2678 ne
775 2615 990 2677 laederentur
1016 2634 1037 2676 a
1065 2615 1170 2677 nimia
1198 2615 1307 2677 umbra

191 2709 471 2772 custodiebantur
494 2730 554 2791 per
576 2711 691 2790 ignem
716 2710 898 2772 lucentem.
944 2707 1047 2788 Quod
1070 2708 1157 2772 haec
1180 2729 1306 2790 reprae-

191 2811 328 2864 sentata
347 2802 468 2865 suerint
489 2823 548 2884 per
567 2803 634 2874 illa,
656 2813 815 2866 constare
835 2794 950 2885 potest
969 2801 1060 2885 apud
1079 2801 1233 2878 Esaiam,

242 2939 259 2959 ¹¹
267 2935 375 2986 Creabit
387 2937 508 3002 Jeliovab
520 2953 600 3000 super
611 2953 692 2986 omne
705 2938 885 2986 habitaculum
899 2936 1002 2986 Montis
1015 2936 1109 2986 Zionis
1121 2949 1148 2986 et
1160 2952 1241 3000 super
1252 2951 1308 2987 cou-

321 3005 475 3052 vocationes
493 3005 552 3066 ejus
571 3005 668 3052 nubem
690 3004 813 3058 interdiu,
834 3018 864 3051 ac
883 3003 985 3051 iumum
1003 3013 1030 3051 et
1048 3003 1223 3065 splendorem
1243 3003 1307 3065 ignis

320 3069 443 3118 flammae
456 3068 552 3126 noclu;
571 3084 633 3117 nam
646 3085 727 3131 super
735 3069 809 3117 omni
823 3069 909 3130 gloria
921 3070 1161 3130 obtegumentum;
1179 3078 1206 3118 et
1216 3069 1309 3117 Tuber·

321 3136 444 3184 naculum
459 3136 509 3183 erit
527 3136 553 3182 in
572 3137 693 3183 umbram
713 3135 828 3183 interdiu
843 3136 878 3182 ob
892 3134 1024 3191 ardorem,
1041 3148 1072 3182 ac
1089 3135 1118 3182 iu
1136 3135 1268 3197 refugium
1283 3137 1314 3182 ct‘

321 3200 458 3248 latibulum
472 3210 565 3248 contra
577 3201 780 3249 inundationem
793 3211 820 3248 et
833 3200 950 3262 pluviam
958 3198 972 3218 ''
984 3200 1030 3261 (iv.
1043 3211 1067 3260 5,
1079 3199 1121 3262 bl:

190 3343 248 3404 per
263 3323 522 3386 “habitaculum
540 3324 668 3388 Montis
686 3325 824 3387 Zionis”
838 3324 1046 3406 significatur
1059 3324 1188 3387 bonum
1202 3324 1306 3388 eccle·

190 3418 260 3480 siae
288 3417 456 3492 caelestis,
487 3430 521 3481 et
549 3440 607 3501 per
634 3421 929 3482 “convocationes
956 3418 1050 3498 ejus''
1077 3418 1308 3500 significantur

190 3533 269 3573 vera
296 3512 383 3573 illius
407 3513 508 3589 boni;
537 3514 691 3575 custodia
715 3533 756 3576 ne
784 3513 939 3577 laedatur
961 3534 980 3575 a
1005 3514 1108 3577 nimia
1136 3512 1212 3576 luce
1235 3525 1307 3576 eta

189 3607 290 3668 nimia
322 3608 449 3679 umbra,
475 3607 686 3687 significatur
717 3630 776 3689 per
802 3609 954 3670 “nubem
985 3609 1164 3683 interdiu,'’
1186 3628 1226 3672 ac
1253 3627 1308 3690 per

190 3699 343 3761 “fumum
363 3711 398 3762 et
418 3701 634 3782 splendorem
654 3703 741 3783 ignis
762 3701 918 3765 flammae
937 3699 1039 3764 noblu
1052 3702 1083 3780 ;”
1107 3724 1211 3785 quare
1230 3701 1306 3764 dici·

187 3803 251 3866 tur,
281 3795 370 3875 quod
400 3801 528 3877 “super
556 3798 647 3858 omni
676 3796 785 3878 gloria
812 3798 1129 3877 obtegumentum,”
1158 3807 1193 3861 et
1222 3796 1306 3879 quod

190 3888 474 3951 “tabernaculum
500 3891 562 3952 erit
586 3892 618 3953 in
643 3893 795 3953 umbram
819 3892 963 3953 interdiu
983 3892 1027 3953 ob
1046 3892 1204 3955 ardorem
1220 3892 1246 3953 :''
1268 3911 1305 3953 ne

188 4003 232 4043 ex
248 3984 349 4044 nimia
363 3983 436 4046 luce
449 3995 484 4047 et
497 4006 541 4046 ex
553 3986 655 4047 nimia
665 3986 781 4048 umbra
794 3985 878 4048 salsa
888 3987 1087 4067 irrumpant,
1100 3987 1307 4068 significatur

187 4097 245 4157 per
264 4078 353 4157 quod
373 4080 463 4140 “erit
485 4080 517 4140 in
537 4079 700 4160 refugium
720 4090 755 4142 et
775 4079 952 4143 latibulum
972 4089 1095 4143 contra
1114 4082 1305 4144 inundatio·

186 4192 264 4235 nem
284 4184 319 4234 et
339 4173 487 4253 pluviam
500 4174 526 4250 ;'’
547 4175 753 4237 “inundatio
771 4184 806 4238 et
826 4173 960 4257 pluvia”
976 4184 1031 4237 est
1046 4176 1191 4259 irruptio
1207 4176 1304 4240 falso·

185 4286 268 4328 runi.
315 4265 418 4347 Apud
439 4266 647 4342 Sachariam,

236 4401 320 4463 “Ego
332 4399 401 4448 ero”
415 4400 621 4464 Hierosolymae
637 4405 753 4450 “murus
766 4403 837 4465 ignis
848 4402 1026 4462 circumcirca,
1041 4411 1068 4453 et
1080 4403 1109 4454 in
1123 4403 1213 4468 gloria
1222 4418 1268 4456 eto
1279 4403 1304 4452 iu

315 4467 404 4514 medio
416 4467 475 4528 ejus
484 4465 498 4484 ’'
510 4467 547 4529 (ii.
558 4480 575 4529 9
587 4463 633 4531 [B.
644 4469 678 4516 A.
692 4463 744 4531 5]):
