2684 4988
117 463 182 545 830
425 480 676 541 auocapvnsts
699 483 928 539 assuetam

117 665 176 728 per
193 646 423 728 “Aegyptum
431 646 447 673 ’¹
459 648 668 730 significatur
684 650 848 715 naturalis
864 651 970 715 homo
985 663 1021 716 et
1037 653 1113 733 ejus
1128 654 1224 717 scien·

116 739 266 817 tificum;
293 748 312 772 ‘⁴
323 742 357 802 in
376 742 430 804 die
446 741 505 806 illo
515 742 530 767 '³
546 742 714 824 significat
731 746 917 808 adventum
935 746 1087 821 Domini,
1104 758 1139 810 et
1154 757 1220 811 tunc

115 844 244 896 statum
263 834 398 899 illorum
420 838 475 917 qui
498 838 531 899 in
551 839 638 900 veris
661 837 854 901 scientificis
870 860 890 901 a
913 840 1084 918 Domin0;
1110 841 1214 923 “quis-

115 947 180 1008 que
210 930 308 991 urbes
334 931 368 992 in
401 940 491 993 terra
522 929 676 1012 Aegypti
704 931 883 1014 loquentes
911 933 1011 996 labiis
1034 933 1211 1007 Canaanis'

115 1020 284 1101 significat
317 1044 397 1085 vera
429 1021 603 1087 doctrinae
636 1025 731 1106 plura
763 1047 849 1108 quae
881 1029 1031 1108 genuina
1067 1028 1206 1092 ecclesiae

117 1112 332 1197 (“quinque”
345 1127 423 1180 sunt
440 1117 547 1199 plura,
562 1119 689 1181 “urbes
697 1118 712 1142 ”
725 1130 803 1182 sunt
817 1140 896 1182 vera
912 1117 1098 1195 doetrinae,
1113 1118 1204 1187 “labit¹

115 1206 310 1272 Canaanis”
332 1221 410 1274 sunt
434 1209 635 1275 doctrinalia
656 1213 821 1276 ecclesiae
843 1214 1028 1295 genuina);
1055 1215 1201 1296 “jurantes

112 1301 264 1382 Jehovae
287 1304 473 1379 Zebaoth,”
496 1305 664 1387 significat
688 1306 893 1371 confitentes
918 1308 1116 1370 Dominum:
1137 1306 1199 1388 “le-

114 1395 227 1458 hovah
243 1397 399 1462 Zebaoth
408 1398 423 1422 ”
435 1400 558 1462 dicitur
571 1400 623 1463 hic
636 1410 672 1462 et
688 1400 805 1463 multis
823 1401 897 1463 aliis
913 1403 947 1463 in
960 1400 1045 1464 locis
1057 1404 1089 1465 in
1102 1401 1197 1475 Verbo.

113 1500 149 1552 et
180 1491 383 1573 intelligitur
414 1491 579 1555 Dominus
609 1494 721 1575 quoad
751 1513 853 1556 omne
882 1493 1010 1557 bonum
1040 1507 1076 1558 et
1100 1510 1197 1565 verum,

114 1603 193 1650 nam
219 1585 356 1649 zebaoth
383 1588 416 1649 in
444 1585 559 1667 lingua
585 1587 741 1667 originali
766 1586 960 1668 significant
989 1588 1198 1661 caeruleam

115 1681 316 1743 “exercitus
326 1680 340 1704 '’
363 1682 396 1744 in
420 1702 520 1744 sensu
543 1680 708 1762 spirituali
731 1679 923 1762 significant
947 1685 1061 1745 omnia
1083 1683 1158 1745 bom
1172 1688 1197 1742 ct

113 1789 194 1832 vera
206 1771 293 1833 caeli
306 1781 340 1836 et
353 1773 520 1835 ecclesiae
532 1788 652 1845 (numu
660 1802 683 1834 n.
692 1791 760 1845 ³44⁸.
770 1790 838 1845 72³⁶.
847 1792 915 1846 φρει,
924 1792 996 1848 8019)
1008 1796 1016 1850 ;
1037 1775 1099 1837 hoc
1110 1775 1196 1854 itaque

113 1872 167 1924 est
189 1863 370 1943 “Jehovah
396 1864 575 1927 Zebaoth”
596 1884 655 1926 seu
676 1864 858 1944 “Jehovah
882 1864 1135 1929 Exercituum:'’
1154 1861 1197 1924 “lt

115 1955 243 2020 cheres
262 1959 393 2023 dicetur
410 1958 638 2040 unaquaevis”
654 1957 822 2039 significat
842 1957 1032 2022 doetrinam
1050 1975 1196 2023 coruscan-

114 2060 187 2114 tem
205 2072 249 2114 ex
266 2054 354 2115 veris
373 2052 632 2134 spiritualibus
624 2072 656 2115 ιιι
681 2052 862 2128 ιιειιιιιειὶί,ι
868 2053 939 2116 ‘”Ir
957 2055 1048 2116 enim
1064 2064 1113 2117 est
1128 2048 1196 2122 urbs.

113 2150 178 2207 et‘
183 2145 301 2208 urbs”
320 2145 489 2227 significat
508 2143 736 2220 ἀοέἒὶτὶιιιιιιι,ι
740 2144 906 2210 ‘Chereffl
922 2158 975 2210 est
995 2146 1197 2210 coruscarunt

113 2217 259 2301 solis:‘
265 2240 317 2302 ‘in
344 2241 399 2303 die
426 2238 486 2302 illo
512 2242 575 2302 erit
603 2238 711 2303 altare
736 2240 925 2320 Jehovae
916 2261 951 2303 ιιι
982 2243 1093 2304 medio
1115 2251 1196 2303 teme

112 2332 293 2415 Aegypti”
309 2333 477 2415 significat
496 2334 586 2416 quod
606 2344 686 2396 tunc
705 2336 768 2397 erit
787 2334 900 2397 cultus
919 2335 1057 2399 Domini
1075 2356 1116 2400 ex
1131 2333 1198 2396 bono

112 2430 236 2491 amoris
258 2449 316 2509 per
335 2450 414 2491 vera
433 2428 618 2491 scientifica
636 2449 722 2510 quae
745 2431 779 2491 in
798 2413 944 2493 naturali
967 2430 1119 2507 homine;
1140 2424 1196 2488 “-al

113 2533 186 2585 tare
208 2522 382 2602 Jehovae’
406 2522 574 2604 significat
597 2523 727 2585 cultum
750 2523 888 2587 Domini
911 2546 955 2587 ex
980 2525 1071 2589 bono
1091 2521 1196 2590 amoris

115 2617 176 2678 “in
201 2618 313 2679 medio
337 2627 446 2679 terrae
471 2616 648 2697 Aegypti''
671 2616 838 2696 significat
863 2638 922 2699 per
942 2639 1022 2681 vera
1045 2613 1199 2681 scientifica

112 2731 197 2791 quae
217 2711 249 2772 in
268 2711 412 2772 naturali
432 2710 579 2783 homine,
597 2731 676 2772 vera
692 2709 877 2773 scientifica
893 2724 972 2775 sunt
990 2715 1093 2775 etiam
1107 2706 1199 2791 cogni·

111 2806 223 2866 tiones
242 2824 404 2867 exsensu
424 2804 559 2867 litterae
576 2804 700 2867 Verbi:
727 2811 790 2867 “et
810 2815 925 2867 statua
941 2807 1031 2888 apud
1048 2807 1204 2870 terminum

78 2918 80 2921 ·
113 2897 212 2980 [ejus]
239 2898 414 2979 Jehovae”
437 2896 605 2978 significat
629 2898 757 2961 cultum
785 2898 922 2961 Domini
948 2921 994 2962 ex
1017 2903 1103 2963 veris
1126 2895 1210 2965 fideit

111 3014 170 3074 per
184 3000 203 3025 ‘⁶
213 2993 388 3055 statuam”
400 2992 609 3074 significatur
621 2992 733 3055 cultus
745 3013 789 3054 ex
803 2995 890 3055 veris
907 2991 994 3067 fidei,
1009 3005 1043 3057 et
1057 3015 1114 3077 per
1126 3000 1216 3056 “ter-

110 3090 238 3151 minum
255 3088 410 3170 Aegypti
419 3088 435 3112 ”
447 3087 680 3168 significantur
695 3098 872 3164 extrema;
892 3099 1050 3152 extrema
1066 3077 1225 3153 naturalis

110 3183 257 3246 hominis
277 3195 356 3245 sunt
376 3182 553 3244 sensualia.
599 3181 703 3262 Apud
723 3182 879 3255 eundem,

161 3309 255 3360 “Cum
269 3309 389 3372 posuerit
401 3322 496 3357 omnes
509 3308 611 3370 lapides
623 3307 715 3356 altaris
727 3307 796 3356 sicut
809 3307 912 3370 lapides
924 3307 1004 3358 calcis
1015 3310 1155 3373 dispersos,
1165 3305 1226 3357 οὔ

218 3374 437 3423 resurrexerint
449 3374 501 3422 luci
513 3385 539 3422 et
551 3383 655 3423 statuae
667 3372 792 3422 solares”
803 3373 895 3432 (xxvii.
906 3377 947 3436 ql:

109 3498 193 3562 haec
217 3500 260 3561 de
281 3498 410 3578 Jacobo
434 3507 469 3559 et
493 3496 630 3571 Israele,
655 3516 714 3576 per
732 3516 816 3577 quos
840 3495 1050 3577 significatur
1071 3487 1226 3562 eccles&

109 3593 163 3654 hic
190 3613 275 3674 quae
303 3591 529 3667 destruenda;
561 3585 746 3652 destructio
773 3589 843 3670 ejus
870 3591 981 3672 quoad
1009 3611 1089 3654 vera
1115 3591 1226 3653 cult:¹

109 3687 310 3750 describitur
330 3707 388 3768 per
410 3693 564 3767 “ponere
586 3684 714 3765 lapides
734 3683 850 3746 altaris
869 3686 956 3747 sicut
976 3685 1105 3766 lapides
1124 3684 1226 3748 calc

108 3782 279 3862 dispersos
293 3780 319 3857 ;”
334 3788 353 3812 “
363 3780 491 3861 lapides
502 3778 618 3841 altaris
628 3777 642 3799 ”
652 3788 730 3840 sunt
742 3798 821 3840 vera
831 3778 954 3852 cultus,
967 3786 987 3811 ‘⁴
996 3782 1083 3842 sicut
1096 3778 1194 3861 lapid
1203 3783 1226 3821 ⁴

108 3876 211 3938 calcis
239 3875 406 3956 dispersi”
433 3884 511 3937 sunt
539 3874 625 3948 sicut
655 3871 739 3934 salsa
766 3892 833 3935 non
861 3873 1099 3937 cohaerentia:
1129 3875 1226 3936 “nc

108 3971 354 4033 resurrexerint
375 3968 439 4031 luci
459 3977 494 4030 et
511 3977 646 4029 statuae
663 3965 790 4028 solares
798 3966 813 3988 ”
829 3964 998 4046 significat
1016 3978 1052 4030 ut
1071 3988 1137 4031 non
1153 3973 1226 4030 ar!

108 4065 195 4148 plius
218 4064 337 4146 aliquis
364 4064 476 4126 cultus
504 4083 548 4125 ex
572 4062 659 4123 veris
682 4060 909 4142 spiritualibus
937 4072 972 4124 et
997 4062 1226 4125 naturalibut

111 4166 129 4190 “
140 4158 228 4221 luci’'
242 4156 434 4238 significant
451 4155 579 4218 cultum
596 4176 641 4217 ex
655 4156 741 4217 veris
758 4154 997 4235 spiritualibus,
1012 4167 1048 4218 et
1063 4158 1226 4219 “statui

109 4253 259 4316 solares”
277 4251 406 4315 cultum
425 4272 469 4314 ex
490 4252 576 4312 veris
595 4249 813 4312 naturalibus.
861 4249 899 4310 ln
926 4248 956 4310 Τ
952 4249 1080 4325 strenis,

159 4378 311 4428 “Deseruit
330 4377 463 4426 Dominus
481 4378 565 4425 altare
584 4391 670 4433 suum,
685 4377 858 4425 abominatus
876 4386 917 4425 est
935 4375 1123 4428 sanctuarium
1138 4377 1226 4428 suni

237 4444 370 4493 conclusit
382 4445 409 4491 in
422 4458 519 4492 manus
531 4443 617 4491 hostis
630 4457 722 4490 muros
735 4443 896 4505 palatiorum
910 4443 969 4504 ejus
977 4443 992 4460 ¹'
1004 4444 1043 4505 (ii.
1055 4445 1096 4508 7):
