2684 4988
347 473 421 530 mn.
438 474 505 541 vr,
524 476 629 528 unns.
646 463 757 527 6.—u.
776 463 958 548 375[enur]·
1133 464 1211 553 ,7⁶5

110 712 119 729 ,
159 662 200 725 per
214 640 256 706 illa
274 644 298 709 in
318 667 409 710 sensu
438 646 609 729 spirituali
632 644 868 728 ‘'linteliigitur,
892 647 984 729 quod
1012 667 1135 728 nempe
1157 649 1212 729 qui

156 738 231 802 stiunt
245 761 302 803 vera
316 763 357 805 ex
376 741 498 805 Verbo
519 762 641 804 senex
660 738 815 804 dod'irina
833 742 1009 807 ecclesiae.
1028 762 1067 804 ac
1088 762 1155 804 non
1179 743 1211 804 in

154 831 314 898 bonoamoris
326 847 358 900 et
370 837 554 900 charitatis
565 847 653 907 sunt,
664 836 728 898 hoc
741 845 804 907 est,
817 855 884 898 non
895 837 1012 897 vivunt
1026 836 1211 898 secundum

144 924 193 999 rlla,
205 924 275 992 “tint
289 931 430 1011 virgines
450 951 541 1012 quae
560 930 670 993 oleum
690 950 758 993 non
779 930 907 992 habent
931 930 964 991 in
989 928 1209 1010 lampadibus,

147 1029 240 1102 etquae
253 1024 318 1088 ideo
337 1045 404 1088 non
423 1025 655 1087 admittuntur
672 1025 705 1086 in
725 1024 877 1098 caelum;
900 1024 960 1086 sed
980 1023 1070 1105 quod
1090 1021 1136 1085 illi
1155 1025 1210 1105 qui

143 1113 239 1180 inbono
250 1119 362 1183 amoris
378 1128 414 1182 et
431 1119 610 1183 charitatis
625 1132 715 1193 sunt,
733 1128 768 1181 et
784 1119 862 1181 inde
879 1120 911 1180 in
928 1119 1016 1180 veris
1031 1138 1075 1179 ex
1093 1116 1209 1180 Verbo

140 1220 177 1273 aut
189 1232 222 1274 ex
236 1211 379 1276 doiirina
397 1213 576 1286 ecclesiae,
594 1215 660 1276 sint
677 1215 826 1295 virgines
842 1234 929 1294 quae
947 1212 1075 1275 habent
1095 1211 1207 1275 oleum

139 1302 360 1388 iulampadibus,
378 1318 413 1371 et
430 1309 636 1389 recipiuntur
653 1310 684 1370 in
702 1307 819 1384 caelo;
843 1308 920 1369 inde
937 1316 1033 1387 patet
1050 1306 1138 1369 unde
1156 1319 1209 1369 est

136 1400 194 1476 quod
207 1401 260 1464 hae
276 1403 424 1483 virgines
443 1402 601 1480 dicantur
618 1401 860 1483 “prudentes”
874 1411 909 1464 at
928 1399 1007 1462 illae
1027 1399 1211 1463 ‘'stultae’‘

134 1487 255 1570 Quoniam
271 1495 412 1559 “oleum
420 1495 435 1519 ”
452 1494 664 1576 significabat
683 1496 809 1558 bonum
824 1496 947 1559 amoris
967 1504 1001 1557 et
1021 1494 1207 1565 charitatis,

132 1604 156 1648 ac
169 1590 309 1653 “vinum'’
327 1590 545 1672 significabat
564 1611 691 1663 verum,
711 1591 788 1653 ideo

165 1719 271 1774 Dominus
287 1725 352 1774 dicit
368 1724 404 1774 de
421 1724 563 1781 samarita,
576 1725 621 1787 qui
640 1725 690 1774 iter
706 1724 808 1773 iaciens
822 1725 889 1772 vidit
906 1725 934 1773 in
949 1725 993 1772 uia
1006 1725 1175 1772 uulneratum
1193 1738 1210 1772 a

218 1790 371 1849 latronibus,
385 1791 459 1854 quod
475 1790 600 1839 infuderit
612 1791 700 1838 oleum
715 1800 742 1839 et
755 1791 847 1839 viuum
862 1791 889 1839 in
902 1790 1014 1838 vulnera
1025 1789 1093 1850 ejus,
1107 1800 1134 1837 et
1145 1789 1207 1837 dein

217 1857 350 1905 sustulerit
362 1870 424 1905 eum
437 1870 520 1918 super
534 1858 670 1918 proprium
684 1856 843 1917 jumentum,
857 1854 963 1904 duxerit
977 1855 1003 1903 in
1018 1854 1205 1911 diversorium,

216 1930 240 1969 et
250 1921 347 1970 dixerit
357 1930 388 1970 ut
399 1935 493 1969 curam
506 1920 564 1982 ejus
576 1922 705 1970 haberent
716 1920 789 1981 (Luc.
801 1935 827 1969 x.
839 1922 945 1981 33-3slz

74 2072 78 2097 ι
125 2046 180 2112 haec
194 2053 220 2115 in
237 2073 337 2116 sensu
355 2052 522 2134 spirituali
540 2054 586 2115 ita
605 2054 852 2134 percipiuntur;
875 2073 935 2134 per
952 2051 1181 2114 “Samaritam
1190 2051 1206 2073 ''

74 2118 76 2185 i
125 2142 318 2227 intelliguntur
330 2158 456 2228 gentes
469 2168 554 2229 quae
570 2149 602 2209 in
620 2147 709 2210 bono
726 2148 900 2210 charitatis
916 2167 998 2226 erga
1014 2147 1205 2228 proximum

124 2249 191 2301 erant
199 2261 206 2315 ;
222 2262 277 2322 per
288 2242 533 2305 “vulneratum
545 2263 564 2304 a
577 2242 763 2306 latronibus
771 2242 786 2264 ”
796 2240 1031 2322 intelliguntur
1041 2241 1095 2322 qui
1108 2240 1206 2302 inies-

124 2340 206 2396 tantur
219 2338 260 2398 ab
278 2336 344 2399 illis
362 2338 418 2419 qui
442 2337 487 2399 ab
510 2336 637 2399 inferno
655 2345 745 2409 sunt,
766 2335 813 2399 illi
833 2338 923 2399 enim
941 2345 1019 2398 sunt
1044 2333 1203 2407 latrones,

122 2428 175 2505 quia
191 2432 285 2494 vitam
309 2430 520 2513 spiritualem
543 2431 687 2494 hominis
715 2430 852 2494 laedunt
876 2441 911 2493 et
935 2430 1115 2506 occidunt;
1146 2450 1205 2511 per

124 2521 226 2586 “oleum
242 2536 275 2588 et
291 2525 432 2588 vinum”
445 2544 531 2606 quae
546 2525 665 2587 infudit
681 2526 714 2587 in
731 2525 870 2588 vulnera
885 2524 955 2606 ejus
971 2522 1205 2605 intelliguntur

122 2616 265 2693 spiritualia
288 2640 376 2700 quae
399 2628 524 2682 sanant
546 2619 729 2692 hominem,
751 2640 811 2700 per
833 2618 997 2682 “oleum''
1019 2618 1143 2681 bonum
1166 2631 1201 2682 et

82 2781 85 2784 Α
121 2727 162 2787 per
173 2715 297 2775 “vinum
306 2714 321 2737 ”
337 2733 474 2787 verum;
499 2734 557 2794 per
572 2714 662 2796 quod
680 2714 879 2777 “sustulerit
899 2713 992 2776 illum
1011 2734 1110 2794 super
1125 2735 1202 2794 pro·

121 2805 196 2881 prium
211 2806 424 2888 jumentum”
446 2806 652 2888 significatur
674 2809 764 2890 quod
792 2809 856 2872 hoc
880 2808 995 2871 iecerit
1019 2810 1202 2872 secundum

120 2915 187 2961 ruam
195 2901 450 2983 intelligentiam
461 2913 622 2983 quantum
634 2913 760 2984 posset,
770 2908 789 2934 ‘⁶
799 2923 904 2984 equus
911 2901 926 2926 ’¹
936 2905 1025 2964 enim
1036 2902 1202 2983 significat

121 2987 324 3068 intelleiluale,
349 2998 475 3077 pariter
495 2996 708 3077 “jumentum
720 2995 745 3072 ;”
768 2997 857 3078 quod
883 2997 1047 3060 “duxerit
1070 3018 1146 3060 eum
1170 3000 1202 3061 in

121 3083 312 3163 diversorium,
332 3100 369 3153 et
388 3090 513 3154 dixerit
535 3101 570 3153 ut
595 3111 708 3153 curam
732 3089 801 3172 ejus
823 3091 1017 3164 haberent,”
1036 3092 1202 3172 significat

122 3182 186 3257 quod
207 3185 243 3246 ad
271 3184 347 3248 illos
371 3186 426 3268 qui
454 3183 606 3247 instruiii
629 3196 708 3247 sunt
736 3186 768 3247 in
792 3187 955 3248 ecclesiae
979 3183 1131 3248 dodirina
1158 3208 1201 3249 ex

121 3267 216 3348 Verbo,
233 3280 285 3360 qui
308 3299 386 3341 eum
410 3299 530 3342 sanare
552 3291 691 3360 possent
715 3279 790 3362 plus
808 3300 909 3361 quam
933 3279 999 3351 ille,
1019 3282 1074 3362 qui
1092 3281 1202 3343 adhuc

122 3362 146 3425 in
166 3370 355 3450 ignorantia:
386 3375 436 3436 ita
462 3373 544 3436 haec
567 3375 670 3436 verba
697 3376 932 3457 intelliguntur
955 3377 987 3436 in
1012 3374 1127 3451 caelo;
1158 3397 1202 3438 ex

124 3462 209 3538 quibus
224 3469 322 3530 etiam
344 3477 440 3549 patet
459 3469 548 3549 quod
569 3469 743 3541 Dominus,
764 3488 839 3532 cum
859 3469 918 3531 fuit
938 3470 970 3531 in
991 3469 1127 3541 mundo,
1145 3490 1203 3550 per

126 3570 206 3618 meras
220 3562 532 3644 correspondentias
556 3563 688 3625 locutus
711 3566 764 3635 sit,
782 3566 830 3626 ita
852 3585 912 3646 pro
936 3565 1061 3626 mundo
1084 3575 1119 3626 et
1143 3584 1202 3645 pro

127 3648 195 3711 caelo
207 3655 302 3718 simul.
349 3654 518 3737 Quoniam
533 3664 552 3689 “
562 3657 673 3720 oleum
682 3658 697 3682 ”
710 3657 920 3738 significabat
937 3659 1063 3720 bonum
1079 3661 1202 3721 amoris

128 3744 331 3825 cularitatis,
356 3761 392 3813 et
420 3771 480 3832 per
506 3751 540 3813 id
567 3762 730 3814 sanantur
751 3754 806 3833 qui
833 3753 1049 3834 spiritualiter
1071 3756 1203 3834 aegroti

130 3846 193 3909 sunt,
207 3841 271 3907 ideo
288 3847 411 3922 dicitur
428 3846 471 3909 de
489 3847 814 3929 discipulisDomini

243 3982 315 4046 Quod
327 3986 454 4035 unxerint
465 3987 526 4035 oleo
538 3987 636 4037 multos
648 3998 674 4037 et
686 3990 840 4038 sanaverint
852 3988 946 4049 (Marc.
956 3991 990 4038 vi.
1004 3990 1051 4050 13).
1103 4050 1113 4068 .

134 4097 287 4169 (mquid
296 4121 359 4174 μετ’·
366 4117 446 4163 oleum
457 4125 624 4176 praeparatum
632 4120 664 4164 ad
673 4082 805 4172 lucemus?
814 4127 837 4166 et
845 4121 904 4178 quid
915 4134 957 4178 per
965 4121 1065 4166 “oleum
1077 4133 1204 4180 praepura·

135 4170 330 4236 mammonas·
338 4184 362 4229 in
370 4185 449 4243 specie
455 4185 607 4244 significatur,
615 4187 722 4232 videatur
728 4188 751 4232 iu
759 4187 864 4232 Arcanis
873 4189 1050 4240 Caelestinum.
1059 4190 1203 4245 9778-9789.

137 4246 580 4317 “muniumubiexpltcarasunr.)
623 4244 680 4306 Ex
693 4244 745 4308 his
758 4265 846 4308 nunc
860 4245 965 4307 videri
979 4255 1096 4327 potest
1110 4247 1201 4327 quod

139 4325 328 4395 ttr‘uleun’
348 4334 555 4418 significetur
578 4337 703 4400 bonum
727 4337 875 4401 caeleste
898 4348 932 4400 et
956 4339 1080 4400 bonum
1104 4340 1200 4419 spiri-

142 4411 273 4490 unffi„
286 4427 405 4494 bonum
425 4432 553 4495 amoris·
568 4433 600 4495 in
621 4433 812 4508 Dominum,
830 4443 864 4496 et
884 4433 1009 4495 bonum
1026 4432 1200 4495 charitatis
