2684 4988
386 511 465 561 cnr.
482 510 572 574 v111.‚
589 510 693 561 vaas.
714 510 842 560 10.-u.
862 495 984 580 518[b].
1158 497 1236 577 1285

104 679 276 742 dicuntur
293 678 350 741 illa
367 678 521 760 plantata
537 677 663 759 “juxta
677 679 835 743 fluvium''
849 688 884 743 et
902 677 1062 760 “aquas’'
1077 698 1136 759 per
1152 697 1238 759 quae

104 773 328 854 significatur
358 774 515 837 Divinum
545 776 674 839 Verum
702 773 854 848 influens,
883 773 972 837 unde
1001 772 1237 853 intelligentia.

104 864 289 946 Quoniam
302 887 369 947 per
385 867 562 933 “Hortum
581 871 614 933 in
634 866 778 932 Edene”
794 888 852 930 seu
872 873 891 900 ‘⁶
902 867 1094 930 Paradisum
1103 865 1117 890 '’
1135 866 1238 930 intel·

104 959 233 1041 ligitur
251 963 416 1042 sapientia
435 974 470 1025 et
489 964 726 1045 intelligentia,
743 982 828 1044 quae
848 962 908 1024 iuit
927 961 1166 1042 antiquissimis
1182 961 1237 1042 qui

104 1063 197 1117 ante
212 1054 372 1117 diluvium
386 1058 554 1131 vixerunt,
566 1059 642 1120 ideo
656 1058 710 1120 ubi
722 1056 922 1119 describitur
932 1056 1097 1137 sapientia
1109 1074 1236 1128 eorum,

104 1149 222 1210 etiam
237 1150 436 1213 describitur
448 1151 593 1214 influxus
609 1152 722 1215 Divini
734 1149 817 1214 Veri
832 1160 867 1215 et
883 1151 962 1213 inde
977 1149 1235 1231 intelligentiae,

104 1262 175 1325 per

173 1365 297 1416 fluvium
310 1369 354 1431 qui
366 1371 382 1392 ‘⁴
390 1369 472 1418 exivit
483 1384 517 1418 ex
533 1369 623 1418 Edene
634 1369 668 1418 ad
680 1369 843 1431 irrigandum
856 1369 971 1425 bortum,
982 1376 1010 1417 et
1021 1367 1083 1416 inde
1095 1367 1236 1429 separaba-

249 1443 301 1490 tur,
315 1444 342 1482 et
353 1444 410 1482 erat
422 1435 448 1482 in
462 1446 575 1497 quatuor
586 1435 674 1497 capita
680 1433 694 1454 ''
706 1434 779 1495 (Gen.
791 1435 818 1483 ii.
833 1446 870 1493 10,
882 1433 965 1496 seq.):

112 1560 264 1624 “fluvius
284 1584 328 1626 ex
348 1563 490 1626 Edene”
506 1563 672 1645 significat
689 1564 888 1645 sapientiam
904 1584 948 1626 ex
966 1583 1091 1638 amore,
1108 1563 1163 1644 qui
1181 1567 1235 1625 est

113 1654 236 1733 Eden;
262 1658 333 1718 “ad
350 1658 553 1738 irrigandum
571 1659 705 1721 hortum
715 1659 729 1682 ”
745 1668 798 1720 est
814 1657 856 1721 ad
874 1656 1021 1719 dandum
1039 1656 1233 1738 intelligen-

114 1749 219 1810 tiam:
245 1750 427 1831 descriptio
444 1751 689 1832 intelligentiae
710 1750 746 1813 fit
766 1771 824 1832 per
841 1757 1011 1832 “quatuor
1030 1749 1175 1823 fluvios,”
1191 1750 1234 1813 de

115 1840 237 1920 quibus
261 1841 306 1903 ibi
328 1843 451 1922 agitur.
495 1859 554 1916 (see
568 1859 615 1904 hoe
629 1859 773 1918 explicatum
784 1850 1041 1904 nominamus
1054 1856 1199 1910 caesnas,
1211 1871 1234 1904 n.

119 1946 242 2003 107-121.)
285 1928 390 2011 Apud
408 1930 623 2006 Ezechielem,

165 2070 298 2120 “Aschur
314 2072 409 2120 cedrus
427 2072 454 2119 in
473 2070 576 2121 Libano
578 2109 648 2128 .....
688 2087 738 2122 uae
755 2086 873 2122 crescere
894 2072 1014 2121 lecerunt
1031 2086 1099 2129 eam,
1120 2073 1234 2133 abyssus

246 2135 328 2184 altam
344 2136 406 2184 lecit
418 2151 487 2195 eam,
502 2138 538 2185 ita
552 2148 580 2186 ut
595 2151 654 2186 cum
688 2138 756 2186 uviis
768 2137 824 2186 suis
839 2137 915 2185 iverit
930 2137 998 2185 circa
1012 2136 1130 2199 plantam
1146 2150 1231 2195 suam,

245 2211 273 2249 et
285 2199 466 2264 aquaedudius
478 2217 542 2250 suos
554 2203 670 2252 emiserit
682 2203 716 2251 ad
727 2217 823 2251 omnes
835 2203 944 2251 arbores
955 2202 1012 2264 agri
1020 2200 1035 2222 ”
1047 2201 1128 2262 (xxxi.
1141 2213 1164 2262 3,
1175 2203 1216 2262 4):

120 2333 304 2398 “Aschur'’
319 2334 486 2415 significat
504 2335 703 2399 rationalem
723 2336 893 2398 hominem
909 2356 968 2397 seu
987 2332 1152 2398 rationale
1170 2333 1232 2396 ho·
1279 2359 1284 2369 ·

119 2429 234 2506 minis;
268 2428 421 2491 similiter
449 2430 597 2491 “cedrus
625 2430 657 2490 in
686 2428 817 2491 Libano
830 2428 855 2490 :'’
886 2439 921 2491 et
948 2429 1025 2509 quia
1050 2428 1233 2509 genuinum

118 2521 280 2585 rationale
297 2520 465 2602 perficitur
477 2544 497 2585 a
510 2523 758 2603 cognitionibus
771 2523 840 2585 veri
856 2532 891 2587 et
907 2523 996 2597 boni,
1011 2522 1131 2584 dicitur
1143 2522 1232 2603 quod

118 2618 250 2697 “aquae
264 2635 413 2678 crescere
426 2617 564 2679 iecerint
578 2635 663 2690 eam,
675 2627 709 2678 et
722 2616 863 2696 abyssus
875 2615 979 2677 altam
992 2615 1107 2678 iecerit
1120 2635 1194 2677 eam
1207 2613 1233 2690 ;'’

116 2710 249 2792 “aquae
259 2709 274 2732 ''
292 2720 369 2773 sunt
389 2731 477 2783 vera,
498 2721 533 2773 et
554 2709 746 2790 ‘'abyssus''
765 2710 978 2791 cognitiones
999 2710 1067 2771 veri
1091 2729 1176 2790 quae
1199 2710 1232 2770 in

111 2802 258 2866 naturali
290 2803 446 2866 homine:
479 2805 721 2867 incrementum
750 2803 997 2884 intelligentiae
1025 2802 1233 2884 significatur

104 2908 167 2969 per
185 2897 278 2979 quod
297 2895 433 2979 “[cum]
454 2897 558 2959 fluviis
574 2899 641 2959 suis
660 2899 756 2960 iverit
773 2899 860 2960 circa
879 2898 1032 2978 plantam
1046 2896 1071 2973 ;'’
1094 2907 1130 2959 et
1145 2896 1231 2959 mul·

104 2990 281 3073 tiplicatio
308 2992 538 3072 cognitionum
566 2993 635 3054 veri
664 3011 723 3072 per
750 2992 839 3074 quod
868 2988 1124 3073 “aquaedutius
1153 3010 1232 3052 suos

104 3085 262 3149 &miserit
281 3086 324 3147 ad
343 3105 462 3149 omnes
480 3088 616 3149 arbores
634 3086 733 3168 agri.''
776 3085 880 3167 Apud
898 3086 1073 3161 Davidem,

153 3226 276 3276 uVitem
289 3242 322 3275 ex
335 3227 460 3290 Aegypto
475 3227 604 3290 proticisci
617 3228 702 3278 iecisti
705 3265 775 3286 .....
780 3229 893 3277 emisisti
906 3229 1067 3290 propagines
1079 3227 1138 3289 ejus
1147 3241 1232 3290 usque

245 3293 279 3340 ad
289 3306 371 3350 mare,
385 3302 412 3342 et
424 3295 458 3341 ad
471 3292 580 3342 fluvium
590 3294 756 3343 ramusculos
770 3293 829 3356 ejus
836 3293 851 3313 ’⁹
865 3294 920 3356 (Ps.
935 3294 1007 3343 lxxx.
1018 3308 1043 3356 9,
1057 3305 1086 3340 12
1100 3290 1145 3358 [B.
1155 3294 1191 3343 A,
1206 3292 1229 3350 8,

247 3353 314 3421 up:

104 3506 168 3554 ser
183 3489 320 3551 “vitem
333 3510 377 3551 ex
395 3488 561 3571 Aegypto
569 3489 584 3514 ”
595 3490 830 3571 intelliguntur
846 3488 902 3553 filii
919 3489 1064 3564 Israelis,
1080 3490 1136 3572 qui
1153 3490 1231 3551 “vi-

104 3586 149 3647 :is
159 3583 178 3608 ”
198 3583 357 3645 dicuntur
375 3585 452 3665 quia
475 3595 793 3665 representaverunt
816 3584 993 3648 ecclesiam
1011 3583 1229 3666 spiritualem,

104 3696 214 3761 quam
240 3676 373 3740 “vitis’'
395 3679 428 3739 in
452 3676 569 3740 Verbo
591 3677 780 3759 significat:
809 3680 1032 3741 commoratio
1055 3697 1170 3741 eorum
1197 3679 1229 3740 in

104 3773 286 3852 Aegypto·
297 3773 574 3852 repraesentabat
594 3774 733 3852 primam
753 3773 977 3835 initiationem
996 3774 1029 3835 in
1049 3793 1102 3835 res
1120 3772 1229 3835 eccle·

104 3868 192 3938 siae,
203 3858 506 3947 nani“⁴Aegyptus
516 3863 750 3947 ”significabat
761 3864 1168 3929 scientificainservientia
1178 3887 1229 3928 re·

104 3961 172 4025 bus
196 3958 381 4035 ecclesiae;
409 3979 484 4022 cum
508 3962 620 4041 itaque
645 3959 774 4022 “vitis”
797 3959 963 4040 significat
982 3961 1171 4033 ecclesiam,
1195 3970 1230 4023 et

104 4063 126 4087 ¹⁶
139 4054 327 4134 Aegyptus
336 4053 351 4078 ”
369 4054 588 4116 scientificum
607 4055 637 4116 ei
656 4054 850 4127 inserviens,
870 4063 966 4133 patet
983 4055 1062 4135 quid
1080 4055 1113 4116 in
1131 4074 1230 4116 sensu

104 4147 278 4230 spirituali
302 4145 509 4227 significatur
525 4166 584 4227 per
600 4147 732 4210 “vitem
751 4167 796 4209 ex
816 4146 982 4228 Aegypto
1000 4146 1164 4227 proficisci
1183 4147 1229 4210 fe·

105 4242 187 4306 cisti
201 4240 227 4318 ;”
243 4242 401 4302 extensio
413 4239 659 4320 intelligentiae
672 4238 742 4320 ejus
758 4241 919 4322 usquead
936 4240 1119 4304 scientifica
1135 4251 1170 4303 et
1186 4240 1229 4302 ad

104 4335 301 4409 rationalia,
310 4334 515 4415 significetur
526 4355 584 4415 per
592 4341 612 4366 ‘⁶
622 4334 772 4398 Emisisti
784 4336 986 4417 propagines
995 4335 1064 4415 ejus
1073 4356 1175 4417 usque
1186 4334 1228 4395 ad

104 4450 211 4506 mare,
230 4439 265 4492 et
283 4428 489 4491 ramusculos
507 4429 549 4490 ad
568 4425 704 4491 fluvium
716 4428 742 4508 ;”
766 4430 952 4492 “emittere
971 4430 1175 4511 propagines
1193 4437 1227 4491 et
