2684 4988
108 482 174 554 720
419 484 669 537 APOCALYPSIS
692 485 918 538 exemerim

108 653 255 712 significetur
265 667 334 700 arnor
348 654 474 712 spiritualis
489 668 532 700 seu
547 655 655 706 chetim.
666 655 776 700 videatur
790 668 814 700 n.
824 668 893 713 4497,
902 665 970 712 45⁰²·
981 665 1052 712 4503:
1068 665 1108 700 et<

108 721 176 768 illum
187 721 211 767 in
221 734 334 780 supremo
343 735 415 767 sensu
425 722 568 783 intelligatur
579 722 705 774 Dominus.
717 735 740 768 n.
752 725 819 779 3875.
831 725 910 780 3877.)

160 798 233 883 [00]
264 800 370 882 Apud
387 799 604 876 Ezechielem,

162 930 263 981 “Tunc
275 946 392 994 pangam
405 932 438 981 iis
450 932 547 981 foedus
560 932 644 994 pacis.
655 941 683 981 et
692 947 800 981 cessare
809 932 906 981 iaciarn
916 933 1002 981 ieram
1012 932 1108 980 malam

240 1007 268 1045 ιιι
282 997 405 1046 habitent
415 997 444 1046 in
456 998 564 1046 deserto
576 1012 679 1056 secure,
690 1008 717 1046 et
729 990 866 1047 dormiant
879 998 906 1046 in
919 998 995 1047 silvis
1005 1015 1023 1046 ε.
1034 1035 1040 1047 .
1051 1035 1056 1046 .
1067 1008 1108 1046 ,ιιι

240 1063 321 1110 arbor
339 1062 397 1123 agri
416 1060 533 1110 fructum
553 1076 642 1119 suum,
662 1073 689 1110 et
709 1071 782 1111 terra
800 1063 874 1111 dabit
893 1073 1055 1125 proventum
1074 1077 1108 1111 su

172 1136 175 1142 ·
240 1127 348 1240 puando
360 1127 467 1189 fregero
480 1128 539 1176 lora
552 1127 610 1190 jugi
622 1141 726 1185 eorum,
740 1137 767 1177 et
782 1128 931 1178 liberavero
945 1143 1019 1177 eoae
1032 1142 1108 1176 manu

252 1192 397 1241 acientium
410 1191 480 1241 eos”
492 1191 592 1255 (xxxiv.
605 1204 644 1252 25,
657 1194 713 1254 27):

111 1331 215 1394 etiarn
239 1331 282 1393 ibi
306 1332 418 1413 agitur
440 1332 483 1394 de
506 1332 657 1394 adventu
685 1332 833 1407 Domini,
858 1344 893 1395 et
916 1333 960 1395 de
984 1335 1108 1395 instaur

112 1444 221 1487 novae
237 1424 401 1487 ecclesiae
417 1425 462 1487 ab
478 1425 577 1506 Ipso;
600 1423 794 1506 conjunctio
810 1426 942 1489 illorum
955 1428 1011 1508 qui
1027 1426 1072 1488 ab
1088 1447 1106 1488 e

110 1538 187 1581 cum
216 1519 374 1594 Domino,
400 1518 609 1600 significatur
635 1540 695 1601 per
719 1520 866 1581 “foedus
893 1520 1009 1602 pacis”
1031 1542 1108 1602 quo«

110 1616 239 1696 panget
259 1614 318 1689 iis;
343 1614 420 1676 inde
437 1614 547 1676 tutela
563 1623 598 1676 et
615 1616 780 1676 securitas
796 1635 816 1676 a
836 1614 933 1677 malis
950 1625 984 1677 et
1004 1614 1108 1685 falsis.

111 1706 230 1770 ficator
246 1727 304 1789 per
322 1707 493 1770 “Cessare
513 1708 632 1770 faciam
652 1707 755 1770 seram
775 1708 900 1770 malam
920 1729 938 1771 e
959 1719 1060 1779 terra,
1080 1719 1108 1770 ut

112 1810 187 1864 tent
205 1803 237 1864 in
254 1802 391 1864 deserto
411 1821 537 1874 secure,
555 1812 590 1864 et
607 1802 777 1864 dormiant
798 1805 830 1864 in
847 1803 940 1865 silvis
953 1802 978 1878 ;”
1004 1803 1103 1865 “fera

111 1895 280 1977 significat
298 1894 387 1957 mala
400 1897 510 1958 omnis
526 1898 670 1976 generis,
686 1896 889 1979 “desertum
898 1896 913 1919 '¹
926 1897 982 1958 ubi
998 1897 1107 1959 “habi

112 1989 251 2053 secure''
274 1989 443 2071 significat
467 1990 673 2071 cupiditates
697 1989 777 2051 mali
800 1991 890 2071 quod
916 2010 984 2052 non
1010 1990 1108 2053 infest

112 2093 147 2147 et
173 2082 309 2147 “silvae
320 2083 336 2107 ”
363 2085 396 2146 in
423 2083 543 2166 quibus
568 2084 801 2156 “dormient,”
824 2083 1016 2164 significant
1044 2083 1108 2146 sals

112 2199 198 2262 quae
216 2198 277 2241 nec
297 2177 527 2240 infestabunt:
553 2175 766 2240 fructificatio
784 2177 862 2239 boni
883 2198 941 2259 per
957 2200 1048 2250 vera,
1064 2179 1101 2241 et

112 2274 252 2357 plicatio
271 2274 341 2334 veri
360 2293 404 2335 ex
424 2272 526 2345 bon0,
545 2270 777 2353 significantur
797 2292 855 2353 per
873 2272 998 2335 “Tunc
1019 2273 1108 2335 dabit

112 2364 254 2431 fructum
282 2386 389 2438 suurn,
414 2377 449 2429 et
474 2375 564 2428 terra
587 2366 681 2428 dabit
709 2379 911 2447 proventum
936 2386 1032 2433 suum
1049 2367 1075 2442 ;''
1104 2375 1108 2398 ⁴

113 2464 185 2543 agri
194 2462 208 2486 '’
222 2461 389 2542 significat
407 2462 621 2542 cognitiones
635 2463 714 2533 veri,
730 2457 906 2523 “fructus''
920 2459 1090 2541 significat
1107 2465 1108 2470 ’

114 2556 202 2628 inde,
218 2563 337 2617 “terra
346 2554 361 2578 ”
374 2552 542 2634 significat
559 2553 738 2616 ecclesiam
752 2554 863 2635 quoad
884 2554 1021 2626 bonum,
1036 2556 1085 2615 ita
1101 2576 1108 2614 ι

113 2650 239 2712 bonum
256 2649 431 2720 ecciesiae,
445 2659 480 2709 et
500 2655 713 2728 “proventus
730 2647 800 2727 ejus
809 2648 823 2670 ‘'
836 2646 1005 2727 significat
1023 2649 1101 2709 inde

113 2742 332 2826 plicationern
352 2743 440 2804 veri:
465 2742 554 2823 quod
579 2741 662 2802 haec
684 2739 764 2802 fient
782 2740 847 2803 illis
866 2752 1047 2822 postquam
1070 2741 1108 2802 D«

113 2839 258 2901 removit
279 2835 367 2897 mala
390 2846 425 2898 et
449 2834 533 2897 salsa
551 2855 637 2916 quae
661 2834 737 2907 iltis,
758 2833 967 2915 significatur
987 2855 1046 2916 per
1068 2844 1108 2897 “c

113 2931 245 3012 fregero
265 2930 336 2992 lora
352 2930 423 3010 jugi
442 2949 568 3001 eorum,
586 2939 620 2991 et
646 2927 833 2991 liberavero
852 2950 871 2990 e
890 2949 991 2991 manu
1008 2931 1108 2991 servir

115 3027 244 3089 entium
264 3046 323 3087 eos
335 3025 362 3102 ;”
387 3023 487 3085 “lora
502 3023 573 3104 jugi
582 3023 597 3046 ”
616 3034 694 3085 sunt
715 3022 863 3103 jucunda
882 3023 962 3085 mali
985 3044 1028 3085 ex
1051 3042 1106 3084 arn

114 3131 149 3184 et
174 3120 288 3181 mundi
308 3139 394 3200 quae
417 3116 494 3179 illos
514 3115 645 3179 vinctos
670 3127 811 3193 tenent;
835 3127 870 3179 et
892 3118 1048 3178 “servire
1072 3117 1108 3178 sa«

114 3215 197 3278 eos''
220 3225 298 3276 sunt
322 3213 416 3286 salsa,
441 3213 517 3293 quia
544 3212 628 3273 haec
652 3211 778 3273 iaciunt
803 3221 839 3273 ut
863 3213 1012 3273 serviant
1037 3212 1103 3273 illis

115 3307 219 3390 Apud
240 3306 449 3380 Sacharrirm,

167 3440 288 3490 “Semen
299 3440 373 3503 pacis
383 3449 470 3496 erunt,
482 3439 544 3487 vitis
554 3438 629 3488 dabit
639 3435 854 3495 imctumsuum‚
866 3448 893 3486 et
905 3447 977 3487 terra
985 3438 1060 3487 dabit
1074 3453 1108 3500 pn

245 3521 334 3564 suum,
353 3515 380 3554 et
397 3505 465 3553 caeli
483 3505 586 3552 dabunt
605 3517 693 3551 rorem
712 3518 790 3552 suurn
802 3503 1016 3565 :....ioquimini
1035 3504 1108 3552 vorin

246 3585 306 3619 cum
319 3571 394 3619 socio
407 3584 464 3626 suo.
480 3569 620 3617 veritatem
635 3578 662 3616 et
676 3568 805 3630 judicium
821 3568 894 3628 pacis
909 3569 1026 3629 judicate
1039 3569 1066 3615 in
1081 3583 1108 3629 p<

247 3637 324 3694 πίω.
335 3636 519 3685 ...veritatem
533 3635 614 3682 modo
627 3644 654 3682 et
667 3648 760 3695 pacem
773 3643 862 3681 amate
871 3632 884 3650 ’¹
897 3629 987 3694 (vluit.
1002 3645 1040 3690 12,
1055 3635 1093 3691 ιι),

118 3780 263 3838 “semen
283 3775 375 3856 pacis
386 3773 401 3798 ”
420 3774 577 3836 dicuntur
596 3773 685 3854 apud
705 3793 789 3854 quos
809 3782 861 3834 est
881 3768 1075 3852 conjunctio
1098 3773 1108 3833 i

115 3871 185 3932 veri
198 3890 205 3944 ;
222 3878 258 3932 et
268 3870 345 3950 quia
356 3867 402 3930 illi
414 3889 472 3949 per
484 3875 628 3930 “semen
640 3867 755 3948 pacis”
766 3865 1013 3946 intelliguntur,
1027 3866 1104 3928 ideo

116 3964 206 4046 quod
222 3964 329 4025 “vitis
342 3963 436 4024 dabit
453 3958 595 4024 fructum
609 3981 715 4034 suurn,
730 3972 765 4023 et
779 3971 869 4022 terra
885 3969 1088 4040 proventum
1102 3982 1108 4020 ι

116 4077 176 4139 per
185 4057 275 4139 quod
288 4057 395 4118 “vitis
405 4056 500 4118 dabit
514 4052 655 4117 fructum
669 4074 764 4116 suurn
774 4054 789 4076 ’⁹
799 4052 1008 4135 significatur
1019 4055 1109 4135 quod

117 4152 281 4232 producet
295 4151 432 4223 bonum,
444 4160 477 4212 et
493 4170 551 4230 per
562 4150 651 4230 quod
664 4156 683 4180 ‘⁶
694 4160 783 4211 terra
793 4149 887 4210 dabit
903 4160 1106 4229 proventum

116 4244 325 4326 significatur
337 4245 427 4327 quod
444 4245 569 4305 bonum
586 4242 749 4324 producet
764 4264 842 4304 vera
856 4263 863 4318 ;
885 4249 904 4272 ‘⁶
915 4243 992 4303 vitis
1001 4241 1016 4263 ''
1029 4243 1108 4303 enin

117 4338 195 4402 ficat
215 4339 394 4402 ecclesiam
414 4338 525 4420 quoad
549 4358 639 4411 vera,
660 4358 718 4399 seu
737 4358 816 4398 vera
840 4335 1015 4408 ecclesiae,
1036 4347 1071 4397 et
1094 4342 1108 4366 ‘¹

117 4433 285 4515 significat
301 4433 480 4496 ecclesiam
497 4432 608 4513 quoad
629 4433 765 4506 bonum,
783 4452 841 4493 seu
860 4432 984 4492 bonum
1001 4428 1108 4492 eccles
