2684 4988
107 480 172 566 98⁶
417 497 667 549 anocnevnsrs
689 496 915 548 exterum.

108 670 144 735 et
166 669 283 734 cultus
309 680 474 751 apparent
502 670 535 733 in
564 670 727 743 externis,
757 690 816 733 seu
839 670 964 732 sistunt
993 688 1030 730 se
1055 666 1181 730 videriin

111 765 274 837 externis,
294 765 524 844 comparative
543 765 629 827 sicut
647 765 780 826 interna
798 763 944 826 hominis
963 764 996 825 in
1014 761 1100 836 facie,
1116 770 1182 842 patet

109 859 188 941 quid
212 857 421 940 significatur
447 859 479 920 in
504 878 604 920 sensu
626 859 760 921 interno
784 878 844 939 per
867 857 1009 920 “videre
1031 853 1183 938 Jehovam”

108 973 168 1110 siu
184 953 367 1043 Dominum
381 958 400 984 ‘⁴
410 952 493 1015 facie
512 952 555 1016 ad
574 951 716 1015 saciem”
728 954 762 1015 in
778 953 998 1035 sequentibus
1012 951 1061 1014 his
1077 950 1186 1013 locis:-

146 1047 215 1128 pu'd
232 1045 359 1122 Mosen,

160 1200 178 1223 '⁶
185 1197 471 1329 vfflgpffimifflelid
481 1197 586 1256 lactem,
597 1207 624 1247 et
633 1198 709 1248 selva
718 1209 808 1248 tamen
816 1206 858 1248 est
866 1198 960 1247 anima
967 1195 1049 1247 Μ’*
1058 1192 1186 1260 (Geumi

327 1302 332 1314 .
373 1277 425 1325 .3o
456 1280 462 1314 ε

107 1407 193 1471 llaec
208 1405 304 1470 'dixit-
316 1406 462 1489 Jacobus
478 1416 657 1490 postquam
673 1402 819 1470 luetatus
838 1416 891 1470 est
908 1427 985 1470 cum
1001 1406 1085 1482 Deo,
1099 1403 1144 1488 qui
1156 1399 1188 1466 illi

109 1503 263 1583 apparuit
283 1511 320 1565 ut
338 1500 505 1583 Angelus.
551 1501 591 1564 In
608 1500 713 1564 Libro
731 1496 901 1576 Judaeum,

161 1630 308 1694 ¹·euue0n
321 1645 388 1694 nixu
390 1681 460 1703 .....
464 1645 525 1694 vm
538 1645 672 1708 nngnmn
684 1644 802 1709 Jesom
814 1644 1054 1701 percantatum
1069 1639 1189 1694 eramen

240 1709 369 1774 Jehovah,
386 1711 442 1759 Pax
453 1711 509 1768 tibi,
523 1711 579 1758 noli
592 1711 694 1768 timere,
709 1726 762 1759 non
776 1711 898 1759 morieris
906 1710 920 1728 ”
931 1712 978 1770 (vi.
991 1723 1031 1769 22,
1043 1709 1095 1771 23);

160 1774 263 1825 Pariter
276 1775 443 1825 Manoachus
455 1785 482 1824 et
493 1791 560 1825 uxor
572 1775 631 1838 ejus
642 1776 746 1840 (Judir.
757 1775 812 1825 xiii.
826 1772 893 1840 [21,]
904 1787 945 1835 22,
957 1775 1007 1838 23).

110 1894 158 1960 Et
177 1897 220 1961 de
239 1898 363 1980 populo
383 1898 580 1973 Israelitico,

161 2012 264 2070 “Facie
277 2020 310 2069 ad
322 2020 417 2070 faeiem
430 2021 533 2071 locutus
542 2031 584 2070 est
595 2019 716 2086 Jebovalr
726 2021 863 2071 vobiscum
875 2036 890 2069 e
902 2029 996 2070 monte
1008 2035 1024 2069 e
1034 2019 1131 2071 mediol
1160 2012 1190 2065 is”

240 2086 344 2146 (Deutr.
359 2101 384 2136 v.
398 2087 439 2145 4l:
460 2087 494 2135 de
511 2101 564 2150 qua
581 2100 610 2135 re
627 2086 741 2148 amplius
759 2087 796 2135 ita
812 2085 916 2143 dicitur,
928 2084 1050 2135 “Videre
1067 2085 1122 2134 lecit
1132 2032 1189 2156 fist]

240 2150 373 2216 Jehovah.
384 2189 390 2201 .
400 2189 406 2200 .
417 2152 540 2215 ,gloriam
550 2165 635 2210 suam,
645 2163 672 2200 et
680 2151 890 2214 magnitudinem
900 2166 986 2208 suam,
998 2160 1025 2200 et
1035 2164 1118 2199 vocem
1128 2147 1189 2210 lpsut

240 2216 392 2266 audivimus
404 2233 418 2266 e
433 2216 523 2266 medio
535 2217 622 2279 ignis:
640 2217 691 2266 hoc
703 2217 746 2266 die
758 2216 874 2265 vidimus
886 2217 958 2280 quod
971 2217 979 2264 l
1017 2226 1091 2264 uetur
1102 2209 1189 2264 uenat

240 2282 387 2339 hominem,
401 2292 428 2331 et
440 2283 517 2330 vivus
528 2280 657 2330 maneat”
670 2282 771 2344 (Deae.
783 2286 808 2331 t.
820 2293 850 2330 21
865 2279 911 2346 [B.
922 2283 959 2330 A.
971 2293 1003 2341 24
1028 2317 1035 2331 .

112 2414 159 2480 Et
177 2416 219 2479 de
237 2414 340 2491 Mose,

163 2533 180 2553 '¹
189 2520 305 2579 Loc'utus
319 2540 360 2578 est
377 2528 498 2594 Jelrovah
515 2529 549 2577 ad
565 2527 661 2578 Mosen
674 2528 741 2577 iacie
752 2529 787 2577 ad
804 2527 909 2584 laciem,
923 2528 993 2576 sieut
1006 2527 1115 2591 loquitur
1125 2517 1189 2572 viril

241 2596 343 2644 socium
356 2610 432 2644 suum
441 2595 455 2612 ”
467 2594 560 2657 (Exod.
573 2595 663 2643 xxxiii.
677 2606 722 2653 n,
739 2594 831 2642 Deutr.
840 2594 930 2643 xxxiv.
945 2593 994 2655 ιο).

112 2732 163 2797 At
186 2734 358 2796 sciendum
381 2744 434 2796 est
458 2733 548 2816 quod
571 2753 638 2795 non
662 2732 748 2794 ullus
771 2732 887 2808 homo,
909 2752 951 2794 ne
981 2731 1110 2814 quidem
1129 2725 1189 2790 ullu

112 2828 264 2909 angelus,
282 2829 387 2908 possit
408 2829 521 2890 videre
540 2828 658 2890 faciem
677 2827 823 2900 Domini,
840 2828 999 2907 quoniam
1017 2836 1068 2888 est
1083 2823 1188 2886 Divinus

113 2922 241 2998 Amor;
265 2943 303 2985 ac
321 2943 421 2984 nemo
444 2924 589 2984 sustinet
613 2921 771 2983 Divinum
791 2919 967 2993 Amorem,
988 2920 1091 3002 qualis
1110 2913 1188 2979 estin

112 3037 167 3078 se:
192 3016 277 3079 soret
296 3019 386 3078 enim
405 3017 518 3078 videre
542 3016 659 3078 faciem
684 3016 819 3077 Domini
838 3015 923 3077 sicut
944 3016 1119 3077 immittere
1134 3026 1213 3072 ocu-0

113 3111 181 3172 lum
208 3112 240 3172 in
268 3113 374 3191 ipsum
402 3113 515 3192 ignem
542 3110 642 3186 solis;
673 3110 751 3171 inde
775 3111 863 3171 enim
891 3120 1066 3171 momento
1090 3104 1187 3187 periret·

113 3204 206 3267 Talis
229 3226 361 3287 quoque
385 3218 437 3267 est
463 3206 603 3266 Divinus
627 3202 736 3265 Amor
759 3203 895 3265 Domini
919 3204 952 3265 in
976 3224 1012 3265 se
1035 3197 1187 3282 spetlatus;

113 3311 318 3381 quapropter
343 3299 506 3360 Dominus
530 3296 595 3359 illis
614 3298 646 3358 in
670 3296 772 3359 caelis
795 3296 1009 3358 interioribus
1032 3292 1187 3376 apparetui

113 3394 183 3467 Sol,
203 3404 238 3456 et
259 3393 316 3456 Sol
334 3394 388 3456 ille
405 3394 632 3455 circumdatus
651 3402 703 3454 est
720 3392 851 3454 circulis
869 3392 1011 3453 radiosis
1027 3388 1138 3459 multis.
1151 3376 1187 3462 qli

113 3488 226 3550 circuli
239 3499 316 3550 sunt
335 3488 506 3550 involucra
523 3506 623 3549 unum
641 3495 718 3566 post
735 3486 889 3558 alterum,
908 3496 944 3547 ut
962 3485 1098 3547 Divinus
1110 3479 1187 3542 Amor

113 3594 321 3663 temperatus
344 3594 379 3644 et
399 3583 594 3643 moderatus
610 3580 772 3660 procedat
789 3580 831 3641 ad
851 3579 993 3660 angelos
1014 3580 1045 3641 in
1064 3575 1151 3643 caelo.
1164 3573 1186 3627 tl

113 3680 159 3740 sic
186 3678 299 3758 angeli
327 3680 515 3738 sustineant
539 3677 652 3737 illum:
687 3686 893 3756 quapropter
916 3674 1081 3736 Dominus
1098 3679 1131 3731 ut
1149 3656 1187 3725 50¹

113 3782 254 3853 apparet
274 3770 382 3833 solum
403 3771 532 3851 angelis
545 3771 752 3850 superiorum
772 3768 953 3841 caelorum,
974 3779 1008 3830 at
1028 3758 1186 3847 angelisin·

112 3866 267 3928 seriorum
295 3867 463 3927 caelorum
488 3866 590 3926 modo
617 3874 757 3944 apparet
784 3873 820 3925 ut
849 3862 945 3937 Lux;
976 3872 1011 3925 et
1035 3856 1187 3940 reliquisti

23 4034 29 4049 .
113 3962 218 4024 Luna.
258 3961 307 4022 At
321 3981 424 4041 usque
435 3972 575 4039 apparet
590 3959 754 4021 Dominus
767 3959 800 4018 in
813 3957 909 4019 caelo
921 3958 1062 4037 angelis,
1074 3953 1124 4017 sed
1134 3956 1186 4010 tunc

113 4058 175 4118 sub
190 4056 295 4118 forma
308 4055 472 4135 angelica,
487 4055 604 4134 implet
622 4056 709 4115 enim
723 4052 881 4133 angelum
896 4071 957 4113 suo
973 4053 1045 4113 visu
1057 4048 1137 4113 etsie
1149 4051 1187 4100 ⁵⁰⁸

113 4152 303 4231 praesentia
321 4171 339 4211 e
356 4150 552 4230 longinquo,
572 4157 607 4211 et
627 4149 741 4210 hocin
760 4149 858 4210 variis
878 4145 971 4219 locis,
992 4157 1028 4208 at
1048 4142 1138 4207 ubivis
1151 4148 1187 4194 ³⁶·

112 4242 328 4306 commodate
342 4244 384 4305 ad
401 4244 526 4305 bonum
539 4244 661 4304 amoris
674 4252 708 4303 et
721 4241 797 4312 fidei
810 4242 896 4321 apud
911 4241 988 4302 illos
1001 4241 1055 4303 ubi
1067 4232 1187 4332 appareti

111 4342 159 4403 ita
176 4341 265 4402 visus
281 4349 333 4402 est
352 4339 517 4401 Dominus
534 4337 712 4409 Guideoni,
729 4356 768 4398 ac
785 4335 978 4397 Manoacho
991 4347 1026 4398 et
1039 4330 1126 4396 uxori
1135 4330 1188 4420 21¹¹?

112 4445 184 4498 tum
198 4433 296 4509 Mosi,
310 4447 344 4496 et
358 4433 483 4514 populo
497 4431 704 4509 Israelitico;
727 4430 791 4492 hoc
805 4431 917 4511 itaque
930 4442 984 4493 est
997 4429 1084 4512 quod
1098 4410 1188 4489 intell·
