<?xml version="1.0" encoding="UTF-8"?>
<!DOCTYPE html PUBLIC "-//W3C//DTD XHTML 1.0 Transitional//EN"
    "http://www.w3.org/TR/xhtml1/DTD/xhtml1-transitional.dtd">
<html xmlns="http://www.w3.org/1999/xhtml" xml:lang="en" lang="en">
 <head>
  <title>
</title>
<meta http-equiv="Content-Type" content="text/html;charset=utf-8" />
  <meta name='ocr-system' content='tesseract 3.04.00' />
  <meta name='ocr-capabilities' content='ocr_page ocr_carea ocr_par ocr_line ocrx_word'/>
</head>
<body>
  <div class='ocr_page' id='page_1' title='image "./apocalypsisexpl00swedgoog_0096.png"; bbox 0 0 2684 4988; ppageno 0'>
   <div class='ocr_carea' id='block_1_1' title="bbox 174 465 994 546">
    <p class='ocr_par' dir='ltr' id='par_1_1' title="bbox 174 465 994 546">
     <span class='ocr_line' id='line_1_1' title="bbox 174 465 994 546; baseline 0.017 -25"><span class='ocrx_word' id='word_1_1' title='bbox 174 465 251 546; x_wconf 76' lang='lat'>748</span> <span class='ocrx_word' id='word_1_2' title='bbox 500 479 747 532; x_wconf 76' lang='lat' dir='ltr'>APOCALYPSIS</span> <span class='ocrx_word' id='word_1_3' title='bbox 769 481 994 543; x_wconf 74' lang='lat' dir='ltr'><strong>EXPLICATA.</strong></span> 
     </span>
    </p>
   </div>
   <div class='ocr_carea' id='block_1_2' title="bbox 184 649 1316 2335">
    <p class='ocr_par' dir='ltr' id='par_1_2' title="bbox 184 649 1316 2335">
     <span class='ocr_line' id='line_1_2' title="bbox 189 649 1316 737; baseline 0.01 -26"><span class='ocrx_word' id='word_1_4' title='bbox 189 649 531 732; x_wconf 83' lang='lat' dir='ltr'>significeturbonum</span> <span class='ocrx_word' id='word_1_5' title='bbox 543 661 577 714; x_wconf 93' lang='lat' dir='ltr'>et</span> <span class='ocrx_word' id='word_1_6' title='bbox 588 670 704 715; x_wconf 87' lang='lat' dir='ltr'>verum</span> <span class='ocrx_word' id='word_1_7' title='bbox 715 672 870 733; x_wconf 87' lang='lat' dir='ltr'>aequeac</span> <span class='ocrx_word' id='word_1_8' title='bbox 882 675 942 736; x_wconf 91' lang='lat' dir='ltr'>per</span> <span class='ocrx_word' id='word_1_9' title='bbox 953 655 1096 720; x_wconf 90' lang='lat' dir='ltr'>“oleum</span> <span class='ocrx_word' id='word_1_10' title='bbox 1107 666 1144 721; x_wconf 90' lang='lat' dir='ltr'>et</span> <span class='ocrx_word' id='word_1_11' title='bbox 1155 658 1276 722; x_wconf 83' lang='lat' dir='ltr'>vinum</span> <span class='ocrx_word' id='word_1_12' title='bbox 1288 660 1316 737; x_wconf 84' lang='lat'>;&#39;&#39;</span> 
     </span>
     <span class='ocr_line' id='line_1_3' title="bbox 188 734 1313 827; baseline 0.01 -22"><span class='ocrx_word' id='word_1_13' title='bbox 188 734 260 806; x_wconf 85' lang='lat' dir='ltr'>sed</span> <span class='ocrx_word' id='word_1_14' title='bbox 267 765 327 827; x_wconf 94' lang='lat' dir='ltr'>per</span> <span class='ocrx_word' id='word_1_15' title='bbox 344 747 523 808; x_wconf 80' lang='lat' dir='ltr'>“triticum</span> <span class='ocrx_word' id='word_1_16' title='bbox 542 754 577 808; x_wconf 91' lang='lat' dir='ltr'>et</span> <span class='ocrx_word' id='word_1_17' title='bbox 597 744 761 809; x_wconf 90' lang='lat' dir='ltr'>hordeum</span> <span class='ocrx_word' id='word_1_18' title='bbox 770 746 786 771; x_wconf 86' lang='lat'>&#39;&#39;</span> <span class='ocrx_word' id='word_1_19' title='bbox 804 747 931 810; x_wconf 92' lang='lat' dir='ltr'>bonum</span> <span class='ocrx_word' id='word_1_20' title='bbox 951 759 987 812; x_wconf 88' lang='lat' dir='ltr'>et</span> <span class='ocrx_word' id='word_1_21' title='bbox 1003 771 1123 814; x_wconf 89' lang='lat' dir='ltr'>verum</span> <span class='ocrx_word' id='word_1_22' title='bbox 1139 753 1313 816; x_wconf 85' lang='lat' dir='ltr'>ecclesiae</span> 
     </span>
     <span class='ocr_line' id='line_1_4' title="bbox 188 836 1311 921; baseline 0.012 -23"><span class='ocrx_word' id='word_1_23' title='bbox 188 836 221 899; x_wconf 94' lang='lat' dir='ltr'>in</span> <span class='ocrx_word' id='word_1_24' title='bbox 241 856 376 919; x_wconf 85' lang='lat' dir='ltr'>genere,</span> <span class='ocrx_word' id='word_1_25' title='bbox 397 840 444 902; x_wconf 91' lang='lat' dir='ltr'>ita</span> <span class='ocrx_word' id='word_1_26' title='bbox 463 860 548 921; x_wconf 89' lang='lat' dir='ltr'>quae</span> <span class='ocrx_word' id='word_1_27' title='bbox 572 839 724 902; x_wconf 89' lang='lat' dir='ltr'>insensu</span> <span class='ocrx_word' id='word_1_28' title='bbox 746 840 881 904; x_wconf 86' lang='lat' dir='ltr'>litterae</span> <span class='ocrx_word' id='word_1_29' title='bbox 901 842 1026 921; x_wconf 87' lang='lat' dir='ltr'>Verbi;</span> <span class='ocrx_word' id='word_1_30' title='bbox 1052 864 1133 907; x_wconf 93' lang='lat' dir='ltr'>nam</span> <span class='ocrx_word' id='word_1_31' title='bbox 1158 847 1252 909; x_wconf 89' lang='lat' dir='ltr'>bona</span> <span class='ocrx_word' id='word_1_32' title='bbox 1276 859 1311 911; x_wconf 92' lang='lat' dir='ltr'>et</span> 
     </span>
     <span class='ocr_line' id='line_1_5' title="bbox 187 933 1310 1023; baseline 0.01 -29"><span class='ocrx_word' id='word_1_33' title='bbox 187 950 268 995; x_wconf 90' lang='lat' dir='ltr'>vera</span> <span class='ocrx_word' id='word_1_34' title='bbox 285 954 370 1014; x_wconf 90' lang='lat' dir='ltr'>quae</span> <span class='ocrx_word' id='word_1_35' title='bbox 389 935 422 995; x_wconf 89' lang='lat' dir='ltr'>in</span> <span class='ocrx_word' id='word_1_36' title='bbox 441 955 482 996; x_wconf 95' lang='lat' dir='ltr'>eo</span> <span class='ocrx_word' id='word_1_37' title='bbox 501 954 602 996; x_wconf 91' lang='lat' dir='ltr'>sensu</span> <span class='ocrx_word' id='word_1_38' title='bbox 621 933 726 997; x_wconf 88' lang='lat' dir='ltr'>Verbi</span> <span class='ocrx_word' id='word_1_39' title='bbox 745 945 835 1008; x_wconf 90' lang='lat' dir='ltr'>sunt,</span> <span class='ocrx_word' id='word_1_40' title='bbox 856 937 947 999; x_wconf 90' lang='lat' dir='ltr'>bona</span> <span class='ocrx_word' id='word_1_41' title='bbox 965 948 1000 1001; x_wconf 92' lang='lat' dir='ltr'>et</span> <span class='ocrx_word' id='word_1_42' title='bbox 1020 959 1101 1002; x_wconf 89' lang='lat' dir='ltr'>vera</span> <span class='ocrx_word' id='word_1_43' title='bbox 1122 941 1154 1002; x_wconf 92' lang='lat' dir='ltr'>in</span> <span class='ocrx_word' id='word_1_44' title='bbox 1180 962 1310 1023; x_wconf 87' lang='lat' dir='ltr'>genere</span> 
     </span>
     <span class='ocr_line' id='line_1_6' title="bbox 188 1027 1308 1115; baseline 0.01 -27"><span class='ocrx_word' id='word_1_45' title='bbox 188 1038 277 1102; x_wconf 91' lang='lat' dir='ltr'>sunt,</span> <span class='ocrx_word' id='word_1_46' title='bbox 295 1027 436 1091; x_wconf 92' lang='lat' dir='ltr'>includit</span> <span class='ocrx_word' id='word_1_47' title='bbox 459 1029 549 1090; x_wconf 92' lang='lat' dir='ltr'>enim</span> <span class='ocrx_word' id='word_1_48' title='bbox 569 1048 686 1091; x_wconf 87' lang='lat' dir='ltr'>sensus</span> <span class='ocrx_word' id='word_1_49' title='bbox 711 1029 846 1091; x_wconf 85' lang='lat' dir='ltr'>litterae</span> <span class='ocrx_word' id='word_1_50' title='bbox 865 1050 1001 1094; x_wconf 88' lang='lat' dir='ltr'>sensum</span> <span class='ocrx_word' id='word_1_51' title='bbox 1025 1034 1252 1115; x_wconf 83' lang='lat' dir='ltr'>spiritualem.</span> <span class='ocrx_word' id='word_1_52' title='bbox 1272 1047 1308 1099; x_wconf 94' lang='lat' dir='ltr'>et</span> 
     </span>
     <span class='ocr_line' id='line_1_7' title="bbox 187 1122 1308 1205; baseline 0.008 -21"><span class='ocrx_word' id='word_1_53' title='bbox 187 1122 264 1186; x_wconf 92' lang='lat' dir='ltr'>inde</span> <span class='ocrx_word' id='word_1_54' title='bbox 277 1123 366 1186; x_wconf 92' lang='lat' dir='ltr'>bona</span> <span class='ocrx_word' id='word_1_55' title='bbox 379 1133 414 1185; x_wconf 92' lang='lat' dir='ltr'>et</span> <span class='ocrx_word' id='word_1_56' title='bbox 430 1143 510 1186; x_wconf 90' lang='lat' dir='ltr'>vera</span> <span class='ocrx_word' id='word_1_57' title='bbox 523 1122 708 1205; x_wconf 88' lang='lat' dir='ltr'>spiritualia</span> <span class='ocrx_word' id='word_1_58' title='bbox 721 1145 728 1199; x_wconf 88' lang='grc'><strong>;</strong></span> <span class='ocrx_word' id='word_1_59' title='bbox 748 1144 850 1204; x_wconf 88' lang='lat' dir='ltr'>quare</span> <span class='ocrx_word' id='word_1_60' title='bbox 866 1126 1045 1188; x_wconf 90' lang='lat' dir='ltr'>“triticum</span> <span class='ocrx_word' id='word_1_61' title='bbox 1060 1137 1095 1190; x_wconf 92' lang='lat' dir='ltr'>et</span> <span class='ocrx_word' id='word_1_62' title='bbox 1115 1128 1308 1193; x_wconf 86' lang='lat' dir='ltr'>hordeum”</span> 
     </span>
     <span class='ocr_line' id='line_1_8' title="bbox 187 1217 1305 1304; baseline 0.01 -26"><span class='ocrx_word' id='word_1_63' title='bbox 187 1217 379 1297; x_wconf 87' lang='lat' dir='ltr'>significant</span> <span class='ocrx_word' id='word_1_64' title='bbox 406 1217 495 1280; x_wconf 88' lang='lat' dir='ltr'>bona</span> <span class='ocrx_word' id='word_1_65' title='bbox 522 1227 557 1279; x_wconf 92' lang='lat' dir='ltr'>et</span> <span class='ocrx_word' id='word_1_66' title='bbox 584 1237 664 1279; x_wconf 88' lang='lat' dir='ltr'>vera</span> <span class='ocrx_word' id='word_1_67' title='bbox 692 1217 856 1280; x_wconf 90' lang='lat' dir='ltr'>ecclesiae</span> <span class='ocrx_word' id='word_1_68' title='bbox 884 1219 916 1280; x_wconf 93' lang='lat' dir='ltr'>in</span> <span class='ocrx_word' id='word_1_69' title='bbox 944 1239 1080 1301; x_wconf 85' lang='lat' dir='ltr'>genere,</span> <span class='ocrx_word' id='word_1_70' title='bbox 1109 1242 1200 1304; x_wconf 90' lang='lat' dir='ltr'>quae</span> <span class='ocrx_word' id='word_1_71' title='bbox 1227 1236 1305 1289; x_wconf 87' lang='lat' dir='ltr'>sunt</span> 
     </span>
     <span class='ocr_line' id='line_1_9' title="bbox 187 1309 1304 1383; baseline 0.009 -12"><span class='ocrx_word' id='word_1_72' title='bbox 187 1331 304 1374; x_wconf 88' lang='lat' dir='ltr'>sensus</span> <span class='ocrx_word' id='word_1_73' title='bbox 328 1311 462 1374; x_wconf 89' lang='lat' dir='ltr'>litterae</span> <span class='ocrx_word' id='word_1_74' title='bbox 481 1309 596 1383; x_wconf 90' lang='lat' dir='ltr'>Verbi,</span> <span class='ocrx_word' id='word_1_75' title='bbox 615 1320 650 1373; x_wconf 92' lang='lat' dir='ltr'>at</span> <span class='ocrx_word' id='word_1_76' title='bbox 672 1311 813 1374; x_wconf 89' lang='lat' dir='ltr'>“oleum</span> <span class='ocrx_word' id='word_1_77' title='bbox 837 1322 873 1375; x_wconf 92' lang='lat' dir='ltr'>et</span> <span class='ocrx_word' id='word_1_78' title='bbox 892 1315 1029 1376; x_wconf 87' lang='lat' dir='ltr'>vinnm”</span> <span class='ocrx_word' id='word_1_79' title='bbox 1049 1315 1141 1379; x_wconf 88' lang='lat' dir='ltr'>bona</span> <span class='ocrx_word' id='word_1_80' title='bbox 1165 1328 1203 1380; x_wconf 88' lang='lat' dir='ltr'>et</span> <span class='ocrx_word' id='word_1_81' title='bbox 1226 1339 1304 1383; x_wconf 89' lang='lat' dir='ltr'>vera</span> 
     </span>
     <span class='ocr_line' id='line_1_10' title="bbox 186 1404 1302 1486; baseline 0.009 -21"><span class='ocrx_word' id='word_1_82' title='bbox 186 1424 304 1466; x_wconf 90' lang='lat' dir='ltr'>sensus</span> <span class='ocrx_word' id='word_1_83' title='bbox 331 1405 454 1467; x_wconf 92' lang='lat' dir='ltr'>interni</span> <span class='ocrx_word' id='word_1_84' title='bbox 483 1424 541 1467; x_wconf 88' lang='lat' dir='ltr'>seu</span> <span class='ocrx_word' id='word_1_85' title='bbox 568 1404 749 1486; x_wconf 88' lang='lat' dir='ltr'>spiritualis</span> <span class='ocrx_word' id='word_1_86' title='bbox 778 1405 903 1483; x_wconf 89' lang='lat' dir='ltr'>Verbi;</span> <span class='ocrx_word' id='word_1_87' title='bbox 935 1407 1020 1470; x_wconf 90' lang='lat' dir='ltr'>haec</span> <span class='ocrx_word' id='word_1_88' title='bbox 1048 1419 1128 1472; x_wconf 90' lang='lat' dir='ltr'>sunt</span> <span class='ocrx_word' id='word_1_89' title='bbox 1154 1411 1246 1473; x_wconf 91' lang='lat' dir='ltr'>bona</span> <span class='ocrx_word' id='word_1_90' title='bbox 1267 1423 1302 1475; x_wconf 87' lang='lat' dir='ltr'>et</span> 
     </span>
     <span class='ocr_line' id='line_1_11' title="bbox 186 1498 1301 1580; baseline 0.009 -21"><span class='ocrx_word' id='word_1_91' title='bbox 186 1518 265 1560; x_wconf 86' lang='lat' dir='ltr'>vera</span> <span class='ocrx_word' id='word_1_92' title='bbox 282 1499 451 1571; x_wconf 88' lang='lat' dir='ltr'>interiora,</span> <span class='ocrx_word' id='word_1_93' title='bbox 469 1498 526 1560; x_wconf 91' lang='lat' dir='ltr'>illa</span> <span class='ocrx_word' id='word_1_94' title='bbox 542 1519 623 1561; x_wconf 88' lang='lat' dir='ltr'>vero</span> <span class='ocrx_word' id='word_1_95' title='bbox 640 1500 820 1561; x_wconf 87' lang='lat' dir='ltr'>exteriora.</span> <span class='ocrx_word' id='word_1_96' title='bbox 858 1499 959 1580; x_wconf 84' lang='lat' dir='ltr'>Quod</span> <span class='ocrx_word' id='word_1_97' title='bbox 975 1502 1042 1564; x_wconf 87' lang='lat' dir='ltr'>sint</span> <span class='ocrx_word' id='word_1_98' title='bbox 1060 1503 1152 1565; x_wconf 90' lang='lat' dir='ltr'>bona</span> <span class='ocrx_word' id='word_1_99' title='bbox 1168 1515 1205 1567; x_wconf 90' lang='lat' dir='ltr'>et</span> <span class='ocrx_word' id='word_1_100' title='bbox 1224 1526 1301 1569; x_wconf 88' lang='lat' dir='ltr'>vera</span> 
     </span>
     <span class='ocr_line' id='line_1_12' title="bbox 186 1592 1299 1673; baseline 0.008 -20"><span class='ocrx_word' id='word_1_101' title='bbox 186 1592 345 1654; x_wconf 90' lang='lat' dir='ltr'>interiora</span> <span class='ocrx_word' id='word_1_102' title='bbox 361 1601 396 1654; x_wconf 87' lang='lat' dir='ltr'>et</span> <span class='ocrx_word' id='word_1_103' title='bbox 417 1593 599 1665; x_wconf 85' lang='lat' dir='ltr'>exteriora,</span> <span class='ocrx_word' id='word_1_104' title='bbox 616 1592 674 1654; x_wconf 88' lang='lat' dir='ltr'>illa</span> <span class='ocrx_word' id='word_1_105' title='bbox 690 1594 722 1654; x_wconf 93' lang='lat' dir='ltr'>in</span> <span class='ocrx_word' id='word_1_106' title='bbox 740 1594 907 1673; x_wconf 89' lang='lat' dir='ltr'>spirituali</span> <span class='ocrx_word' id='word_1_107' title='bbox 924 1615 983 1657; x_wconf 89' lang='lat' dir='ltr'>seu</span> <span class='ocrx_word' id='word_1_108' title='bbox 999 1596 1136 1658; x_wconf 88' lang='lat' dir='ltr'>interno</span> <span class='ocrx_word' id='word_1_109' title='bbox 1152 1597 1299 1671; x_wconf 86' lang='lat' dir='ltr'>homine,</span> 
     </span>
     <span class='ocr_line' id='line_1_13' title="bbox 185 1685 1297 1775; baseline 0.007 -28"><span class='ocrx_word' id='word_1_110' title='bbox 185 1685 270 1748; x_wconf 86' lang='lat' dir='ltr'>haec</span> <span class='ocrx_word' id='word_1_111' title='bbox 290 1687 321 1747; x_wconf 94' lang='lat' dir='ltr'>in</span> <span class='ocrx_word' id='word_1_112' title='bbox 342 1686 486 1748; x_wconf 88' lang='lat' dir='ltr'>naturali</span> <span class='ocrx_word' id='word_1_113' title='bbox 505 1707 562 1748; x_wconf 93' lang='lat' dir='ltr'>seu</span> <span class='ocrx_word' id='word_1_114' title='bbox 581 1697 739 1759; x_wconf 87' lang='lat' dir='ltr'>externo,</span> <span class='ocrx_word' id='word_1_115' title='bbox 759 1698 918 1750; x_wconf 86' lang='lat' dir='ltr'>constare</span> <span class='ocrx_word' id='word_1_116' title='bbox 935 1699 1050 1769; x_wconf 88' lang='lat' dir='ltr'>potest</span> <span class='ocrx_word' id='word_1_117' title='bbox 1070 1710 1115 1752; x_wconf 86' lang='lat' dir='ltr'>ex</span> <span class='ocrx_word' id='word_1_118' title='bbox 1133 1691 1200 1754; x_wconf 91' lang='lat' dir='ltr'>illis</span> <span class='ocrx_word' id='word_1_119' title='bbox 1216 1712 1297 1775; x_wconf 89' lang='lat' dir='ltr'>quae</span> 
     </span>
     <span class='ocr_line' id='line_1_14' title="bbox 185 1777 1297 1868; baseline 0.006 -27"><span class='ocrx_word' id='word_1_120' title='bbox 185 1780 217 1841; x_wconf 92' lang='lat' dir='ltr'>in</span> <span class='ocrx_word' id='word_1_121' title='bbox 237 1800 339 1861; x_wconf 91' lang='lat' dir='ltr'>opere</span> <span class='ocrx_word' id='word_1_122' title='bbox 358 1780 408 1841; x_wconf 83' lang='lat' dir='ltr'>De</span> <span class='ocrx_word' id='word_1_123' title='bbox 432 1777 529 1844; x_wconf 74' lang='lat' dir='ltr'>Caelo</span> <span class='ocrx_word' id='word_1_124' title='bbox 550 1788 583 1841; x_wconf 83' lang='lat' dir='ltr'>et</span> <span class='ocrx_word' id='word_1_125' title='bbox 604 1780 741 1859; x_wconf 74' lang='lat' dir='ltr'>Inferna</span> <span class='ocrx_word' id='word_1_126' title='bbox 764 1777 854 1843; x_wconf 71' lang='lat' dir='ltr'>dista</span> <span class='ocrx_word' id='word_1_127' title='bbox 877 1791 912 1844; x_wconf 92' lang='lat' dir='ltr'>et</span> <span class='ocrx_word' id='word_1_128' title='bbox 936 1792 1075 1846; x_wconf 88' lang='lat' dir='ltr'>ostensa</span> <span class='ocrx_word' id='word_1_129' title='bbox 1099 1793 1192 1857; x_wconf 90' lang='lat' dir='ltr'>sunt,</span> <span class='ocrx_word' id='word_1_130' title='bbox 1212 1786 1297 1868; x_wconf 89' lang='lat' dir='ltr'>quod</span> 
     </span>
     <span class='ocr_line' id='line_1_15' title="bbox 186 1873 1298 1955; baseline 0.007 -21"><span class='ocrx_word' id='word_1_131' title='bbox 186 1892 308 1955; x_wconf 88' lang='lat' dir='ltr'>nempe</span> <span class='ocrx_word' id='word_1_132' title='bbox 327 1876 394 1936; x_wconf 91' lang='lat' dir='ltr'>sint</span> <span class='ocrx_word' id='word_1_133' title='bbox 419 1885 488 1937; x_wconf 88' lang='lat' dir='ltr'>tres</span> <span class='ocrx_word' id='word_1_134' title='bbox 512 1873 608 1945; x_wconf 89' lang='lat' dir='ltr'>caeli,</span> <span class='ocrx_word' id='word_1_135' title='bbox 629 1884 664 1937; x_wconf 92' lang='lat' dir='ltr'>et</span> <span class='ocrx_word' id='word_1_136' title='bbox 687 1875 778 1955; x_wconf 93' lang='lat' dir='ltr'>quod</span> <span class='ocrx_word' id='word_1_137' title='bbox 801 1876 957 1938; x_wconf 92' lang='lat' dir='ltr'>intimum</span> <span class='ocrx_word' id='word_1_138' title='bbox 981 1898 1039 1938; x_wconf 86' lang='lat' dir='ltr'>seu</span> <span class='ocrx_word' id='word_1_139' title='bbox 1062 1878 1205 1941; x_wconf 90' lang='lat' dir='ltr'>tertium</span> <span class='ocrx_word' id='word_1_140' title='bbox 1224 1898 1298 1942; x_wconf 89' lang='lat' dir='ltr'>cae·</span> 
     </span>
     <span class='ocr_line' id='line_1_16' title="bbox 186 1967 1299 2056; baseline 0.006 -27"><span class='ocrx_word' id='word_1_141' title='bbox 186 1967 254 2030; x_wconf 92' lang='lat' dir='ltr'>lum</span> <span class='ocrx_word' id='word_1_142' title='bbox 271 1970 315 2032; x_wconf 89' lang='lat' dir='ltr'>sit</span> <span class='ocrx_word' id='word_1_143' title='bbox 335 1970 367 2030; x_wconf 93' lang='lat' dir='ltr'>in</span> <span class='ocrx_word' id='word_1_144' title='bbox 387 1968 483 2030; x_wconf 89' lang='lat' dir='ltr'>bonis</span> <span class='ocrx_word' id='word_1_145' title='bbox 500 1979 535 2031; x_wconf 87' lang='lat' dir='ltr'>et</span> <span class='ocrx_word' id='word_1_146' title='bbox 552 1969 639 2031; x_wconf 90' lang='lat' dir='ltr'>veris</span> <span class='ocrx_word' id='word_1_147' title='bbox 659 1969 784 2031; x_wconf 86' lang='lat' dir='ltr'>intimis</span> <span class='ocrx_word' id='word_1_148' title='bbox 804 1990 862 2032; x_wconf 90' lang='lat' dir='ltr'>seu</span> <span class='ocrx_word' id='word_1_149' title='bbox 881 1971 972 2033; x_wconf 89' lang='lat' dir='ltr'>tertii</span> <span class='ocrx_word' id='word_1_150' title='bbox 988 1971 1125 2052; x_wconf 82' lang='lat' dir='ltr'>gradus,</span> <span class='ocrx_word' id='word_1_151' title='bbox 1142 1974 1299 2056; x_wconf 87' lang='lat' dir='ltr'>quodque</span> 
     </span>
     <span class='ocr_line' id='line_1_17' title="bbox 186 2062 1298 2130; baseline 0.004 -5"><span class='ocrx_word' id='word_1_152' title='bbox 186 2064 333 2125; x_wconf 91' lang='lat' dir='ltr'>medium</span> <span class='ocrx_word' id='word_1_153' title='bbox 353 2084 410 2125; x_wconf 93' lang='lat' dir='ltr'>seu</span> <span class='ocrx_word' id='word_1_154' title='bbox 430 2062 614 2124; x_wconf 88' lang='lat' dir='ltr'>secundum</span> <span class='ocrx_word' id='word_1_155' title='bbox 635 2062 766 2125; x_wconf 91' lang='lat' dir='ltr'>caelum</span> <span class='ocrx_word' id='word_1_156' title='bbox 786 2064 830 2126; x_wconf 90' lang='lat' dir='ltr'>sit</span> <span class='ocrx_word' id='word_1_157' title='bbox 853 2065 885 2126; x_wconf 92' lang='lat' dir='ltr'>in</span> <span class='ocrx_word' id='word_1_158' title='bbox 906 2065 1002 2127; x_wconf 90' lang='lat' dir='ltr'>bonis</span> <span class='ocrx_word' id='word_1_159' title='bbox 1021 2073 1056 2128; x_wconf 90' lang='lat' dir='ltr'>et</span> <span class='ocrx_word' id='word_1_160' title='bbox 1076 2066 1166 2127; x_wconf 87' lang='lat' dir='ltr'>veris</span> <span class='ocrx_word' id='word_1_161' title='bbox 1189 2066 1298 2130; x_wconf 88' lang='lat' dir='ltr'>inseri·</span> 
     </span>
     <span class='ocr_line' id='line_1_18' title="bbox 185 2157 1298 2242; baseline 0.002 -20"><span class='ocrx_word' id='word_1_162' title='bbox 185 2160 296 2222; x_wconf 90' lang='lat' dir='ltr'>oribus</span> <span class='ocrx_word' id='word_1_163' title='bbox 320 2178 377 2220; x_wconf 90' lang='lat' dir='ltr'>seu</span> <span class='ocrx_word' id='word_1_164' title='bbox 401 2157 539 2219; x_wconf 89' lang='lat' dir='ltr'>secundi</span> <span class='ocrx_word' id='word_1_165' title='bbox 562 2158 697 2239; x_wconf 83' lang='lat' dir='ltr'>gradus,</span> <span class='ocrx_word' id='word_1_166' title='bbox 722 2167 757 2220; x_wconf 91' lang='lat' dir='ltr'>et</span> <span class='ocrx_word' id='word_1_167' title='bbox 780 2159 870 2239; x_wconf 92' lang='lat' dir='ltr'>quod</span> <span class='ocrx_word' id='word_1_168' title='bbox 894 2158 1047 2222; x_wconf 91' lang='lat' dir='ltr'>ultimum</span> <span class='ocrx_word' id='word_1_169' title='bbox 1072 2164 1133 2223; x_wconf 89' lang='lat' dir='ltr'>&#39;seu</span> <span class='ocrx_word' id='word_1_170' title='bbox 1155 2161 1298 2242; x_wconf 91' lang='lat' dir='ltr'>primum</span> 
     </span>
     <span class='ocr_line' id='line_1_19' title="bbox 184 2250 1299 2335; baseline 0.002 -20"><span class='ocrx_word' id='word_1_171' title='bbox 184 2252 315 2315; x_wconf 86' lang='lat' dir='ltr'>caelum</span> <span class='ocrx_word' id='word_1_172' title='bbox 333 2252 376 2313; x_wconf 91' lang='lat' dir='ltr'>sit</span> <span class='ocrx_word' id='word_1_173' title='bbox 394 2252 426 2312; x_wconf 90' lang='lat' dir='ltr'>in</span> <span class='ocrx_word' id='word_1_174' title='bbox 443 2252 539 2313; x_wconf 90' lang='lat' dir='ltr'>bonis</span> <span class='ocrx_word' id='word_1_175' title='bbox 556 2260 591 2313; x_wconf 96' lang='lat' dir='ltr'>et</span> <span class='ocrx_word' id='word_1_176' title='bbox 605 2252 691 2313; x_wconf 90' lang='lat' dir='ltr'>veris</span> <span class='ocrx_word' id='word_1_177' title='bbox 708 2250 834 2314; x_wconf 85' lang='lat' dir='ltr'>ultimis</span> <span class='ocrx_word' id='word_1_178' title='bbox 848 2273 907 2315; x_wconf 89' lang='lat' dir='ltr'>seu</span> <span class='ocrx_word' id='word_1_179' title='bbox 924 2254 1020 2334; x_wconf 90' lang='lat' dir='ltr'>primi</span> <span class='ocrx_word' id='word_1_180' title='bbox 1035 2253 1172 2335; x_wconf 78' lang='lat' dir='ltr'>gradus</span> <span class='ocrx_word' id='word_1_181' title='bbox 1206 2254 1299 2317; x_wconf 90' lang='lat' dir='ltr'>Bona</span> 
     </span>
    </p>
   </div>
   <div class='ocr_carea' id='block_1_3' title="bbox 77 2345 1300 2430">
    <p class='ocr_par' dir='ltr' id='par_1_3' title="bbox 77 2345 1300 2430">
     <span class='ocr_line' id='line_1_20' title="bbox 77 2345 1300 2430; baseline 0.002 -21"><span class='ocrx_word' id='word_1_182' title='bbox 77 2350 79 2354; x_wconf 81' lang='grc'>’</span> <span class='ocrx_word' id='word_1_183' title='bbox 184 2357 219 2409; x_wconf 92' lang='lat' dir='ltr'>et</span> <span class='ocrx_word' id='word_1_184' title='bbox 243 2367 322 2409; x_wconf 89' lang='lat' dir='ltr'>vera</span> <span class='ocrx_word' id='word_1_185' title='bbox 345 2345 465 2407; x_wconf 88' lang='lat' dir='ltr'>ultima</span> <span class='ocrx_word' id='word_1_186' title='bbox 488 2364 546 2407; x_wconf 89' lang='lat' dir='ltr'>seu</span> <span class='ocrx_word' id='word_1_187' title='bbox 573 2345 669 2426; x_wconf 92' lang='lat' dir='ltr'>primi</span> <span class='ocrx_word' id='word_1_188' title='bbox 692 2345 817 2427; x_wconf 87' lang='lat' dir='ltr'>gradus</span> <span class='ocrx_word' id='word_1_189' title='bbox 840 2356 918 2410; x_wconf 88' lang='lat' dir='ltr'>sunt</span> <span class='ocrx_word' id='word_1_190' title='bbox 945 2346 1055 2430; x_wconf 85' lang='lat' dir='ltr'>qualia</span> <span class='ocrx_word' id='word_1_191' title='bbox 1078 2349 1300 2412; x_wconf 89' lang='lat' dir='ltr'>continentur</span> 
     </span>
    </p>
   </div>
   <div class='ocr_carea' id='block_1_4' title="bbox 177 2439 1299 4509">
    <p class='ocr_par' dir='ltr' id='par_1_4' title="bbox 177 2439 1299 4509">
     <span class='ocr_line' id='line_1_21' title="bbox 184 2439 1298 2524; baseline 0.003 -21"><span class='ocrx_word' id='word_1_192' title='bbox 184 2443 217 2503; x_wconf 91' lang='lat' dir='ltr'>in</span> <span class='ocrx_word' id='word_1_193' title='bbox 237 2460 337 2504; x_wconf 90' lang='lat' dir='ltr'>sensu</span> <span class='ocrx_word' id='word_1_194' title='bbox 357 2440 492 2503; x_wconf 90' lang='lat' dir='ltr'>litterae</span> <span class='ocrx_word' id='word_1_195' title='bbox 511 2439 638 2517; x_wconf 86' lang='lat' dir='ltr'>Verbi;</span> <span class='ocrx_word' id='word_1_196' title='bbox 662 2450 868 2522; x_wconf 91' lang='lat' dir='ltr'>quapropter</span> <span class='ocrx_word' id='word_1_197' title='bbox 887 2443 941 2524; x_wconf 92' lang='lat' dir='ltr'>qui</span> <span class='ocrx_word' id='word_1_198' title='bbox 965 2442 997 2504; x_wconf 92' lang='lat' dir='ltr'>in</span> <span class='ocrx_word' id='word_1_199' title='bbox 1020 2439 1079 2504; x_wconf 92' lang='lat' dir='ltr'>illo</span> <span class='ocrx_word' id='word_1_200' title='bbox 1101 2462 1205 2506; x_wconf 89' lang='lat' dir='ltr'>sensu</span> <span class='ocrx_word' id='word_1_201' title='bbox 1228 2462 1298 2506; x_wconf 90' lang='lat' dir='ltr'>ma·</span> 
     </span>
     <span class='ocr_line' id='line_1_22' title="bbox 185 2533 1298 2610; baseline 0.002 -12"><span class='ocrx_word' id='word_1_202' title='bbox 185 2547 279 2610; x_wconf 90' lang='lat' dir='ltr'>nent,</span> <span class='ocrx_word' id='word_1_203' title='bbox 300 2546 335 2599; x_wconf 91' lang='lat' dir='ltr'>et</span> <span class='ocrx_word' id='word_1_204' title='bbox 358 2535 436 2598; x_wconf 92' lang='lat' dir='ltr'>inde</span> <span class='ocrx_word' id='word_1_205' title='bbox 459 2535 585 2598; x_wconf 86' lang='lat' dir='ltr'>iaciunt</span> <span class='ocrx_word' id='word_1_206' title='bbox 609 2535 670 2597; x_wconf 92' lang='lat' dir='ltr'>sibi</span> <span class='ocrx_word' id='word_1_207' title='bbox 694 2533 892 2607; x_wconf 54' lang='lat' dir='ltr'>doctrinam,</span> <span class='ocrx_word' id='word_1_208' title='bbox 911 2547 946 2599; x_wconf 88' lang='lat' dir='ltr'>et</span> <span class='ocrx_word' id='word_1_209' title='bbox 968 2538 1086 2599; x_wconf 88' lang='lat' dir='ltr'>vivunt</span> <span class='ocrx_word' id='word_1_210' title='bbox 1111 2538 1298 2600; x_wconf 89' lang='lat' dir='ltr'>secundum</span> 
     </span>
     <span class='ocr_line' id='line_1_23' title="bbox 184 2629 1298 2712; baseline 0.001 -19"><span class='ocrx_word' id='word_1_211' title='bbox 184 2630 287 2704; x_wconf 89' lang='lat' dir='ltr'>illam,</span> <span class='ocrx_word' id='word_1_212' title='bbox 316 2631 349 2692; x_wconf 93' lang='lat' dir='ltr'>in</span> <span class='ocrx_word' id='word_1_213' title='bbox 380 2630 477 2692; x_wconf 93' lang='lat' dir='ltr'>bonis</span> <span class='ocrx_word' id='word_1_214' title='bbox 505 2639 540 2692; x_wconf 91' lang='lat' dir='ltr'>et</span> <span class='ocrx_word' id='word_1_215' title='bbox 567 2631 655 2692; x_wconf 88' lang='lat' dir='ltr'>veris</span> <span class='ocrx_word' id='word_1_216' title='bbox 682 2629 808 2691; x_wconf 89' lang='lat' dir='ltr'>ultimis</span> <span class='ocrx_word' id='word_1_217' title='bbox 836 2640 933 2694; x_wconf 87' lang='lat' dir='ltr'>sunt:</span> <span class='ocrx_word' id='word_1_218' title='bbox 966 2630 1014 2693; x_wconf 91' lang='lat' dir='ltr'>illi</span> <span class='ocrx_word' id='word_1_219' title='bbox 1041 2632 1202 2712; x_wconf 90' lang='lat' dir='ltr'>quoniam</span> <span class='ocrx_word' id='word_1_220' title='bbox 1231 2652 1298 2694; x_wconf 92' lang='lat' dir='ltr'>non</span> 
     </span>
     <span class='ocr_line' id='line_1_24' title="bbox 183 2724 1299 2806; baseline 0.004 -19"><span class='ocrx_word' id='word_1_221' title='bbox 183 2726 300 2788; x_wconf 89' lang='lat' dir='ltr'>vident</span> <span class='ocrx_word' id='word_1_222' title='bbox 325 2725 496 2797; x_wconf 89' lang='lat' dir='ltr'>interiora,</span> <span class='ocrx_word' id='word_1_223' title='bbox 517 2746 561 2786; x_wconf 82' lang='lat' dir='ltr'>ex</span> <span class='ocrx_word' id='word_1_224' title='bbox 585 2744 687 2786; x_wconf 86' lang='lat' dir='ltr'>causa</span> <span class='ocrx_word' id='word_1_225' title='bbox 710 2724 799 2806; x_wconf 94' lang='lat' dir='ltr'>quod</span> <span class='ocrx_word' id='word_1_226' title='bbox 824 2744 892 2787; x_wconf 92' lang='lat' dir='ltr'>non</span> <span class='ocrx_word' id='word_1_227' title='bbox 915 2745 995 2806; x_wconf 92' lang='lat' dir='ltr'>pure</span> <span class='ocrx_word' id='word_1_228' title='bbox 1018 2725 1213 2806; x_wconf 88' lang='lat' dir='ltr'>spirituales</span> <span class='ocrx_word' id='word_1_229' title='bbox 1232 2728 1299 2791; x_wconf 89' lang='lat' dir='ltr'>sint</span> 
     </span>
     <span class='ocr_line' id='line_1_25' title="bbox 182 2819 1297 2902; baseline 0.001 -18"><span class='ocrx_word' id='word_1_230' title='bbox 182 2824 269 2884; x_wconf 89' lang='lat' dir='ltr'>sicut</span> <span class='ocrx_word' id='word_1_231' title='bbox 286 2821 399 2902; x_wconf 87' lang='lat' dir='ltr'>angeli</span> <span class='ocrx_word' id='word_1_232' title='bbox 416 2821 622 2900; x_wconf 91' lang='lat' dir='ltr'>superiorum</span> <span class='ocrx_word' id='word_1_233' title='bbox 639 2819 821 2893; x_wconf 93' lang='lat' dir='ltr'>caelorum,</span> <span class='ocrx_word' id='word_1_234' title='bbox 835 2821 894 2882; x_wconf 88' lang='lat' dir='ltr'>sed</span> <span class='ocrx_word' id='word_1_235' title='bbox 905 2819 1096 2901; x_wconf 88' lang='lat' dir='ltr'>spirituales</span> <span class='ocrx_word' id='word_1_236' title='bbox 1113 2823 1297 2893; x_wconf 84' lang='lat' dir='ltr'>naturales,</span> 
     </span>
     <span class='ocr_line' id='line_1_26' title="bbox 183 2912 1299 2998; baseline 0.001 -20"><span class='ocrx_word' id='word_1_237' title='bbox 183 2936 287 2998; x_wconf 89' lang='lat' dir='ltr'>usque</span> <span class='ocrx_word' id='word_1_238' title='bbox 303 2916 336 2978; x_wconf 94' lang='lat' dir='ltr'>in</span> <span class='ocrx_word' id='word_1_239' title='bbox 353 2914 449 2978; x_wconf 91' lang='lat' dir='ltr'>caelo</span> <span class='ocrx_word' id='word_1_240' title='bbox 465 2924 544 2977; x_wconf 91' lang='lat' dir='ltr'>sunt</span> <span class='ocrx_word' id='word_1_241' title='bbox 564 2914 624 2976; x_wconf 93' lang='lat' dir='ltr'>sed</span> <span class='ocrx_word' id='word_1_242' title='bbox 644 2914 676 2975; x_wconf 92' lang='lat' dir='ltr'>in</span> <span class='ocrx_word' id='word_1_243' title='bbox 694 2912 833 2990; x_wconf 92' lang='lat' dir='ltr'>ultimo;</span> <span class='ocrx_word' id='word_1_244' title='bbox 858 2933 936 2976; x_wconf 90' lang='lat' dir='ltr'>nam</span> <span class='ocrx_word' id='word_1_245' title='bbox 953 2913 1042 2976; x_wconf 91' lang='lat' dir='ltr'>bona</span> <span class='ocrx_word' id='word_1_246' title='bbox 1061 2924 1096 2977; x_wconf 89' lang='lat' dir='ltr'>et</span> <span class='ocrx_word' id='word_1_247' title='bbox 1112 2935 1194 2978; x_wconf 84' lang='lat' dir='ltr'>vera</span> <span class='ocrx_word' id='word_1_248' title='bbox 1213 2937 1299 2998; x_wconf 90' lang='lat' dir='ltr'>quae</span> 
     </span>
     <span class='ocr_line' id='line_1_27' title="bbox 182 3007 1299 3089; baseline 0.001 -17"><span class='ocrx_word' id='word_1_249' title='bbox 182 3009 366 3073; x_wconf 90' lang='lat' dir='ltr'>hauserunt</span> <span class='ocrx_word' id='word_1_250' title='bbox 383 3030 427 3072; x_wconf 89' lang='lat' dir='ltr'>ex</span> <span class='ocrx_word' id='word_1_251' title='bbox 447 3029 548 3071; x_wconf 89' lang='lat' dir='ltr'>sensu</span> <span class='ocrx_word' id='word_1_252' title='bbox 565 3008 699 3071; x_wconf 87' lang='lat' dir='ltr'>litterae</span> <span class='ocrx_word' id='word_1_253' title='bbox 716 3007 832 3082; x_wconf 89' lang='lat' dir='ltr'>Verbi,</span> <span class='ocrx_word' id='word_1_254' title='bbox 850 3019 884 3071; x_wconf 89' lang='lat' dir='ltr'>et</span> <span class='ocrx_word' id='word_1_255' title='bbox 901 3018 979 3071; x_wconf 89' lang='lat' dir='ltr'>sunt</span> <span class='ocrx_word' id='word_1_256' title='bbox 999 3008 1087 3089; x_wconf 90' lang='lat' dir='ltr'>apud</span> <span class='ocrx_word' id='word_1_257' title='bbox 1105 3007 1194 3084; x_wconf 86' lang='lat' dir='ltr'>illos,</span> <span class='ocrx_word' id='word_1_258' title='bbox 1212 3012 1299 3074; x_wconf 89' lang='lat' dir='ltr'>inse</span> 
     </span>
     <span class='ocr_line' id='line_1_28' title="bbox 181 3103 1298 3184; baseline 0.001 -17"><span class='ocrx_word' id='word_1_259' title='bbox 181 3104 311 3168; x_wconf 88' lang='lat' dir='ltr'>habent</span> <span class='ocrx_word' id='word_1_260' title='bbox 329 3103 420 3166; x_wconf 90' lang='lat' dir='ltr'>bona</span> <span class='ocrx_word' id='word_1_261' title='bbox 439 3113 474 3166; x_wconf 91' lang='lat' dir='ltr'>et</span> <span class='ocrx_word' id='word_1_262' title='bbox 493 3123 572 3166; x_wconf 90' lang='lat' dir='ltr'>vera</span> <span class='ocrx_word' id='word_1_263' title='bbox 592 3104 752 3165; x_wconf 85' lang='lat' dir='ltr'>interiora</span> <span class='ocrx_word' id='word_1_264' title='bbox 771 3123 856 3184; x_wconf 90' lang='lat' dir='ltr'>quae</span> <span class='ocrx_word' id='word_1_265' title='bbox 876 3112 954 3166; x_wconf 89' lang='lat' dir='ltr'>sunt</span> <span class='ocrx_word' id='word_1_266' title='bbox 974 3122 1092 3165; x_wconf 87' lang='lat' dir='ltr'>sensus</span> <span class='ocrx_word' id='word_1_267' title='bbox 1111 3105 1298 3184; x_wconf 81' lang='lat' dir='ltr'>spiritualis</span> 
     </span>
     <span class='ocr_line' id='line_1_29' title="bbox 181 3197 1297 3280; baseline -0.002 -16"><span class='ocrx_word' id='word_1_268' title='bbox 181 3200 298 3275; x_wconf 91' lang='lat' dir='ltr'>Verbi,</span> <span class='ocrx_word' id='word_1_269' title='bbox 316 3198 582 3280; x_wconf 88' lang='lat' dir='ltr'>correspondent</span> <span class='ocrx_word' id='word_1_270' title='bbox 598 3199 699 3271; x_wconf 91' lang='lat' dir='ltr'>enim,</span> <span class='ocrx_word' id='word_1_271' title='bbox 714 3208 749 3260; x_wconf 92' lang='lat' dir='ltr'>et</span> <span class='ocrx_word' id='word_1_272' title='bbox 768 3218 827 3279; x_wconf 91' lang='lat' dir='ltr'>per</span> <span class='ocrx_word' id='word_1_273' title='bbox 840 3197 1178 3278; x_wconf 84' lang='lat' dir='ltr'>correspondentiam</span> <span class='ocrx_word' id='word_1_274' title='bbox 1195 3219 1297 3262; x_wconf 90' lang='lat' dir='ltr'>unum</span> 
     </span>
     <span class='ocr_line' id='line_1_30' title="bbox 181 3290 1298 3375; baseline -0.003 -16"><span class='ocrx_word' id='word_1_275' title='bbox 181 3297 319 3360; x_wconf 83' lang='lat' dir='ltr'>iaciunt.</span> <span class='ocrx_word' id='word_1_276' title='bbox 373 3290 450 3356; x_wconf 72' lang='lat' dir='ltr'>¹¹¹5st</span> <span class='ocrx_word' id='word_1_277' title='bbox 473 3313 534 3375; x_wconf 90' lang='lat' dir='ltr'>pro</span> <span class='ocrx_word' id='word_1_278' title='bbox 557 3292 729 3374; x_wconf 91' lang='lat' dir='ltr'>exemplo,</span> <span class='ocrx_word' id='word_1_279' title='bbox 754 3293 809 3374; x_wconf 93' lang='lat' dir='ltr'>qui</span> <span class='ocrx_word' id='word_1_280' title='bbox 837 3312 881 3354; x_wconf 87' lang='lat' dir='ltr'>ex</span> <span class='ocrx_word' id='word_1_281' title='bbox 905 3312 1006 3354; x_wconf 89' lang='lat' dir='ltr'>sensu</span> <span class='ocrx_word' id='word_1_282' title='bbox 1030 3291 1169 3355; x_wconf 86' lang='lat' dir='ltr'>litterae</span> <span class='ocrx_word' id='word_1_283' title='bbox 1193 3293 1298 3358; x_wconf 91' lang='lat' dir='ltr'>Verbi</span> 
     </span>
     <span class='ocr_line' id='line_1_31' title="bbox 181 3385 1297 3471; baseline -0.003 -17"><span class='ocrx_word' id='word_1_284' title='bbox 181 3391 300 3464; x_wconf 91' lang='lat' dir='ltr'>credit,</span> <span class='ocrx_word' id='word_1_285' title='bbox 318 3389 408 3471; x_wconf 95' lang='lat' dir='ltr'>quod</span> <span class='ocrx_word' id='word_1_286' title='bbox 425 3388 517 3450; x_wconf 90' lang='lat' dir='ltr'>Deus</span> <span class='ocrx_word' id='word_1_287' title='bbox 533 3388 706 3460; x_wconf 87' lang='lat' dir='ltr'>irascatur,</span> <span class='ocrx_word' id='word_1_288' title='bbox 721 3385 928 3449; x_wconf 90' lang='lat' dir='ltr'>condemnet</span> <span class='ocrx_word' id='word_1_289' title='bbox 945 3395 980 3449; x_wconf 90' lang='lat' dir='ltr'>et</span> <span class='ocrx_word' id='word_1_290' title='bbox 996 3385 1131 3466; x_wconf 91' lang='lat' dir='ltr'>dejiciat</span> <span class='ocrx_word' id='word_1_291' title='bbox 1149 3386 1184 3448; x_wconf 91' lang='lat' dir='ltr'>in</span> <span class='ocrx_word' id='word_1_292' title='bbox 1197 3388 1297 3451; x_wconf 84' lang='lat' dir='ltr'>inier-</span> 
     </span>
     <span class='ocr_line' id='line_1_32' title="bbox 181 3480 1297 3566; baseline -0.002 -18"><span class='ocrx_word' id='word_1_293' title='bbox 181 3504 261 3548; x_wconf 92' lang='lat' dir='ltr'>num</span> <span class='ocrx_word' id='word_1_294' title='bbox 280 3485 357 3547; x_wconf 91' lang='lat' dir='ltr'>illos</span> <span class='ocrx_word' id='word_1_295' title='bbox 376 3483 430 3566; x_wconf 90' lang='lat' dir='ltr'>qui</span> <span class='ocrx_word' id='word_1_296' title='bbox 455 3482 544 3545; x_wconf 89' lang='lat' dir='ltr'>male</span> <span class='ocrx_word' id='word_1_297' title='bbox 562 3483 701 3558; x_wconf 88' lang='lat' dir='ltr'>vivunt;</span> <span class='ocrx_word' id='word_1_298' title='bbox 724 3480 790 3543; x_wconf 91' lang='lat' dir='ltr'>hoc</span> <span class='ocrx_word' id='word_1_299' title='bbox 813 3482 952 3543; x_wconf 89' lang='lat' dir='ltr'>tametsi</span> <span class='ocrx_word' id='word_1_300' title='bbox 975 3482 1008 3543; x_wconf 92' lang='lat' dir='ltr'>in</span> <span class='ocrx_word' id='word_1_301' title='bbox 1031 3501 1066 3542; x_wconf 92' lang='lat' dir='ltr'>se</span> <span class='ocrx_word' id='word_1_302' title='bbox 1089 3499 1159 3544; x_wconf 89' lang='lat' dir='ltr'>non</span> <span class='ocrx_word' id='word_1_303' title='bbox 1179 3500 1297 3546; x_wconf 87' lang='lat' dir='ltr'>verum</span> 
     </span>
     <span class='ocr_line' id='line_1_33' title="bbox 180 3576 1297 3661; baseline -0.002 -18"><span class='ocrx_word' id='word_1_304' title='bbox 180 3590 244 3654; x_wconf 86' lang='lat' dir='ltr'>est,</span> <span class='ocrx_word' id='word_1_305' title='bbox 265 3580 424 3661; x_wconf 88' lang='lat' dir='ltr'>quoniam</span> <span class='ocrx_word' id='word_1_306' title='bbox 444 3578 536 3640; x_wconf 88' lang='lat' dir='ltr'>Deus</span> <span class='ocrx_word' id='word_1_307' title='bbox 555 3595 719 3659; x_wconf 90' lang='lat' dir='ltr'>nusquam</span> <span class='ocrx_word' id='word_1_308' title='bbox 739 3577 903 3649; x_wconf 89' lang='lat' dir='ltr'>irascitur,</span> <span class='ocrx_word' id='word_1_309' title='bbox 924 3594 986 3638; x_wconf 90' lang='lat' dir='ltr'>nec</span> <span class='ocrx_word' id='word_1_310' title='bbox 1003 3576 1215 3640; x_wconf 88' lang='lat' dir='ltr'>condemnat</span> <span class='ocrx_word' id='word_1_311' title='bbox 1235 3577 1297 3641; x_wconf 92' lang='lat' dir='ltr'>ho·</span> 
     </span>
     <span class='ocr_line' id='line_1_34' title="bbox 181 3668 1297 3752; baseline -0.001 -16"><span class='ocrx_word' id='word_1_312' title='bbox 181 3675 306 3736; x_wconf 91' lang='lat' dir='ltr'>minem</span> <span class='ocrx_word' id='word_1_313' title='bbox 325 3682 360 3735; x_wconf 90' lang='lat' dir='ltr'>et</span> <span class='ocrx_word' id='word_1_314' title='bbox 380 3671 493 3752; x_wconf 90' lang='lat' dir='ltr'>dejicit</span> <span class='ocrx_word' id='word_1_315' title='bbox 512 3673 545 3733; x_wconf 95' lang='lat' dir='ltr'>in</span> <span class='ocrx_word' id='word_1_316' title='bbox 565 3670 740 3744; x_wconf 79' lang='lat' dir='ltr'>infernum,</span> <span class='ocrx_word' id='word_1_317' title='bbox 761 3688 865 3751; x_wconf 90' lang='lat' dir='ltr'>usque</span> <span class='ocrx_word' id='word_1_318' title='bbox 884 3679 1001 3733; x_wconf 89' lang='lat' dir='ltr'>tamen</span> <span class='ocrx_word' id='word_1_319' title='bbox 1020 3668 1085 3732; x_wconf 91' lang='lat' dir='ltr'>hoc</span> <span class='ocrx_word' id='word_1_320' title='bbox 1105 3670 1198 3750; x_wconf 93' lang='lat' dir='ltr'>apud</span> <span class='ocrx_word' id='word_1_321' title='bbox 1220 3671 1297 3735; x_wconf 86' lang='lat' dir='ltr'>illos</span> 
     </span>
     <span class='ocr_line' id='line_1_35' title="bbox 180 3762 1296 3850; baseline 0 -21"><span class='ocrx_word' id='word_1_322' title='bbox 180 3768 235 3850; x_wconf 92' lang='lat' dir='ltr'>qui</span> <span class='ocrx_word' id='word_1_323' title='bbox 254 3767 341 3829; x_wconf 90' lang='lat' dir='ltr'>bene</span> <span class='ocrx_word' id='word_1_324' title='bbox 360 3767 488 3839; x_wconf 88' lang='lat' dir='ltr'>vivunt,</span> <span class='ocrx_word' id='word_1_325' title='bbox 509 3775 544 3828; x_wconf 92' lang='lat' dir='ltr'>et</span> <span class='ocrx_word' id='word_1_326' title='bbox 564 3766 612 3828; x_wconf 90' lang='lat' dir='ltr'>ita</span> <span class='ocrx_word' id='word_1_327' title='bbox 631 3765 774 3827; x_wconf 90' lang='lat' dir='ltr'>credunt</span> <span class='ocrx_word' id='word_1_328' title='bbox 793 3763 871 3846; x_wconf 90' lang='lat' dir='ltr'>quia</span> <span class='ocrx_word' id='word_1_329' title='bbox 889 3763 1041 3826; x_wconf 90' lang='lat' dir='ltr'>Verbum</span> <span class='ocrx_word' id='word_1_330' title='bbox 1059 3764 1094 3825; x_wconf 90' lang='lat' dir='ltr'>iu</span> <span class='ocrx_word' id='word_1_331' title='bbox 1113 3762 1232 3828; x_wconf 89' lang='lat' dir='ltr'>littera</span> <span class='ocrx_word' id='word_1_332' title='bbox 1250 3766 1296 3830; x_wconf 87' lang='lat' dir='ltr'>sic</span> 
     </span>
     <span class='ocr_line' id='line_1_36' title="bbox 180 3858 1296 3941; baseline -0.001 -17"><span class='ocrx_word' id='word_1_333' title='bbox 180 3862 273 3934; x_wconf 89' lang='lat' dir='ltr'>dicit,</span> <span class='ocrx_word' id='word_1_334' title='bbox 292 3882 312 3923; x_wconf 92' lang='lat' dir='ltr'>a</span> <span class='ocrx_word' id='word_1_335' title='bbox 329 3859 478 3922; x_wconf 91' lang='lat' dir='ltr'>Domino</span> <span class='ocrx_word' id='word_1_336' title='bbox 494 3868 694 3941; x_wconf 90' lang='lat' dir='ltr'>acceptatur</span> <span class='ocrx_word' id='word_1_337' title='bbox 710 3868 745 3921; x_wconf 92' lang='lat' dir='ltr'>ut</span> <span class='ocrx_word' id='word_1_338' title='bbox 759 3877 886 3932; x_wconf 92' lang='lat' dir='ltr'>verum,</span> <span class='ocrx_word' id='word_1_339' title='bbox 899 3858 1058 3940; x_wconf 88' lang='lat' dir='ltr'>quoniam</span> <span class='ocrx_word' id='word_1_340' title='bbox 1071 3877 1190 3922; x_wconf 91' lang='lat' dir='ltr'>verum</span> <span class='ocrx_word' id='word_1_341' title='bbox 1205 3861 1296 3924; x_wconf 87' lang='lat' dir='ltr'>intus</span> 
     </span>
     <span class='ocr_line' id='line_1_37' title="bbox 179 3951 1294 4036; baseline -0.002 -17"><span class='ocrx_word' id='word_1_342' title='bbox 179 3958 213 4019; x_wconf 94' lang='lat' dir='ltr'>in</span> <span class='ocrx_word' id='word_1_343' title='bbox 233 3977 274 4019; x_wconf 91' lang='lat' dir='ltr'>eo</span> <span class='ocrx_word' id='word_1_344' title='bbox 297 3956 395 4028; x_wconf 88' lang='lat' dir='ltr'>latet,</span> <span class='ocrx_word' id='word_1_345' title='bbox 416 3954 506 4036; x_wconf 91' lang='lat' dir='ltr'>quod</span> <span class='ocrx_word' id='word_1_346' title='bbox 530 3955 632 4016; x_wconf 89' lang='lat' dir='ltr'>etiam</span> <span class='ocrx_word' id='word_1_347' title='bbox 657 3961 754 4035; x_wconf 89' lang='lat' dir='ltr'>patet</span> <span class='ocrx_word' id='word_1_348' title='bbox 778 3970 892 4014; x_wconf 91' lang='lat' dir='ltr'>coram</span> <span class='ocrx_word' id='word_1_349' title='bbox 916 3951 1047 4033; x_wconf 84' lang='lat' dir='ltr'>angelis</span> <span class='ocrx_word' id='word_1_350' title='bbox 1069 3951 1294 4025; x_wconf 86' lang='lat' dir='ltr'>interioribus,</span> 
     </span>
     <span class='ocr_line' id='line_1_38' title="bbox 180 4046 1296 4132; baseline -0.004 -18"><span class='ocrx_word' id='word_1_351' title='bbox 180 4051 319 4114; x_wconf 90' lang='lat' dir='ltr'>tametsi</span> <span class='ocrx_word' id='word_1_352' title='bbox 343 4050 404 4130; x_wconf 93' lang='lat' dir='ltr'>ipsi</span> <span class='ocrx_word' id='word_1_353' title='bbox 428 4049 460 4111; x_wconf 93' lang='lat' dir='ltr'>id</span> <span class='ocrx_word' id='word_1_354' title='bbox 485 4069 552 4111; x_wconf 94' lang='lat' dir='ltr'>non</span> <span class='ocrx_word' id='word_1_355' title='bbox 576 4048 704 4111; x_wconf 84' lang='lat' dir='ltr'>vident.</span> <span class='ocrx_word' id='word_1_356' title='bbox 758 4046 809 4109; x_wconf 90' lang='lat' dir='ltr'>Sit</span> <span class='ocrx_word' id='word_1_357' title='bbox 832 4048 936 4109; x_wconf 89' lang='lat' dir='ltr'>etiam</span> <span class='ocrx_word' id='word_1_358' title='bbox 959 4066 1021 4128; x_wconf 91' lang='lat' dir='ltr'>pro</span> <span class='ocrx_word' id='word_1_359' title='bbox 1042 4047 1217 4129; x_wconf 88' lang='lat' dir='ltr'>exemplo,</span> <span class='ocrx_word' id='word_1_360' title='bbox 1241 4049 1296 4132; x_wconf 91' lang='lat' dir='ltr'>qui</span> 
     </span>
     <span class='ocr_line' id='line_1_39' title="bbox 180 4141 1291 4226; baseline -0.001 -17"><span class='ocrx_word' id='word_1_361' title='bbox 180 4145 287 4209; x_wconf 89' lang='lat' dir='ltr'>credit</span> <span class='ocrx_word' id='word_1_362' title='bbox 314 4145 403 4226; x_wconf 93' lang='lat' dir='ltr'>quod</span> <span class='ocrx_word' id='word_1_363' title='bbox 432 4144 619 4226; x_wconf 83' lang='lat' dir='ltr'>longaevus</span> <span class='ocrx_word' id='word_1_364' title='bbox 646 4141 704 4205; x_wconf 85' lang='lat' dir='ltr'>fiet</span> <span class='ocrx_word' id='word_1_365' title='bbox 733 4143 760 4204; x_wconf 89' lang='lat' dir='ltr'>si</span> <span class='ocrx_word' id='word_1_366' title='bbox 787 4151 880 4205; x_wconf 89' lang='lat' dir='ltr'>amat</span> <span class='ocrx_word' id='word_1_367' title='bbox 911 4150 1043 4223; x_wconf 90' lang='lat' dir='ltr'>patrem</span> <span class='ocrx_word' id='word_1_368' title='bbox 1072 4150 1109 4203; x_wconf 89' lang='lat' dir='ltr'>et</span> <span class='ocrx_word' id='word_1_369' title='bbox 1136 4153 1291 4215; x_wconf 88' lang='lat' dir='ltr'>matrem,</span> 
     </span>
     <span class='ocr_line' id='line_1_40' title="bbox 179 4234 1290 4320; baseline -0.001 -18"><span class='ocrx_word' id='word_1_370' title='bbox 179 4240 365 4303; x_wconf 88' lang='lat' dir='ltr'>secundum</span> <span class='ocrx_word' id='word_1_371' title='bbox 379 4248 598 4320; x_wconf 89' lang='lat' dir='ltr'>praeceptum</span> <span class='ocrx_word' id='word_1_372' title='bbox 611 4236 787 4319; x_wconf 77' lang='lat' dir='ltr'>decalogi3</span> <span class='ocrx_word' id='word_1_373' title='bbox 807 4256 848 4299; x_wconf 91' lang='lat' dir='ltr'>ac</span> <span class='ocrx_word' id='word_1_374' title='bbox 864 4237 891 4298; x_wconf 93' lang='lat' dir='ltr'>si</span> <span class='ocrx_word' id='word_1_375' title='bbox 907 4244 1000 4298; x_wconf 90' lang='lat' dir='ltr'>amat</span> <span class='ocrx_word' id='word_1_376' title='bbox 1012 4234 1088 4297; x_wconf 90' lang='lat' dir='ltr'>illos</span> <span class='ocrx_word' id='word_1_377' title='bbox 1101 4246 1290 4319; x_wconf 82' lang='lat' dir='ltr'>propterea.</span> 
     </span>
     <span class='ocr_line' id='line_1_41' title="bbox 178 4330 1286 4414; baseline -0.002 -17"><span class='ocrx_word' id='word_1_378' title='bbox 178 4344 214 4397; x_wconf 93' lang='lat' dir='ltr'>et</span> <span class='ocrx_word' id='word_1_379' title='bbox 231 4334 318 4397; x_wconf 90' lang='lat' dir='ltr'>bene</span> <span class='ocrx_word' id='word_1_380' title='bbox 332 4334 425 4407; x_wconf 91' lang='lat' dir='ltr'>vivit,</span> <span class='ocrx_word' id='word_1_381' title='bbox 440 4334 467 4396; x_wconf 91' lang='lat' dir='ltr'>is</span> <span class='ocrx_word' id='word_1_382' title='bbox 484 4342 684 4414; x_wconf 89' lang='lat' dir='ltr'>acceptatur</span> <span class='ocrx_word' id='word_1_383' title='bbox 696 4331 850 4394; x_wconf 89' lang='lat' dir='ltr'>similiter</span> <span class='ocrx_word' id='word_1_384' title='bbox 862 4333 949 4393; x_wconf 90' lang='lat' dir='ltr'>sicut</span> <span class='ocrx_word' id='word_1_385' title='bbox 966 4330 1165 4394; x_wconf 90' lang='lat' dir='ltr'>credidisset</span> <span class='ocrx_word' id='word_1_386' title='bbox 1184 4333 1286 4414; x_wconf 90' lang='lat' dir='ltr'>ipsum</span> 
     </span>
     <span class='ocr_line' id='line_1_42' title="bbox 177 4425 1284 4509; baseline -0.002 -17"><span class='ocrx_word' id='word_1_387' title='bbox 177 4447 305 4502; x_wconf 86' lang='lat' dir='ltr'>verum,</span> <span class='ocrx_word' id='word_1_388' title='bbox 322 4428 430 4491; x_wconf 86' lang='lat' dir='ltr'>nescit</span> <span class='ocrx_word' id='word_1_389' title='bbox 450 4429 539 4489; x_wconf 90' lang='lat' dir='ltr'>enim</span> <span class='ocrx_word' id='word_1_390' title='bbox 559 4428 649 4509; x_wconf 94' lang='lat' dir='ltr'>quod</span> <span class='ocrx_word' id='word_1_391' title='bbox 668 4446 727 4508; x_wconf 87' lang='lat' dir='ltr'>per</span> <span class='ocrx_word' id='word_1_392' title='bbox 745 4432 905 4507; x_wconf 87' lang='lat' dir='ltr'>“patrem</span> <span class='ocrx_word' id='word_1_393' title='bbox 922 4433 956 4487; x_wconf 91' lang='lat' dir='ltr'>et</span> <span class='ocrx_word' id='word_1_394' title='bbox 977 4433 1121 4487; x_wconf 92' lang='lat' dir='ltr'>matrem</span> <span class='ocrx_word' id='word_1_395' title='bbox 1131 4425 1146 4449; x_wconf 88' lang='lat'>’&#39;</span> <span class='ocrx_word' id='word_1_396' title='bbox 1163 4427 1284 4490; x_wconf 92' lang='lat' dir='ltr'>intelli·</span> 
     </span>
    </p>
   </div>
   <div class='ocr_carea' id='block_1_5' title="bbox 0 0 1346 4988">
    <p class='ocr_par' dir='ltr' id='par_1_5' title="bbox 0 0 1346 4988">
     <span class='ocr_line' id='line_1_43' title="bbox 0 0 1346 4988; baseline 0 2"><span class='ocrx_word' id='word_1_397' title='bbox 0 0 1346 4988; x_wconf 95' lang='lat' dir='ltr'> </span> 
     </span>
    </p>
   </div>
  </div>
 </body>
</html>
