2684 4988
389 493 468 544 cae.
487 494 682 555 v11.‚vens.
700 495 811 562 7.-n.
827 498 900 564 445.
1124 501 1205 567 1129

104 659 246 738 pirituali
267 673 368 735 sunt;
391 683 430 726 ac
453 664 485 726 in
506 663 627 727 ultimo
646 685 705 727 seu
729 666 837 746 primo
856 665 953 729 caelo
971 667 1027 749 qui
1050 667 1083 729 in
1107 668 1205 730 bonis

104 756 238 834 »peribus
261 777 307 818 ex
331 758 526 820 obedientia
549 767 638 820 sunt.
684 758 731 821 Hi
749 780 883 841 quoque
903 760 1059 823 dicuntur
1082 762 1115 823 in
1140 761 1205 825 lide

104 866 159 912 :sse
171 871 178 926 ;
197 870 276 913 nam
288 851 431 913 credunt
442 852 628 914 secundum
640 862 778 934 captum
789 874 885 916 suum
899 854 957 916 illa
967 875 1053 937 quae
1064 856 1206 919 audiunt

104 960 138 1004 ex
151 942 252 1006 Verbi
275 965 377 1007 sensu
400 944 537 1008 litterae
557 956 592 1009 et
612 968 656 1009 ex
680 947 927 1028 praedicatore,
948 969 1010 1012 nec
1030 951 1149 1012 vident
1168 960 1204 1013 et

104 1039 271 1121 percipiunt
296 1060 376 1102 num
396 1061 475 1103 vera
495 1050 594 1103 sunt:
619 1062 722 1122 quare
742 1043 909 1123 cogitatio
929 1054 1044 1106 eorum
1065 1044 1107 1106 de
1131 1065 1204 1108 cre·

108 1132 203 1196 dendis
225 1145 368 1198 vocatur
390 1133 494 1212 fides;
519 1136 552 1197 id
577 1137 666 1198 enim
691 1138 824 1218 proprie
846 1136 930 1200 fides
953 1149 1096 1202 vocatur
1114 1141 1204 1222 quod

110 1228 230 1292 creditur
250 1230 380 1311 absque
403 1230 475 1292 visu
499 1227 724 1293 intellectuali
747 1241 782 1294 et
810 1233 1030 1313 perceptione
1054 1253 1133 1296 num
1157 1235 1205 1297 ita

111 1321 159 1398 sit;
178 1343 273 1405 quare
290 1334 434 1406 possunt
452 1324 590 1410 credere
606 1324 726 1387 salsum
742 1346 849 1406 aeque
865 1346 904 1389 ac
917 1346 1053 1389 verum:
1079 1339 1115 1390 at
1128 1348 1204 1392 cum

112 1415 216 1480 videtur
233 1430 267 1481 et
291 1420 475 1500 percipitur
493 1419 584 1501 quod
608 1420 766 1494 creditur,
788 1432 868 1483 tunc
890 1441 957 1482 non
977 1421 1100 1484 dicitur
1121 1421 1204 1485 lides

112 1510 156 1571 sed
174 1514 388 1594 apperceptio
411 1523 446 1575 et
472 1515 667 1594 percepti0;
692 1510 887 1576 intelledius
906 1514 995 1576 enim
1018 1513 1205 1576 illustratus

111 1602 269 1669 aDomino
289 1608 394 1680 videt,
415 1617 449 1670 et
470 1607 630 1669 voluntas
650 1605 805 1683 afficitur,
825 1618 860 1671 et
880 1604 976 1670 adius
996 1627 1041 1669 ex
1061 1618 1203 1689 utroque

112 1700 240 1780 sequitur.
286 1699 389 1782 Quod
406 1722 465 1783 per
480 1708 499 1731 ‘⁴
510 1700 745 1763 lsascharem'‘
758 1711 793 1764 et
806 1700 877 1781 ejus
890 1701 1014 1763 tribum
1032 1700 1085 1763 hic
1099 1702 1203 1781 signi·

113 1787 202 1857 licetur
216 1795 308 1868 fides,
324 1806 378 1858 est
393 1797 470 1878 quia
489 1816 548 1877 per
565 1806 635 1858 tres
652 1795 713 1857 has
730 1796 847 1870 tribus,
865 1817 910 1858 ex
927 1795 1046 1877 quibus
1063 1795 1203 1876 singulis

112 1885 261 1954 duodecim
286 1890 392 1953 millia
415 1892 541 1972 signati
569 1900 660 1963 sunt,
685 1890 924 1972 intelliguntur
946 1910 1065 1953 omnes
1088 1892 1143 1972 qui
1171 1892 1204 1953 in
1232 1914 1234 1919 ·

112 1980 205 2048 ultimo
229 2006 289 2049 seu
317 1987 426 2067 primo
450 1984 547 2047 caelo
571 1996 669 2062 sunt;
698 1994 732 2047 et
756 1986 812 2067 qui
839 1986 871 2046 in
900 1984 964 2047 hoc
992 1984 1089 2048 caelo
1113 1995 1202 2058 sunt,

112 2074 237 2143 dicuntur
256 2082 289 2142 in
314 2081 412 2143 bonis
431 2080 588 2161 operibus
611 2100 656 2142 ex
680 2080 886 2154 obedientia,
908 2088 943 2143 et
966 2081 1000 2141 in
1023 2078 1088 2141 fide
1107 2100 1202 2142 esse:

112 2171 183 2235 multi
200 2175 303 2237 etiam
323 2195 368 2237 ex
388 2174 454 2236 illis
470 2185 597 2236 vocant
616 2172 718 2236 fidem
735 2174 843 2236 solam
861 2173 1042 2236 essentiale
1062 2174 1202 2250 salutis;

111 2264 153 2326 sed
164 2288 259 2351 usque
272 2267 367 2330 illam
380 2288 449 2330 non
464 2279 623 2349 separant
637 2289 656 2330 a
672 2268 770 2331 bonis
783 2268 939 2349 operibus
951 2288 958 2344 ;
983 2267 1100 2330 dicunt
1112 2268 1202 2330 enim

111 2362 176 2438 quod
191 2364 237 2425 eis
253 2362 355 2425 detur
371 2361 454 2424 fides
474 2382 493 2424 a
513 2362 662 2425 Domino
678 2363 755 2444 quia
774 2363 807 2424 in
824 2362 921 2424 bonis
938 2363 1095 2442 operibus
1110 2372 1201 2437 sunt,

110 2457 168 2518 etsi
183 2477 248 2520 non
268 2459 302 2519 in
322 2457 375 2519 his
394 2467 510 2519 essent
529 2457 620 2539 quod
644 2475 712 2519 non
732 2457 869 2519 daretur
886 2455 989 2519 fides:
1014 2458 1068 2538 qui
1088 2466 1202 2520 autem

109 2540 183 2613 fidem
200 2572 220 2615 a
242 2553 343 2614 bonis
363 2552 519 2632 operibus
539 2561 710 2632 separant,
732 2561 767 2614 et
786 2550 904 2613 dicunt
924 2550 1016 2612 illam
1036 2571 1111 2613 esse
1130 2552 1203 2613 uni·

108 2654 162 2706 cum
177 2646 295 2709 salutis
311 2645 473 2717 medium,
490 2657 525 2708 et
541 2645 632 2728 quod
652 2645 828 2708 salventur
846 2665 906 2727 per
922 2645 1014 2707 illam
1032 2654 1203 2727 utcunque

106 2733 208 2815 urunt,
232 2752 269 2804 et
297 2741 362 2804 hoc
392 2739 595 2803 confirmant
624 2760 683 2821 per
707 2741 823 2814 vitam,
848 2739 897 2802 illi
924 2760 992 2801 non
1019 2741 1054 2801 in
1081 2739 1204 2803 ultimo

104 2833 178 2898 caelo
191 2848 282 2911 sunt,
301 2836 414 2899 sedin
434 2835 572 2898 inferno.
620 2834 686 2915 Qui
705 2832 863 2915 spectant
880 2835 993 2896 animo
1010 2835 1203 2897 mercedem

104 2936 218 3012 propter
233 2932 325 2993 bona
341 2951 428 3013 quae
447 2929 585 3003 iaciunt,
603 2940 638 2992 et
655 2931 702 2991 sic
719 2939 851 3010 ponunt
868 2930 1025 2991 meritum
1042 2930 1074 2990 in
1092 2931 1202 3010 operi-

104 3021 156 3098 llts,
177 3027 381 3107 intelligitur
404 3045 464 3106 per
488 3023 754 3087 “lsascharem''
777 3025 810 3085 in
838 3024 1040 3106 prophetico
1068 3023 1203 3087 Israelis

104 3106 131 3186 le
146 3119 215 3183 filiis
235 3121 323 3183 suis:

136 3253 282 3304 “lsaschar
294 3253 390 3301 asinus
402 3267 505 3309 osseus,
518 3254 620 3301 cubans
634 3251 703 3300 inter
715 3251 842 3309 sarcinas,
855 3262 881 3300 et
893 3251 994 3300 videbit
1004 3251 1121 3313 quietem
1131 3252 1203 3314 quod

209 3322 291 3376 bona,
311 3328 339 3368 et
357 3328 456 3367 terram
475 3319 546 3382 quod
564 3332 689 3375 amoena,
709 3328 736 3366 et
755 3317 896 3366 inclinabit
913 3318 1054 3365 humerum
1073 3330 1150 3367 suum
1168 3317 1203 3366 ad

207 3381 411 3448 bajulanduml,
426 3393 452 3432 et
465 3382 515 3431 erit
527 3383 628 3432 tributo
641 3379 775 3446 serviens]
785 3381 798 3401 '⁸
811 3379 884 3443 (Gen.
896 3382 960 3432 xlix.
975 3395 1012 3441 14,
1028 3385 1082 3442 15):

115 3502 292 3572 Isaschar”
318 3508 363 3571 ibi
391 3505 559 3587 significat
588 3506 780 3569 mercedem
809 3527 867 3568 seu
894 3506 1203 3569 remunerationem

104 3615 217 3687 ropter
240 3625 365 3687 opera;
396 3609 415 3670 ‘.‘
425 3604 538 3664 asinus
565 3602 706 3665 osseus”
729 3601 898 3682 significat
925 3603 1100 3664 servitium
1128 3596 1216 3664 infia-

104 3710 170 3763 lum
183 3723 191 3778 ;
212 3701 371 3764 “cubans
384 3700 473 3761 inter
486 3699 635 3759 sarcinas
644 3696 659 3720 ”
672 3695 840 3777 significat
855 3698 960 3759 vitam
978 3698 1065 3759 inter
1079 3717 1182 3779 opera
1195 3720 1211 3775 ;,

109 3804 145 3857 et
154 3795 283 3858 videbit
295 3795 446 3876 quietem
457 3793 547 3874 quod
561 3793 650 3855 bona
659 3791 674 3813 ”
685 3790 854 3872 significat
866 3812 969 3872 opera
982 3792 1061 3853 boni
1075 3793 1215 3873 absque·

104 3891 352 3953 &muneratione
372 3888 473 3969 plena
491 3886 674 3962 felicitate;
702 3894 765 3948 “et
786 3896 910 3948 terram
927 3885 1017 3967 quod
1035 3884 1215 3949 amoena'’'

104 3977 246 4064 lgnilicat
266 3984 357 4066 quod
378 3984 411 4045 in
431 3981 489 4045 illa
512 3981 677 4045 felicitate
696 3982 770 4054 sint
784 3982 839 4062 qui
863 3982 896 4042 in
915 4000 1023 4062 regno
1043 3979 1180 4044 Domini
1194 4004 1217 4059 ;;

112 4089 144 4143 et
168 4079 348 4144 inclinabit
376 4077 553 4139 humerum
577 4096 672 4138 suum
697 4076 739 4138 ad
768 4074 1008 4155 bajulandum”
1031 4074 1201 4156 significat

104 4173 166 4250 ,bod
184 4194 292 4256 usque
308 4172 401 4236 omni
419 4192 521 4253 opera
538 4170 691 4248 laboret;
718 4176 781 4234 “et
800 4171 864 4233 erit
882 4169 1010 4233 tributo
1026 4172 1176 4233 serviens
1187 4171 1202 4196 ”

104 4261 246 4346 ignificat
259 4275 296 4328 ut
308 4273 494 4326 mereatur.
531 4279 590 4337 (Sed
599 4278 659 4323 haec
668 4278 770 4336 amplius
779 4278 896 4336 explicate
905 4277 928 4322 in
937 4277 1042 4322 Arcanir
1054 4277 1202 4332 caelestibus,

104 4368 252 4428 trum
263 4366 409 4424 namin.)
453 4348 508 4412 Illi
524 4359 639 4412 autem
657 4349 796 4431 quinon
814 4350 847 4410 in
866 4348 975 4423 bonis,
993 4368 1080 4430 quae
1099 4368 1199 4430 prae-

104 4453 179 4523 unt,
193 4455 327 4530 ponunt
341 4443 501 4506 meritum
514 4438 702 4524 spectando
715 4441 757 4504 ad
775 4441 977 4516 mercedem,
991 4441 1052 4503 sed
1066 4440 1199 4504 caelum
