2684 4988
121 478 185 548 95²
432 477 683 528 neocawrsrs
705 478 932 531 araurem.

120 647 176 729 qui
194 647 284 709 enirn
303 646 336 708 id
355 647 473 728 recipit
492 644 646 710 dotirina
664 657 699 710 et
717 648 798 722 vita,
817 648 847 712 is
864 648 949 712 liber
967 660 1030 723 est,
1047 652 1118 734 quia
1132 652 1200 733 stiri-

120 739 220 802 tualis
243 739 290 813 fit,
311 748 345 802 et
369 739 502 803 ducitur
523 761 544 802 a
567 740 736 818 Domino;
758 763 861 824 quare
884 745 988 806 etiam
1012 744 1126 808 dicitur
1138 743 1202 826 quot

121 833 234 898 “iilius
251 844 386 897 maneat
405 834 438 896 in
454 834 559 897 domo
575 836 609 897 in
628 846 847 916 perpetuum
871 839 899 898 si
918 837 1023 901 Filius
1038 859 1096 901 vos
1110 839 1204 902 libero
1240 828 1244 913 l

119 928 209 1002 lacit,
229 949 307 992 vere
326 929 420 991 liberi
438 928 560 1002 eritis‚”
575 948 634 1011 per
651 929 823 994 “Filium’'
842 932 1044 1014 intelligitur
1061 933 1203 1005 Dominus.
1242 936 1244 989 ἱ

119 1031 155 1085 et
169 1040 305 1103 quoque
320 1021 447 1083 veritas
462 1021 925 1103 (nuoemmpn.n.63,151.166)
939 1044 946 1100 ;
969 1034 1005 1087 et
1020 1025 1202 1088 “manerein

119 1112 244 1175 domo”
257 1122 310 1175 est
326 1113 359 1174 in
375 1111 490 1175 caelo:
515 1113 605 1194 quod
622 1113 698 1176 duci
713 1115 759 1177 ab
772 1114 901 1177 inferno
917 1115 961 1178 sit
977 1135 1116 1191 servum,
1127 1115 1202 1179 doce·

119 1217 174 1270 tur
196 1227 256 1288 per
277 1207 360 1270 haec
383 1208 496 1281 verba,
522 1205 673 1270 “Omnis
698 1208 822 1271 iaciens
845 1220 1024 1290 peccatum
1046 1229 1151 1273 servus
1165 1220 1203 1274 est

119 1302 250 1381 peccati
262 1300 288 1376 ;”
308 1307 326 1332 ‘⁶
336 1299 538 1382 peccatum”
552 1312 606 1364 est
622 1300 785 1365 infernum
800 1305 877 1385 quia
892 1303 938 1367 ab
952 1303 1090 1368 inferno.
1129 1302 1202 1386 Quod

118 1397 266 1476 recipere
280 1394 438 1458 Divinum
451 1394 579 1459 Verum
595 1417 615 1458 a
631 1396 779 1460 Domino
792 1395 945 1460 doctrina
960 1409 996 1462 et
1009 1400 1079 1464 vita
1092 1400 1130 1463 sit
1143 1399 1202 1463 liber

119 1509 204 1562 esse,
223 1491 326 1551 etiam
345 1489 512 1552 Dominus
528 1489 632 1554 docet
650 1490 740 1572 apud
759 1490 961 1567 Jobannem,

170 1631 251 1682 “Vos
260 1632 337 1708 amici
348 1632 400 1682 mei
409 1633 474 1682 estis
484 1633 507 1682 si
520 1632 635 1709 feceritis
645 1648 826 1710 quaecunque
834 1636 935 1711 nando
943 1635 1024 1712 vobis
1030 1650 1037 1691 ;
1055 1650 1106 1685 non
1114 1634 1202 1712 anplius

249 1698 930 1827 {zattttttntt'tztitassistit?
943 1699 1201 1814 ἓέἒέᾞὲᾮὶιῖἓ

248 1829 341 1886 vobis:
359 1842 414 1876 non
425 1842 474 1878 vos
485 1829 527 1878 ele
547 1829 553 1841 ‘
571 1829 606 1878 tis
616 1827 671 1886 Me,
680 1829 729 1878 sed
781 1844 800 1878 o
810 1830 879 1892 elegi
889 1844 948 1888 vos.
959 1840 986 1879 et
998 1831 1075 1892 posui
1083 1845 1127 1880 voi
1136 1840 1201 1879 utrnt

247 1894 350 1943 abeatis
361 1904 389 1944 et
399 1891 516 1945 trucium
527 1843 630 1949 lsrsns
640 1905 668 1944 et
679 1891 783 1944 truilos
794 1906 883 1944 vester
895 1907 1004 1945 manat
1011 1896 1026 1915 ''
1037 1897 1090 1958 (xv.
1102 1895 1183 1957 nnn:

118 2056 177 2118 per
196 2036 373 2101 “amicos''
391 2035 444 2102 hic
467 2037 701 2120 intelliguntur
721 2036 826 2112 liberi,
845 2038 1004 2120 quoniam
1025 2034 1157 2101 “amici'’
1169 2033 1201 2099 ili

117 2144 333 2214 opponuntur
350 2134 482 2196 “servis
493 2132 521 2194 :”
541 2131 631 2214 quod
647 2131 695 2194 illi
711 2151 779 2195 non
794 2133 881 2194 servi
897 2133 965 2195 sint
981 2132 1042 2196 sed
1060 2133 1146 2196 amici
1158 2148 1201 2192 seu

118 2226 212 2290 liberi
229 2229 284 2310 qui
302 2228 465 2309 recipiunt
485 2226 644 2289 Divinum
664 2224 791 2288 Verum
810 2223 964 2288 doctrina
982 2238 1018 2290 et
1037 2228 1103 2290 vita
1118 2247 1136 2288 a
1150 2222 1200 2287 Do

118 2322 219 2393 mino,
247 2322 388 2384 docetur
414 2340 474 2402 per
501 2321 583 2383 haec
611 2319 723 2393 verba,
752 2317 817 2384 “Si
844 2318 989 2383 feceritis
1016 2335 1201 2404 quaecunque

106 2413 244 2478 nnando
254 2417 360 2487 vobis,
374 2435 442 2478 non
455 2414 598 2496 amplius
610 2434 670 2477 vos
683 2414 760 2477 dico
770 2434 885 2477 servos
901 2415 961 2477 sed
977 2417 1102 2479 amicos
1113 2412 1136 2492 ;'’
1148 2421 1201 2476 tun

117 2528 175 2589 per
191 2509 286 2584 haec,
304 2506 455 2571 “Omnia
470 2529 556 2591 quae
575 2508 685 2570 audivi
703 2528 723 2570 a
743 2508 840 2571 Patre
857 2527 934 2571 meo
950 2519 1032 2572 nota
1050 2509 1108 2572 leci
1122 2502 1201 2576 volis.

117 2613 153 2665 ut
178 2623 239 2665 vos
264 2604 393 2665 abeatis
420 2611 455 2666 et
482 2599 625 2665 fructum
651 2601 803 2680 ieratis;”
829 2603 1044 2666 “mandare''
1065 2614 1099 2668 et
1120 2607 1202 2663 “nott

116 2697 248 2760 facere”
270 2706 323 2760 est
346 2693 531 2770 doetrinae,
551 2716 590 2759 ac
615 2694 784 2760 “srutlum
807 2694 915 2759 serre”
935 2706 988 2760 est
1013 2698 1118 2774 vitae;
1136 2688 1201 2777 quod

116 2794 199 2855 haec
223 2813 243 2853 a
271 2792 428 2866 Domino,
452 2792 594 2870 docetur
616 2790 673 2866 ita,
695 2789 802 2853 “Non
825 2811 886 2853 vos
908 2790 1061 2872 elegistis
1082 2791 1141 2864 Me,
1158 2782 1201 2850 sed

116 2886 195 2969 Ego
221 2886 309 2967 elegi
335 2907 406 2960 vos,
430 2895 466 2950 et
495 2886 590 2966 posui
616 2884 705 2947 vos.'’
757 2882 871 2948 Simile
899 2905 1008 2966 paene
1035 2906 1093 2967 per
1115 2896 1201 2948 servos

118 2981 304 3055 Hebraeos,
322 2982 377 3062 qui
395 3001 487 3044 anno
504 2981 650 3061 septimo
668 2989 703 3043 et
722 2998 812 3042 anno
828 2978 970 3061 Jubilaei
989 2981 1025 3043 in
1043 2980 1201 3044 libertatern

116 3078 208 3140 missi
228 3086 317 3152 sunt,
337 3083 628 3157 repraesentatum
646 3084 699 3136 est

169 3221 222 3284 (De
230 3218 517 3347 qgffiizlxgdsgiss,
525 3229 556 3278 3;
569 3215 724 3266 Levit.uv.
732 3228 829 3280 39-41;
846 3215 1116 3282 Deutr.xv.12‚seq.;
1129 3215 1199 3281 Jon-

116 3429 521 3492 (mocissenorum
532 3427 876 3486 casteimnmms.)
907 3410 965 3474 Ex
978 3411 1043 3485 his,
1053 3431 1133 3494 quae
1141 3407 1200 3471 inc·

116 3523 216 3573 tenus
238 3507 343 3570 allata
365 3516 454 3579 sunt,
474 3515 631 3569 constare
654 3514 770 3584 potest
788 3504 879 3585 quod
899 3506 1015 3567 “servi
1024 3503 1039 3528 ”
1061 3505 1093 3567 in
1115 3495 1200 3565 Verbo

116 3606 270 3668 dicantur
289 3594 347 3684 qul
367 3602 552 3664 inserviunt
571 3610 605 3663 et
624 3598 785 3672 efficiunt,
804 3609 839 3662 et
858 3598 948 3680 quod
972 3599 1050 3662 inde
1073 3588 1200 3691 naturali

115 3701 219 3763 homo
242 3718 301 3778 per
321 3694 505 3759 “servum''
524 3694 744 3775 intelligatur,
764 3694 841 3776 quia
863 3694 890 3755 is
913 3694 1051 3756 inservit
1072 3680 1200 3775 spiritual

115 3814 176 3857 suo
200 3792 326 3856 homini
349 3789 528 3854 efficiendo
550 3789 641 3872 quod
663 3788 691 3851 is
712 3788 785 3851 vult
807 3799 844 3851 et
866 3787 1022 3867 cogitat;
1050 3796 1117 3850 turn
1136 3769 1200 3862 qu⁰d

117 3889 240 3953 “liberi
249 3887 263 3912 ”
283 3886 437 3949 dicantur
454 3885 510 3968 qui
533 3905 577 3946 ex
597 3902 712 3946 amore
730 3883 800 3944 veri
818 3893 853 3946 et
873 3880 964 3953 boni,
984 3881 1033 3943 ita
1051 3881 1103 3965 qni
1120 3871 1200 3941 aD0·

115 3986 208 4047 mino
225 4003 246 4044 a
261 4001 328 4063 quo
344 4000 438 4043 arnor
453 3979 523 4042 veri
541 3988 577 4041 et
595 3978 685 4052 boni,
702 3986 818 4058 agunt.
864 3975 1043 4039 Praeterea
1060 3994 1118 4056 per
1130 3975 1201 4029 “se“

115 4077 200 4142 vos”
218 4077 251 4138 in
271 4074 387 4138 Verbo
410 4075 513 4136 etiarn
536 4071 771 4152 intelliguntur
788 4071 844 4152 qui
867 4090 887 4133 a
909 4080 1019 4132 semet
1040 4079 1077 4132 et
1094 4057 1201 4130 mundo,

110 4183 150 4237 et
167 4171 245 4234 inde
261 4190 281 4232 a
298 4168 393 4231 malis
409 4178 444 4231 et
461 4167 562 4240 salsis,
577 4167 755 4238 ducuntur,
767 4173 1015 4245 consequenter
1029 4163 1084 4246 qui
1099 4183 1117 4224 a
1130 4162 1202 4252 natus

115 4267 176 4331 rali
193 4267 328 4330 homine
342 4275 377 4327 et
391 4283 458 4326 non
474 4261 572 4325 simul
585 4283 605 4323 a
617 4259 801 4342 spirituali;
823 4259 883 4321 sed
896 4259 938 4321 de
952 4259 1004 4321 his
1017 4258 1128 4333 servis,
1138 4245 1204 4316 alibi

113 4360 255 4425 volente
275 4359 434 4432 Domino,
453 4358 594 4425 dicetur.
