2684 4988
174 96 238 187 698
470 99 736 168 ¹urocnrssrrrsrs
758 112 984 167 sxrucnra.

174 284 333 349 omnibus
356 284 455 348 malis
477 291 513 348 et
535 282 640 346 falsis.
684 274 1305 360 (ngeutunnindrtotuntew

157 393 159 398 v
172 372 446 518 &archippum
456 379 889 438 memmersmntm.n
898 380 962 440 ut.)
997 364 1038 428 ln
1051 364 1154 428 Libro
1165 351 1309 430 Prin!

177 570 209 610 ἓν
223 575 243 599 ·“
250 574 336 702 Arcps
345 575 455 701 iprtinm
465 573 543 623 naen
553 583 632 634 sunt;
643 583 670 623 et
677 575 721 638 qul
731 574 838 637 impulsi
847 583 926 624 eram
943 577 1025 624 robur
1030 562 1297 627 dmmonxm‘

179 674 200 690 ,‚
313 655 391 701 rr.4:

156 752 407 848 'propheticum
431 765 605 836 Charmae,
627 765 745 826 matris
769 763 945 837 Samuelis,
969 766 1003 827 in
1026 786 1094 847 quo
1115 767 1227 847 agitur
1246 765 1285 830 de

171 859 405 942 deprivatione
424 859 493 922 veri
518 859 606 941 apud
630 859 706 921 illos
730 860 784 940 qui
808 860 851 921 ab
874 859 1028 934 ecclesia,
1045 861 1123 941 quia
1145 861 1179 922 in
1202 858 1288 923 nulla

172 951 349 1017 allectione
372 955 441 1016 veri
468 953 641 1035 spirituali,
661 973 700 1015 ac
724 954 767 1015 de
789 955 985 1034 receptione
1007 965 1043 1016 et
1066 953 1289 1018 illustratione

171 1044 303 1110 illorum
317 1049 372 1130 qui
388 1059 487 1111 extra
501 1047 678 1110 ecclesiam
692 1049 769 1128 quia
785 1049 817 1110 in
834 1045 1012 1110 affeetione
1024 1049 1092 1110 veri
1109 1048 1289 1130 spirituali;

172 1140 347 1205 dottrinae
359 1143 517 1204 salsorum
531 1162 617 1223 quae
633 1141 698 1203 illis
710 1142 764 1223 qui
780 1143 824 1203 ab
839 1142 983 1204 ecclesia
996 1142 1086 1223 quod
1104 1142 1199 1204 nihili
1214 1143 1290 1217 sint,

160 1236 380 1317 ,significatur
398 1259 456 1319 per
475 1238 566 1318 quod
585 1244 710 1299 “arcus
725 1236 862 1299 sortium
879 1234 974 1300 fracti
994 1239 1061 1300 sint
1073 1237 1100 1313 ;”
1123 1248 1159 1301 et
1178 1258 1291 1320 recep-

173 1333 222 1394 tio
244 1351 282 1394 ac
307 1331 489 1394 illustratio
512 1331 644 1394 illorum
669 1333 724 1412 qui
747 1343 848 1393 extra
870 1331 1062 1404 ecclesiam,
1085 1331 1293 1413 significatur

172 1445 231 1509 per
251 1427 333 1506 “qui
358 1424 489 1506 impulsi
509 1435 605 1488 erant
637 1427 737 1487 robur
760 1426 1068 1488 circumcinxerunt
1082 1424 1109 1503 ;”
1133 1425 1292 1508 “impulsi

172 1507 327 1582 dicuntur
346 1521 401 1601 qui
424 1541 443 1581 a
462 1518 554 1581 salsis
577 1520 789 1600 ignorantiae
808 1520 924 1601 pressi,
945 1530 980 1582 et
1001 1518 1155 1581 “robur'’
1174 1520 1293 1582 dicitur

174 1598 218 1691 ,lle
234 1616 389 1696 potentia
405 1624 438 1676 et
455 1614 664 1676 abundantia
681 1615 750 1676 veri
767 1635 811 1676 ex
829 1615 929 1676 bono.
974 1613 1079 1696 Apud
1095 1614 1292 1689 firmium,

223 1752 241 1772 ⁸·
250 1748 317 1798 Ecce
331 1748 389 1810 Ego
401 1749 530 1810 frangens
543 1762 632 1797 arcum
643 1748 738 1804 Elanti.
749 1748 908 1810 principium
918 1748 1055 1810 potentiae
1062 1746 1122 1810 ejus
1129 1747 1145 1767 '’
1153 1748 1229 1811 (xlix.
1239 1750 1292 1810 39:

172 1897 231 1962 per
252 1878 463 1940 “Elamum”
480 1877 680 1958 intelligitur
697 1878 839 1939 scientia
855 1897 941 1959 quae
958 1875 1121 1939 naturalis
1136 1876 1292 1951 hominis,

171 1982 207 2036 et
229 1973 307 2034 inde
330 1971 469 2046 fiducia;
499 1992 557 2053 per
576 1971 740 2034 “arcum’'
764 1970 833 2052 ejus
856 1971 1064 2052 significatur
1082 1971 1227 2035 scientia
1249 1989 1291 2034 ex

171 2061 238 2149 'qua
261 2076 296 2128 ut
322 2088 364 2128 ex
386 2063 539 2128 doctrina
564 2075 704 2146 pugnat,
725 2076 760 2127 et
784 2085 843 2147 per
868 2065 1093 2147 “principium
1118 2066 1293 2147 potentiae

172 2151 268 2242 ejus”
287 2159 493 2240 significatur
512 2159 652 2235 fiducia3
676 2161 817 2222 scientia
836 2159 926 2221 enim
951 2159 1043 2221 nihili
1062 2157 1156 2223 valet
1176 2161 1204 2222 si
1227 2179 1292 2223 non

171 2254 310 2317 inservit
324 2253 479 2316 rationali
494 2264 527 2316 et
541 2253 703 2335 spirituali
720 2254 856 2316 homini.
895 2252 995 2334 Quod
1008 2273 1068 2336 per
1082 2259 1101 2284 ¹¹
1111 2253 1295 2317 Elamum”

171 2348 382 2429 intelligatur
394 2350 535 2410 scientia
551 2368 637 2428 quae
654 2346 815 2410 naturalis
831 2348 987 2423 hominis,
1002 2357 1161 2411 constare
1177 2358 1305 2431 potest.

171 2443 215 2506 'ex
235 2442 318 2505 locis
337 2443 369 2504 in
386 2442 504 2504 Verbo
519 2443 574 2504 ubi
591 2443 784 2505 nominatur

172 2616 191 2630 ,.
225 2576 274 2639 (Ut
296 2577 381 2625 Genes.
398 2592 423 2625 x.
439 2589 487 2642 ης
513 2576 703 2626 Esai.xxi.2:
732 2576 1018 2641 Jerem.xxr.24-2⁶;
1043 2591 1102 2640 cap.
1116 2578 1182 2629 xlix.
1196 2591 1293 2644 34539:

303 2642 395 2690 Erech.
407 2643 470 2691 xxii.
481 2654 522 2701 24,
534 2642 584 2703 25).

171 2760 275 2843 Apud
295 2759 470 2832 Davidem,

174 2863 179 2873 ’
226 2873 349 2938 Jehovah
362 2877 492 2922 “cessare
502 2873 566 2922 iacit
578 2873 649 2921 bella
662 2887 746 2935 usque
757 2873 793 2921 ad
803 2872 999 2922 extremitatem
1013 2880 1109 2931 terrae,
1121 2888 1213 2923 areum
1224 2874 1295 2924 tran·

302 2940 349 3001 git,
362 2949 388 2989 et
400 2947 522 3002 amputat
533 2939 649 2996 hastam,
661 2952 753 2987 currus
770 2938 903 2987 comburit
919 2938 982 3002 igne
989 2937 1004 2957 ”
1013 2937 1069 3000 (Ps.
1079 2938 1144 2988 xlri.
1155 2952 1188 2988 ιο
1201 2937 1248 3005 [B.
1258 2941 1293 2990 A.

302 3002 355 3068 ull:
392 3046 396 3054 ·

171 3129 248 3213 quia
268 3149 327 3210 per
347 3128 488 3191 “bella''
507 3125 740 3209 significantur
758 3146 893 3209 pugnae
912 3126 1112 3209 spirituales,
1130 3148 1218 3210 quae
1240 3129 1294 3192 hic

175 3232 253 3286 sunt
277 3223 349 3285 salsi
373 3233 493 3284 contra
517 3242 632 3284 verum
656 3232 691 3284 et
715 3233 835 3285 contra
857 3221 983 3284 bonum
1007 3242 1093 3303 quae
1117 3221 1294 3296 ecclesiae,

172 3317 252 3380 inde
280 3326 375 3399 patet
407 3316 486 3397 quid
514 3314 721 3397 significatur
747 3336 807 3398 per
836 3316 926 3397 quod
948 3315 1101 3397 Jehovah
1130 3321 1295 3381 “cessare

171 3409 271 3474 faciet
295 3410 386 3473 bella
410 3430 514 3490 usque
540 3410 583 3472 ad
607 3411 862 3472 extremitatem
893 3408 1032 3482 terrae’'
1055 3429 1178 3492 nempe
1201 3412 1293 3493 quod

171 3524 308 3568 ornnem
329 3524 477 3586 pugnarn
497 3514 531 3565 et
548 3523 650 3565 omne
666 3503 838 3565 dissidium
856 3523 874 3564 a
894 3504 1008 3586 primis
1027 3505 1069 3566 ad
1088 3503 1209 3567 ultima
1224 3507 1294 3568 veri

172 3599 355 3674 ecclesiae;
381 3605 400 3629 ‘⁶
410 3598 610 3660 extremitas
624 3608 733 3659 terrae
741 3597 756 3622 '⁹
768 3597 936 3680 significat
953 3598 1071 3661 ultima
1087 3598 1178 3678 ejus:
1202 3601 1295 3682 quod

173 3712 240 3755 non
257 3693 320 3755 erit
338 3711 451 3773 pugna
467 3689 642 3753 doetrinae
658 3703 778 3754 contra
795 3689 994 3766 doctrinam,
1008 3691 1218 3773 significatur
1233 3714 1295 3776 per

171 3787 261 3869 quod
277 3786 438 3866 “franget
455 3805 567 3848 arcum
581 3784 608 3862 ;”
627 3785 717 3866 quod
735 3805 801 3848 non
816 3787 878 3849 erit
895 3807 1008 3867 pugna
1021 3808 1064 3849 ex
1083 3786 1196 3868 aliquo
1208 3787 1295 3851 salso

172 3880 263 3955 mali,
283 3879 490 3961 significatur
511 3899 569 3961 per
592 3879 682 3960 quod
703 3880 920 3962 “amputabit
943 3874 1081 3943 hastam
1091 3880 1116 3957 ;”
1142 3890 1178 3944 et
1202 3883 1294 3964 quod

141 3967 143 3972 ’
171 3975 364 4038 destruetur
377 3995 476 4036 omne
489 3971 663 4036 doctrinae
679 3973 763 4049 falsi,
777 3995 835 4055 per
851 3975 942 4057 quod
956 3981 1099 4038 “currus
1115 3976 1292 4040 comburet

171 4068 279 4151 igne.'’
323 4069 425 4151 Apud
445 4068 601 4143 eundem,
