2716 4986
126 475 205 538 1208
434 487 684 541 APOCALYPSIS
701 489 929 541 exputare.

173 663 190 684 '¹
199 659 231 710 ln
249 661 360 710 occultis
378 660 445 710 locis
462 659 536 711 flebit
552 661 645 710 anime
661 675 745 719 mee..
754 696 761 712 .
771 698 778 711 .
787 675 830 712 ,ιο
846 661 993 712 descendet
1007 661 1098 711 oculus
1112 674 1176 710 meus
1185 659 1212 708 le

252 724 384 791 chryme”
396 725 461 788 (xiii.
476 729 531 789 17);

121 838 210 922 apud
229 840 387 916 eundem,

172 952 264 1017 “Quis
282 952 529 1003 dabit....oculum
548 968 638 1003 meum
657 953 846 1016 scaturiginem
866 954 1028 1019 lachrymae,
1048 965 1078 1005 ut
1096 955 1165 1005 deam
1180 952 1212 1002 dn

252 1015 418 1082 ιιοέὶιιεῃκῖι
430 1017 496 1080 (viii.
508 1030 538 1079 ²3
552 1015 598 1083 [B.
610 1021 646 1069 A.
657 1020 693 1069 in
706 1015 733 1084 1]
744 1019 761 1081 ς)

120 1133 154 1193 in
179 1130 331 1206 Threnis,

229 1244 358 1294 “flendo
369 1243 443 1294 flebit
454 1245 482 1293 in
495 1241 583 1304 nodie,
597 1254 625 1294 et
636 1245 773 1308 lachryme
784 1259 865 1309 super
875 1259 947 1308 gene
958 1245 1041 1308 ejus”
1054 1245 1081 1309 (i.
1092 1247 1117 1308 a)
1128 1264 1134 1311 ;

120 1359 210 1439 apud
228 1357 447 1433 Malachiam,

229 1474 246 1494 ‘⁴
254 1471 366 1534 Operire
378 1473 517 1536 lachryme
527 1472 612 1522 altare
624 1471 753 1537 jehovae,
767 1471 830 1522 lietu
842 1484 870 1521 et
882 1474 999 1535 suspirio
1008 1472 1023 1491 ”
1034 1472 1071 1535 (it
1084 1474 1137 1534 13);

120 1586 209 1666 apud
228 1585 405 1662 Davidem,

172 1698 244 1762 “Qui
251 1708 410 1824 {ergntcum
419 1698 567 1762 lachryme.
578 1737 597 1759 .,
607 1699 735 1750 sedendo
742 1709 831 1764 portat
837 1697 939 1764 jactum
947 1700 1078 1751 seminis''
1085 1700 1138 1762 (Ps.
1147 1695 1216 1748 cml

120 1877 209 1959 apud
227 1878 423 1954 Jeremtam,

188 1991 309 2042 “inhibe
321 2006 415 2042 vocem
427 2001 501 2042 tuam
512 2007 529 2041 a
540 1992 612 2052 fletu.
624 2004 651 2043 et
663 1994 755 2044 oeulos
767 2003 828 2044 tuos
840 2008 857 2043 a
868 1993 1029 2058 lachryme”
1041 1993 1123 2056 (xxxi.
1137 1993 1187 2054 κως

119 2107 209 2190 apud
228 2108 386 2184 eundem,

179 2220 391 2270 Lamentutrices
405 2220 567 2279 “festinent
581 2230 608 2271 et
619 2221 716 2270 tollent
727 2235 808 2285 snper
819 2222 898 2271 nobis
909 2221 1068 2281 lamentum,
1081 2232 1110 2272 et
1120 2221 1223 2272 detaut

250 2286 321 2335 oculi
333 2286 419 2336 nostri
431 2286 588 2350 lachryma”
600 2286 646 2349 (ix.
660 2298 689 2346 17
702 2284 750 2352 [B.
760 2290 796 2337 A.
811 2283 879 2352 181);

121 2414 140 2440 “
149 2407 337 2473 lamentum
346 2409 361 2434 ”
373 2429 434 2492 pro
447 2408 538 2484 fletu,
551 2410 629 2491 quia
641 2419 693 2472 est
707 2430 775 2473 vox
790 2408 897 2473 fletus.
942 2408 1049 2492 Apud
1061 2409 1225 2481 Danaen,

170 2542 293 2592 “Fessus
307 2557 366 2591 sum
381 2543 501 2591 anhelitu
516 2556 585 2599 meo,
602 2542 663 2591 lavo
681 2557 729 2605 per
742 2551 826 2592 totam
845 2540 953 2592 nollem
970 2540 1070 2592 lelium
1090 2557 1184 2602 meum,
1198 2541 1227 2590 lt·

249 2609 359 2671 chryma
370 2622 431 2657 mea
442 2609 529 2657 cubile
541 2622 630 2657 meum
643 2607 785 2671 liquefacio
792 2607 806 2627 ”
819 2607 864 2669 (vi.
877 2620 891 2668 7
905 2605 951 2673 [B.
962 2611 998 2658 A.
1010 2604 1065 2673 6]);

117 2759 177 2822 per
190 2739 333 2803 “lavare
349 2737 496 2803 letiam·
511 2739 712 2822 intelligitur
728 2738 818 2813 fletu,
832 2741 888 2822 qui
904 2750 956 2803 est
973 2741 1050 2815 oris,
1064 2741 1144 2824 quia
1157 2738 1228 2803 dici·

118 2846 172 2899 tur
184 2834 227 2897 de
242 2834 413 2912 anhelitu;
436 2845 472 2898 at
487 2834 726 2898 “madefacere
743 2834 880 2908 cubile,’'
893 2835 984 2916 quod
1001 2846 1119 2898 tamen
1131 2833 1228 2898 simile

117 2941 181 3001 est,
204 2929 245 2991 de
269 2929 453 3010 lachryma.
500 2928 596 3008 Haec
619 2925 766 2992 adduila
789 2939 878 3004 sunt,
902 2938 939 2992 ut
962 2949 1007 2991 ex
1031 2930 1084 2993 his
1107 2946 1227 3013 quoque

117 3026 241 3088 sciatur
256 3023 346 3106 quod
366 3024 463 3087 binae
480 3024 718 3104 expressiones
736 3022 861 3087 similes
880 3024 914 3086 in
931 3022 1059 3100 Verbo,
1077 3023 1228 3107 imprimis

117 3119 330 3200 Prophetico,
350 3138 418 3181 non
440 3119 507 3180 sint
531 3119 752 3199 repetitiones
775 3138 893 3196 vanae,
914 3119 976 3182 sed
999 3119 1091 3203 quod
1114 3139 1177 3185 una
1195 3136 1226 3182 se

117 3214 239 3277 referat
258 3212 301 3275 ad
320 3213 446 3275 bonum
465 3222 500 3274 et
518 3211 627 3275 altera
644 3212 688 3275 ad
707 3231 832 3276 verum.
