2684 4988
113 461 195 526 1180
420 472 672 524 nnocnnvrsrs
694 473 923 525 nxpcrcs‘rn.

110 645 320 727 spiritualem
338 645 536 722 continent;
561 644 638 707 inde
657 644 766 726 magis
781 645 892 709 adhuc
910 646 1073 710 historica
1089 649 1197 730 prophe·

111 741 189 815 tica,
209 761 294 822 quae
318 749 396 801 sunt
416 760 501 821 quae
524 748 752 820 apparuerunt
775 751 811 803 et
830 761 916 822 quae
941 739 1034 804 dicta
1056 753 1128 806 sunt
1144 763 1196 824 pro·

111 834 225 916 phetis
258 853 334 897 curn
368 833 502 897 suerunt
535 834 568 896 in
601 833 731 898 visione
764 835 912 916 spiritus,
945 856 1025 900 nam
1055 857 1093 900 ea
1118 840 1197 901 omnir

110 928 400 1008 repraesentativa
422 938 457 991 et
481 926 707 1009 significativa
729 939 828 1007 sunt;
854 940 891 992 ut
914 929 1008 1012 quod
1031 930 1089 993 visi
1109 930 1196 995 suerint

109 1020 255 1103 Johanni
268 1026 286 1053 ‘⁴
296 1023 416 1104 viginti
427 1032 463 1087 et
474 1032 619 1103 quatuor
630 1022 810 1097 seniores,‘'
819 1032 854 1087 et
866 1027 886 1055 ‘⁴
895 1034 1043 1106 quatuor
1050 1023 1196 1100 animalia?

111 1116 176 1179 hoc
199 1116 395 1179 historicum
416 1116 651 1196 propheticum
670 1126 735 1192 est,
754 1137 793 1180 ac
812 1119 1091 1200 repraesentabat
1106 1130 1136 1183 et
1149 1120 1194 1201 sig·

111 1208 270 1272 nificabat
289 1210 432 1291 angelos
451 1212 659 1291 superiorum
678 1210 861 1286 caelorum,
882 1222 919 1276 ut
938 1234 1040 1294 supra
1058 1224 1193 1277 ostensum

110 1312 184 1380 est;
207 1305 286 1367 inde
302 1305 453 1385 sequitur
468 1304 559 1387 quod
578 1304 732 1368 similiter
747 1305 1012 1387 significativum
1030 1307 1118 1370 suerit
1133 1306 1193 1389 quod

112 1406 225 1461 “unus
248 1420 293 1461 ex
312 1399 498 1461 senioribus
522 1398 656 1463 locutus
675 1400 720 1464 sit
738 1400 781 1464 ad
802 1400 896 1465 illurn
910 1401 937 1479 ;”
956 1401 1117 1484 significat
1134 1402 1193 1464 enin

111 1493 274 1555 influxum
294 1503 328 1555 et
352 1494 607 1573 perceptionem
626 1515 645 1557 e
663 1493 759 1557 caelo
782 1515 802 1557 a
825 1494 984 1559 Domino.
1031 1495 1123 1578 Quod
1138 1501 1193 1556 ‘'re-

111 1586 273 1667 spondit'’
298 1587 350 1649 hic
379 1607 446 1649 non
475 1586 643 1669 significet
671 1588 876 1670 respondere
902 1590 937 1652 in
964 1588 1092 1673 vulgari
1115 1607 1192 1658 sensu,

112 1691 229 1762 patere
248 1691 364 1762 potest
383 1703 428 1744 ex
447 1703 489 1744 eo
504 1681 595 1764 quod
612 1681 743 1746 dicatur
758 1683 885 1765 absque
901 1685 1158 1767 interrogatione,
1169 1691 1193 1743 et

111 1777 317 1857 respondere
336 1787 389 1840 est
409 1776 452 1839 ad
476 1777 799 1858 interrogationem
823 1779 877 1841 hic
900 1779 1016 1860 itaque
1034 1780 1076 1842 ad
1096 1778 1192 1859 cogita·

112 1870 241 1933 tionem
264 1870 307 1933 de
331 1870 395 1933 illis
418 1871 473 1953 qui
495 1871 556 1933 visi
579 1880 658 1934 sunt
681 1871 715 1933 in
738 1870 836 1935 stolis
858 1870 954 1935 albis.
1000 1873 1156 1937 Praeterea
1170 1869 1193 1930 in

113 1963 234 2028 Verbo
250 1966 381 2046 saepius
398 1966 519 2029 dicitur
533 1965 796 2046 “respondere'’
808 1976 843 2030 et
859 1967 904 2041 id,
921 1986 998 2031 cum
1015 1968 1057 2031 de
1072 1965 1192 2034 Domino.

112 2059 280 2141 significat
303 2059 478 2132 influxum,
498 2060 765 2140 inspirationem,
785 2063 1051 2142 perceptionem,
1073 2072 1105 2126 et
1122 2058 1193 2124 inior·

113 2156 310 2230 mationem,
324 2165 395 2219 tum
412 2155 515 2218 etiam
529 2154 791 2219 misericordiam
808 2165 843 2220 et
860 2175 974 2239 opem,
987 2168 1025 2220 ut
1041 2158 1073 2220 in
1087 2169 1194 2239 sequen·

113 2250 203 2314 tibus
222 2249 305 2313 locis
317 2247 474 2330 :-Apud
492 2248 645 2324 Esaiam,

165 2384 183 2407 ‘⁸
192 2381 224 2433 Io
237 2393 357 2510 t8e)rnpore
372 2382 532 2445 beneplaciti
546 2382 673 2446 respondi
684 2382 740 2441 ribi,
754 2392 782 2432 er
793 2383 821 2432 in
832 2384 876 2433 die
888 2384 984 2435 salutis
996 2385 1085 2450 adjuvi
1095 2376 1197 2442 ιε”ίιῑίι

112 2564 202 2646 apud
220 2563 396 2636 Davidem,

164 2671 320 2738 “Jebovah,
334 2671 547 2802 afllqumeffex
559 2673 721 2735 respondent
733 2673 810 2722 nobis
823 2674 849 2722 in
861 2673 906 2722 die
917 2688 972 2738 qno
983 2671 1152 2725 invocamus”
1162 2661 1211 2728 ip*

243 2753 287 2788 xx.
301 2751 332 2786 ro
384 2775 390 2788 .
430 2753 465 2800 .o
496 2752 503 2796 ;

112 2853 202 2934 apud
222 2852 378 2926 eundem,

164 2962 283 3092 “Quuffir3
301 2963 452 3092 Samssvero
474 2961 608 3025 responde
631 2960 707 3019 Mihi,
731 2960 804 3011 Deus
825 2962 947 3025 justitiae
970 2965 1072 3015 meae'’
1093 2966 1145 3029 (Ps.
1162 2945 1237 3010 ivr-²

285 3065 290 3077 .
329 3040 360 3077 ,ι
397 3042 403 3085 ;

111 3145 202 3228 apud
220 3144 376 3218 eundem,

174 3257 191 3278 ⁴⁴
202 3254 323 3317 Respice,
339 3252 472 3315 responde
484 3252 556 3310 mihi,
570 3238 693 3316 Jehovah
706 3249 779 3301 Deus
792 3251 850 3301 mi'·
862 3252 918 3313 (Ps.
931 3255 987 3304 xiii.
998 3269 1015 3315 4
1029 3251 1121 3321 [B.A.
1133 3251 1175 3321 31)
1192 3252 1208 3301 ἶ

111 3369 201 3465 apud
220 3369 377 3441 eundem,

239 3477 323 3539 “Ego
334 3477 431 3525 invoco
443 3475 491 3533 Te,
505 3475 567 3538 quia
579 3475 726 3538 respondes
738 3475 810 3534 mihi,
827 3474 900 3525 Deus
908 3475 922 3496 ’¹
934 3477 991 3540 (Ps.
1003 3479 1068 3529 xvii.
1080 3479 1122 3541 6);

110 3592 200 3674 apud
219 3591 377 3664 eundem,
1092 3646 1096 3654 .

189 3701 342 3766 “Quaesivi
354 3699 494 3765 Jehovsm,
508 3708 535 3747 et
546 3698 686 3761 respondit
698 3698 762 3747 mibi
771 3696 786 3718 '’
797 3697 853 3761 (Ps.
865 3699 957 3750 xxxiv.
970 3712 983 3761 5
998 3697 1045 3766 [B.
1056 3703 1092 3752 A.
1103 3697 1156 3767 4]);

110 3818 200 3900 apud
220 3816 376 3890 eundem,

296 3925 458 3976 “tvtnvocat
471 3923 525 3983 Me,
539 3933 566 3973 et
578 3923 747 3986 respondebo
759 3922 817 3972 itti'·
830 3922 886 3985 (Ps.
898 3924 949 3973 xci.
963 3923 1019 4006 19:

110 4041 199 4124 apud
218 4039 376 4114 eundem,

161 4151 230 4201 “Ad
243 4150 384 4276 Jehovjun,
401 4163 460 4198 curn
478 4148 603 4211 angustia
620 4147 694 4206 mibi,
710 4145 834 4203 clamavi,
850 4146 895 4210 qui
913 4148 1053 4210 respondit
1070 4144 1167 4198 mitt·
1199 4125 1239 4195 (1

240 4232 299 4266 cxx.
315 4229 325 4264 1
347 4232 352 4265 :

109 4342 145 4398 et
163 4331 252 4397 alibi.
298 4329 336 4392 ln
356 4329 407 4391 his
422 4339 458 4392 et
475 4328 546 4391 aliis
566 4328 648 4391 locis
667 4347 726 4409 per
743 4326 974 4407 “respondere
984 4326 999 4350 ”
1017 4347 1084 4391 non
1100 4308 1239 4390 intell

108 4430 199 4514 gitur
217 4426 432 4509 respondere,
453 4424 513 4486 sed
536 4423 671 4487 influere
690 4423 723 4486 in
743 4421 999 4503 cogitationem,
1019 4421 1098 4485 dare
1114 4421 1239 4502 per<
