2684 4988
272 498 356 548 car.
374 496 435 561 vr,
451 496 554 548 vars.
576 497 705 565 15.—u.
720 481 848 567 410[b].
1069 497 1131 566 935
1148 514 1150 520 v

104 666 313 730 d¹'intrarent
330 669 364 730 in
381 675 522 748 petram,
539 678 575 730 et
591 668 839 730 absconderent
859 687 895 729 se
914 666 946 728 in
966 665 1133 747 pulvere‚”

105 772 201 824 rarent
214 764 248 824 in
260 761 443 842 speluncas
454 771 623 843 petrarum
636 773 671 824 et
684 762 716 824 in
730 760 863 823 fissuras
876 759 1050 842 pulveris,”
1061 772 1132 823 tum

108 855 259 916 scissuras
279 866 450 936 petrarum
473 864 508 918 et
531 853 665 917 fissuras
684 856 811 936 rupium
822 854 852 916 ”?
896 853 947 916 At
968 873 1133 916 exsensu

104 968 146 1010 no
157 950 262 1010 scitur
273 947 366 1030 quod
382 967 441 1029 per
453 948 510 1010 illa
526 950 638 1011 omnia
653 948 862 1011 describatur
873 956 983 1010 status
999 946 1133 1012 illorum

108 1061 125 1102 n
145 1062 262 1104 amore
280 1042 331 1103 sui
355 1051 389 1104 et
413 1043 527 1104 mundi
551 1050 628 1104 sunt
652 1051 686 1104 et
710 1042 786 1103 inde
810 1042 843 1103 in
867 1041 964 1104 malis
984 1050 1019 1103 et
1042 1040 1133 1103 falsis

104 1155 164 1196 »ore
187 1135 298 1197 ultimi
318 1135 440 1216 judicii.
485 1132 598 1215 Quare
617 1132 737 1197 dicitur
755 1135 844 1216 quod
865 1135 965 1196 “dies
982 1133 1132 1214 Jehovae

104 1247 196 1308 super
219 1247 358 1290 omnem
382 1227 595 1309 magnificum
619 1238 655 1290 et
677 1227 795 1300 altum,
814 1238 850 1290 et
873 1247 973 1308 super
995 1246 1132 1289 omnem

107 1339 138 1382 m
156 1329 190 1383 et
207 1321 370 1394 humilem
383 1321 409 1398 ;”
428 1322 528 1384 “dies
543 1321 715 1402 Jehovae”
727 1331 780 1384 est
793 1321 947 1383 ultimum
960 1319 1131 1400 judicium,

104 1415 150 1475 nis
163 1413 364 1496 magnificus
377 1426 411 1478 et
424 1416 513 1477 altus
521 1415 536 1439 ”
547 1425 625 1477 sunt
638 1416 693 1496 qui
712 1416 744 1476 in
757 1434 875 1476 amore*
885 1415 933 1476 sui
949 1424 983 1476 et
997 1414 1132 1489 mundi;

104 1510 210 1570 omnis
233 1507 345 1570 elatus
368 1517 402 1571 et
426 1508 582 1571 humilis”
604 1518 683 1569 sunt
705 1509 761 1588 qui
784 1508 816 1569 in
841 1527 955 1570 amore
980 1508 1133 1587 propriae

104 1600 269 1681 ligentiac.
325 1599 401 1664 Hoc
431 1602 629 1664 describitur
655 1600 799 1681 amplius
828 1619 887 1681 per
913 1601 1003 1682 quod
1033 1601 1134 1662 “dies

104 1712 160 1756 rae
183 1696 247 1757 erit
272 1712 372 1776 super
390 1710 507 1758 omnes
530 1695 649 1757 cedros
672 1695 767 1757 altas
783 1705 819 1758 et
841 1693 960 1766 elatas,
980 1704 1015 1756 et
1034 1713 1134 1774 super

104 1808 130 1850 es
156 1807 300 1870 quercus
329 1788 525 1861 Baschanis,
548 1806 648 1868 super
674 1806 793 1851 omnes
819 1798 954 1850 montes
980 1786 1070 1849 altos
1097 1796 1132 1850 et

104 1900 118 1942 s
145 1881 268 1956 elatos,
296 1901 395 1962 super
424 1896 560 1944 omnem
591 1883 706 1943 turrim
736 1880 908 1943 excelsam
937 1890 972 1943 et
1003 1900 1132 1942 murum

106 1983 188 2050 tum,
213 1985 249 2038 et
273 1992 372 2056 super
395 1993 513 2038 omnes
536 1992 640 2037 naves
661 1974 887 2037 Tharschisch
910 1984 946 2036 et
969 1974 1133 2053 imagines

104 2067 168 2131 lerii
179 2068 208 2130 τ’*
229 2088 290 2149 per
303 2069 451 2132 “cedros
464 2066 606 2131 Libani⁶
619 2079 652 2131 et
670 2088 729 2149 per
743 2076 762 2101 ‘⁸
771 2088 912 2149 quercus
926 2067 1133 2129 Baschanis”

104 2161 222 2225 ficatur
248 2161 354 2224 fastus
376 2182 421 2224 ex
449 2164 582 2243 propria
604 2162 841 2242 intelligentia,
866 2161 970 2223 fastus
996 2162 1134 2223 interior

106 2256 240 2318 ‘cedros
260 2254 404 2318 Libani”
422 2266 457 2319 et
476 2257 626 2318 exterior
644 2276 703 2337 per
723 2262 892 2336 “quercus
912 2254 1095 2317 Baschanis
1108 2253 1134 2328 ;”

104 2355 251 2411 'montes
260 2349 275 2373 ”
286 2359 322 2412 et
336 2355 355 2381 ‘⁸
364 2348 492 2412 colles”
504 2349 735 2430 significantur
747 2368 878 2412 amores
891 2350 939 2410 sui
956 2359 990 2410 et
1007 2348 1132 2419 mundi,

104 2438 151 2500 lde
173 2442 397 2502 scaturientia
416 2439 506 2501 mala
528 2448 563 2501 et
586 2437 672 2501 falsa
692 2455 730 2512 (ut
739 2468 818 2512 supra,
830 2469 853 2501 n.
863 2453 999 2518 405[g-r]
1011 2462 1133 2512 ostensum

105 2548 163 2610 per
176 2536 195 2560 ‘⁴
206 2530 325 2591 turrim
334 2528 349 2552 ”
361 2539 397 2591 et
413 2536 433 2561 ‘⁴
442 2549 574 2590 murum
583 2528 598 2552 '’
611 2529 847 2609 significantur
859 2528 944 2590 salsa
957 2526 1132 2591 doctrinae

105 2631 233 2697 rmata;
262 2641 321 2701 per
340 2626 475 2684 “naves
498 2618 747 2683 Tharschisch”
769 2631 805 2683 et
829 2621 1022 2701 “imagines
1045 2621 1132 2682 desi-

106 2713 359 2795 ”significantur
370 2715 583 2795 cognitiones
593 2725 627 2776 et
639 2717 874 2794 perceptiones
884 2714 957 2776 salsi
967 2736 1010 2776 ex
1023 2715 1113 2776 malo
1126 2737 1132 2788 ;

104 2827 127 2869 rs
141 2828 256 2870 eorum
277 2828 321 2870 ex
339 2808 434 2870 malis
454 2818 489 2870 et
508 2806 599 2870 falsis
617 2807 823 2889 significatur
840 2827 898 2888 per
915 2807 1033 2870 “idola
1049 2828 1133 2888 quae

104 2911 164 2964 unt
183 2902 245 2964 sibi
264 2902 308 2964 ad
326 2902 568 2964 incurvandum
586 2922 623 2964 se
643 2901 743 2982 talpis
761 2912 796 2964 et
814 2902 1134 2981 vespertilionibus‚”

104 3014 128 3057 rs
143 3016 188 3058 ex
208 2995 333 3057 talibus
349 3015 435 3077 quae
454 3006 533 3057 sunt
552 3015 597 3057 ex
617 2996 749 3076 propria
766 2995 991 3076 intelligentia
1008 2994 1132 3076 signifi-

104 3109 192 3170 rper
216 3089 337 3151 “idola
359 3109 444 3170 quae
471 3088 620 3151 lecerunt
645 3089 706 3151 sibi
732 3089 774 3151 ad
801 3088 1043 3150 incurvandum
1070 3088 1134 3163 se,”

104 3192 161 3245 ret
184 3181 269 3245 falsa
288 3179 461 3244 dodlrinae
484 3182 667 3262 exquibus
690 3180 799 3244 cultus
822 3179 1054 3262 significantur
1077 3201 1135 3262 per

104 3293 155 3354 pas
173 3285 208 3338 et
225 3273 513 3354 vespertiliones,”
529 3276 607 3356 quia
622 3275 711 3336 visus
730 3295 843 3336 eorum
863 3285 914 3337 est
935 3275 967 3336 in
987 3274 1134 3336 tenebris

104 3369 200 3448 lgiunt
218 3367 350 3443 lucem;
371 3366 528 3447 judicium
548 3387 646 3447 super
662 3367 737 3429 illos
754 3367 952 3429 describitur
971 3387 1029 3446 per
1044 3368 1133 3448 quod

104 3463 220 3525 rabunt
244 3462 277 3525 in
297 3461 476 3542 speluncas
498 3471 669 3542 petrarum
690 3470 725 3524 et
748 3462 781 3523 in
805 3458 937 3522 fissuras
961 3460 1135 3541 pulveris,”

112 3557 169 3619 “in
187 3557 351 3618 scissuras
374 3564 544 3635 petrarum
565 3565 600 3616 et
624 3555 657 3616 in
681 3552 813 3616 fissuras
837 3553 995 3634 rupium,”
1014 3574 1052 3616 ac
1077 3573 1135 3634 per

104 3668 169 3712 rare
191 3651 225 3712 in
244 3647 424 3729 speluncas
443 3656 612 3727 petrarum
632 3657 667 3710 et
686 3645 819 3710 fissuras
843 3645 1010 3727 pulveris”
1030 3648 1133 3728 signi-

104 3761 135 3805 ur
152 3743 328 3806 damnatio
346 3740 478 3804 illorum
498 3741 553 3822 qui
572 3741 604 3802 in
625 3740 720 3802 malis
739 3750 774 3802 et
793 3737 884 3801 salsis
902 3760 946 3802 ex
967 3740 1135 3802 amoribus

104 3842 119 3897 :t
129 3837 253 3908 mundi,
268 3846 302 3897 et
320 3855 364 3896 ex
381 3833 468 3897 fastu
482 3835 633 3914 propriae
647 3831 891 3914 intelligentiae
904 3843 994 3906 sunt,
1008 3832 1135 3896 inferna

104 3946 241 3992 reorum
261 3938 427 4008 apparent
452 3937 487 3988 ut
511 3925 691 4006 speluncae
716 3927 747 3988 in
772 3927 885 4006 petris,
906 3946 944 3988 ac
968 3927 1078 3989 aditus
1102 3928 1134 3988 in

104 4030 129 4083 ut
145 4023 309 4085 scissurae
333 4031 503 4100 petrarum
524 4029 559 4081 et
583 4018 718 4081 fissurae
738 4021 886 4098 rupium;
912 4024 1056 4099 “petrae
1066 4019 1081 4043 ”
1100 4032 1134 4082 et

104 4115 166 4177 >es''
183 4117 288 4178 etiam
308 4112 498 4194 significant
518 4113 601 4175 salsa
620 4110 696 4174 fidei
716 4123 750 4174 et
769 4109 954 4186 doctrinae,
971 4132 1010 4174 ac
1032 4113 1133 4192 “pul-

112 4208 273 4290 significat
292 4208 501 4271 damnatum.
545 4205 648 4286 Apud
668 4205 864 4279 Jeremiam,

104 4336 190 4390 Terror
208 4350 271 4390 tuus
288 4341 392 4402 decepit
410 4350 446 4397 te,
460 4341 585 4401 superbia
602 4341 688 4388 cordis
707 4341 753 4397 tul,
773 4339 897 4388 habitans
916 4339 942 4388 in
956 4336 1132 4389 foraminibus

147 4418 291 4468 petrarum,
303 4416 398 4454 tenens
408 4406 575 4453 altitudinem
585 4405 660 4452 collis
671 4421 676 4463 ;
695 4406 717 4454 si
727 4405 859 4454 exaltares
868 4407 936 4454 sicut
945 4406 1033 4468 aquila
1041 4406 1132 4454 nidum

145 4481 227 4529 tuum,
242 4473 305 4520 inde
317 4472 460 4533 dejicerem
473 4481 499 4520 te
507 4471 521 4488 '⁹
534 4471 606 4532 (xlix.
621 4471 675 4532 rol:
