2684 4988
293 481 374 532 cau.
391 481 451 542 vr..
468 480 573 532 vuns.
594 481 719 546 14-u.
735 467 861 549 406[b].
1072 481 1134 557 ⁹³¹.

96 644 124 707 cli
142 666 192 728 per
217 649 425 730 spiritualem
454 656 606 714 mentem
632 647 812 730 conjundla
839 659 891 711 est
918 668 996 713 cum
1022 647 1137 718 calore

96 740 127 810 cli.
139 744 186 822 qui
200 754 255 806 est
270 765 377 817 amor,
394 744 503 826 qualis
519 755 571 807 est
587 746 821 825 comparative
838 743 896 806 lux
915 743 1030 810 mundi
1047 752 1136 807 tem·

96 854 113 895 e
128 837 224 911 veris3
248 848 284 900 at
305 837 364 901 lux
382 838 470 901 caeli
489 837 630 901 influens
649 858 709 919 per
727 839 828 902 rimas
847 839 881 901 in
898 836 1064 911 naturale.
1080 847 1136 907 est

109 941 254 1010 separata
269 952 289 992 a
305 931 418 996 calore
438 931 534 1000 caeli.
554 933 610 1012 qui
633 942 686 995 est
710 952 817 1005 amor,
837 931 945 1013 qualis
963 941 1018 995 est
1041 951 1136 995 com*

96 1026 170 1086 atine
192 1024 251 1087 lux
275 1027 391 1088 mundi
415 1036 569 1107 ternpore
593 1026 722 1090 hiemis.
769 1027 855 1091 Inde
879 1037 996 1108 patere
1012 1035 1136 1108 potest

96 1118 234 1190 dhomo,
248 1121 337 1200 apud
354 1140 454 1202 quem
467 1120 649 1200 spiritualis
666 1140 762 1183 mens
775 1131 895 1201 aperta
910 1130 974 1193 est,
987 1121 1031 1183 sit
1048 1120 1135 1187 sicut

96 1223 136 1272 tus
154 1221 188 1274 et
208 1214 404 1293 paradisus;
428 1224 463 1276 et
480 1214 570 1295 quod
590 1214 704 1287 horno,
725 1214 814 1296 apud
833 1234 934 1295 quem
953 1213 1136 1295 spiritualis

96 1324 116 1365 ts
133 1326 199 1367 non
218 1317 339 1387 aperta
355 1318 419 1381 est,
437 1310 480 1370 sit
500 1309 586 1370 sicut
607 1307 767 1381 solitudo,
788 1318 822 1370 et
843 1310 929 1370 sicut
949 1319 1039 1370 terra
1058 1310 1136 1378 nive

96 1395 163 1460 edla.
210 1398 383 1479 Quoniam
406 1421 510 1463 mens
524 1401 603 1466 lacit
628 1402 810 1474 hominem,
834 1421 929 1467 mens
952 1403 1042 1467 enim
1064 1401 1135 1482 ejus

96 1491 276 1556 lntellectus
292 1505 327 1557 et
341 1493 511 1565 voluntas,
525 1494 603 1557 inde
619 1494 709 1557 idem
722 1505 775 1558 est
792 1497 862 1557 sive
875 1495 967 1558 dicas
984 1505 1135 1565 mentem

109 1585 289 1661 hominem,
309 1590 359 1650 ita
378 1591 448 1650 sive
467 1589 560 1650 dicas
580 1599 732 1651 mentem
752 1588 960 1669 spiritualem
980 1599 1015 1650 et
1035 1598 1135 1658 natu-

96 1698 123 1741 m
140 1681 210 1743 sive
229 1682 324 1744 dicas
343 1682 515 1744 hominem
535 1682 743 1763 spiritualem
763 1693 797 1745 et
818 1681 1018 1745 naturalem.

96 1769 142 1852 b]
172 1771 273 1834 Mens
287 1774 454 1835 naturalis
470 1794 530 1835 seu
546 1773 650 1835 homo
663 1773 829 1837 naturalis
842 1774 955 1855 quoad
968 1793 1049 1835 vera
1063 1771 1135 1853 ejus

96 1864 185 1943 poad
212 1864 298 1927 falsa
324 1865 394 1945 ejus
419 1864 628 1946 significatur
655 1886 714 1946 per
739 1865 917 1928 “insulas”
941 1866 973 1926 in
998 1864 1134 1942 Verbo;

96 1957 131 2018 ad
152 1978 232 2020 vera
253 1960 344 2040 apud
371 1959 448 2021 illos
470 1960 560 2040 apud
584 1980 669 2040 quos
692 1959 874 2040 spiritualis
898 1979 993 2022 mens
1016 1968 1136 2040 aperta

106 2062 137 2114 ct
159 2055 271 2134 quoad
294 2053 380 2116 salsa
401 2055 490 2135 apud
513 2053 590 2116 illos
613 2053 702 2134 apud
726 2074 810 2135 quos
834 2053 1015 2134 spiritualis
1039 2072 1135 2125 mens

96 2144 153 2208 lusa
164 2157 228 2209 est.
275 2146 377 2228 Quod
393 2148 450 2210 illa
463 2146 694 2228 significentur
707 2168 766 2228 per
780 2154 799 2178 “
808 2147 963 2220 insulas‚”
976 2157 1135 2218 constare

96 2250 192 2303 estex
209 2241 431 2323 sequentibus
447 2241 531 2303 locis
546 2242 580 2304 in
597 2241 713 2307 Verbo
726 2240 882 2322 :-Apud
899 2240 1111 2314 Euclidem.

101 2379 219 2431 stetim
238 2383 374 2431 Dominus
391 2381 506 2446 Jehovih
525 2382 607 2444 Tyro,
625 2381 724 2431 Nonne
741 2383 777 2430 ob
795 2396 892 2430 sonum
910 2396 989 2430 cesus
1008 2381 1055 2438 tul.
1071 2395 1132 2430 cum

146 2457 234 2508 gemet
241 2448 395 2504 conlossus,
405 2462 465 2495 cum
477 2448 721 2509 perageturcaedos
730 2447 758 2494 in
769 2447 858 2494 medio
869 2447 914 2504 tui,
925 2447 1135 2496 contremiscent

146 2513 265 2563 insulae?
289 2523 316 2561 et
334 2514 499 2561 descendent
517 2510 659 2574 1¹¹desuper
680 2513 785 2560 thronis
806 2512 862 2559 suis
884 2526 978 2559 omnes
999 2512 1134 2574 principes

147 2579 227 2626 meris
238 2595 257 2627 ι.
267 2615 273 2626 .
285 2577 521 2626 ..contremiscent
535 2576 640 2624 insulse
652 2577 696 2624 die
708 2591 788 2625 casus
800 2577 847 2633 tui,
864 2587 891 2624 ει
905 2578 1134 2638 perturbabuntur

146 2644 249 2692 insulae
258 2658 328 2706 quae
341 2643 368 2690 in
378 2643 444 2690 meri
455 2643 490 2689 ob
498 2642 599 2690 exitum
610 2651 684 2689 tuum
687 2678 846 2690 .........
852 2642 956 2691 Omnes
966 2643 1132 2692 habitatores

146 2710 293 2757 insularum
303 2710 498 2768 obstupuerunt
507 2721 587 2768 super
596 2716 630 2763 te,
640 2716 667 2755 et
677 2721 754 2767 reges
765 2722 857 2755 eurum
868 2708 1062 2756 cohorruerunt
1072 2708 1134 2757 hor-

144 2789 204 2824 rore
215 2789 220 2831 ;
239 2775 363 2823 turbatae
376 2783 439 2820 sunt
451 2772 556 2821 lacies''
568 2771 627 2834 ejus
640 2772 721 2832 (xxvi.
734 2785 772 2832 ις,
784 2774 822 2828 16,
835 2774 863 2820 18
874 2787 880 2828 ;
898 2787 955 2834 cap.
967 2773 1049 2823 xxvii.
1060 2775 1115 2834 35):

96 2925 130 2967 :ur
144 2907 174 2968 in
190 2907 278 2968 binis
294 2904 361 2968 illis
377 2905 544 2986 capitibus
560 2905 602 2969 de
619 2904 722 2985 Tyro,
737 2926 908 2987 perquam
924 2906 1134 2987 significatur

96 2999 159 3063 lesia
173 3000 287 3082 quoad
307 3000 521 3079 cognitiones
537 3000 605 3062 veri
624 3009 660 3062 et
680 2999 770 3071 boni,
788 3010 822 3063 et
843 3000 920 3063 inde
940 2999 1132 3086 significan·

96 3096 299 3174 cognitiones
311 3094 379 3157 veri
395 3102 430 3158 et
447 3092 527 3157 boni
539 3091 711 3167 abstracte
724 3115 731 3170 ;
756 3104 790 3156 et
808 3096 950 3175 primum
964 3096 1007 3159 ibi
1020 3097 1134 3176 agitur

96 3188 307 3269 ¹ntelligentia
325 3196 360 3249 et
380 3188 547 3267 sapientia
566 3186 739 3252 hominum
756 3189 921 3250 ecclesiae
941 3209 999 3269 per
1013 3191 1132 3270 cogui—

96 3301 128 3342 es
141 3285 209 3344 veri
225 3291 261 3344 et
280 3282 360 3344 boni
378 3301 423 3343 ex
440 3280 567 3351 Verbo,
586 3289 621 3341 et
641 3291 762 3361 postea
778 3282 820 3343 de
835 3282 980 3346 ecclesia
996 3293 1134 3354 vastata

96 3375 129 3436 ad
148 3376 233 3438 illas.
280 3373 437 3438 Ecclesia
456 3384 594 3437 vastata
612 3374 724 3456 quoad
747 3374 833 3446 illas,
854 3395 913 3437 seu
937 3375 991 3443 ubi
1013 3378 1133 3456 cogni·

96 3488 128 3530 es
141 3472 209 3532 veri
225 3478 262 3531 et
280 3468 359 3529 boni
379 3469 560 3548 perierunt,
574 3467 775 3530 describitur
791 3488 849 3548 per
865 3468 922 3530 illa
939 3489 1024 3550 quae
1042 3470 1133 3550 apud

96 3562 221 3642 phetam
245 3564 278 3624 in
303 3562 368 3624 illis
387 3561 557 3623 versibus:
582 3563 733 3624 vastatio
752 3564 985 3642 cognitionum
1005 3565 1075 3625 veri
1097 3574 1133 3626 et

96 3657 175 3739 iper
195 3665 302 3719 “cum
320 3666 437 3736 gemet
457 3655 642 3727 confossus.
663 3665 790 3718 etcum
810 3668 992 3736 peragetur
1010 3657 1133 3721 caedes

96 3753 177 3814 tedio
192 3753 242 3814 tui
256 3750 282 3824 ;”
306 3771 365 3831 per
379 3749 605 3811 “confossos’'
620 3752 710 3811 enim
728 3749 964 3829 intelliguntur
980 3750 1028 3814 illi
1043 3751 1133 3831 apud

96 3842 287 3908 sexstindta
304 3852 382 3904 sunt
399 3864 489 3915 vera,
507 3853 542 3906 et
559 3863 618 3924 per
635 3843 803 3905 “caedem
812 3843 827 3866 ”
843 3843 1045 3923 intelligitur
1061 3846 1134 3925 ipsa

96 3938 198 4003 tinstio
214 3940 335 4001 veriet
353 3938 451 4000 boni:
476 3938 566 4019 quod
586 3949 666 4000 tunc
683 3958 802 3999 omnes
819 3939 1034 4018 cognitiones
1049 3959 1134 4020 quas

96 4050 122 4095 ιο
141 4035 254 4096 hausit
273 4053 319 4095 ex
339 4031 456 4094 Verbo
474 4032 518 4094 ab
538 4032 689 4105 infantia,
711 4042 745 4094 et
765 4033 878 4094 omnia
897 4053 976 4094 vera
995 4034 1133 4096 scienti-

107 4146 158 4207 per
177 4148 264 4210 quae
288 4125 500 4189 confirmavit
525 4126 610 4198 illas,
635 4125 886 4207 perturbentur,
911 4137 1134 4192 emoveantur

96 4237 111 4289 t.
132 4231 165 4284 et
191 4221 368 4292 recedant,
396 4218 604 4299 significatur
632 4240 690 4300 per
716 4219 806 4301 quod
836 4221 1133 4283 “contremiscent

96 4310 154 4387 lae.
173 4327 207 4379 et
228 4303 440 4377 descenden't
459 4315 604 4394 desuper
623 4313 754 4375 thronis
777 4314 845 4375 suis
868 4333 986 4374 omnes
1010 4315 1133 4394 princi·

105 4409 222 4485 maris‚”
242 4419 317 4471 tum
341 4428 400 4488 per
420 4409 648 4471 “tremiscent
671 4405 801 4468 insulae
820 4407 874 4469 die
894 4426 992 4469 casus
1016 4409 1075 4480 tui,
1096 4418 1132 4471 et
