<?xml version="1.0" encoding="UTF-8"?>
<!DOCTYPE html PUBLIC "-//W3C//DTD XHTML 1.0 Transitional//EN"
    "http://www.w3.org/TR/xhtml1/DTD/xhtml1-transitional.dtd">
<html xmlns="http://www.w3.org/1999/xhtml" xml:lang="en" lang="en">
 <head>
  <title>
</title>
<meta http-equiv="Content-Type" content="text/html;charset=utf-8" />
  <meta name='ocr-system' content='tesseract 3.04.00' />
  <meta name='ocr-capabilities' content='ocr_page ocr_carea ocr_par ocr_line ocrx_word'/>
</head>
<body>
  <div class='ocr_page' id='page_1' title='image "./apocalypsisexpl00swedgoog_0350.png"; bbox 0 0 2684 4988; ppageno 0'>
   <div class='ocr_carea' id='block_1_1' title="bbox 113 455 921 511">
    <p class='ocr_par' dir='ltr' id='par_1_1' title="bbox 113 455 921 511">
     <span class='ocr_line' id='line_1_1' title="bbox 113 455 921 511; baseline 0.009 -7"><span class='ocrx_word' id='word_1_1' title='bbox 113 456 196 505; x_wconf 90' lang='lat'>1010</span> <span class='ocrx_word' id='word_1_2' title='bbox 419 455 670 509; x_wconf 74' lang='lat' dir='ltr'><strong>APOCALYPSIS</strong></span> <span class='ocrx_word' id='word_1_3' title='bbox 692 457 921 511; x_wconf 67' lang='lat' dir='ltr'>mucan.</span> 
     </span>
    </p>
   </div>
   <div class='ocr_carea' id='block_1_2' title="bbox 108 625 1186 926">
    <p class='ocr_par' dir='ltr' id='par_1_2' title="bbox 108 625 1186 926">
     <span class='ocr_line' id='line_1_2' title="bbox 110 625 1179 710; baseline 0.008 -24"><span class='ocrx_word' id='word_1_4' title='bbox 110 636 229 690; x_wconf 82' lang='lat' dir='ltr'>verunt</span> <span class='ocrx_word' id='word_1_5' title='bbox 249 647 269 689; x_wconf 90' lang='lat' dir='ltr'>a</span> <span class='ocrx_word' id='word_1_6' title='bbox 288 646 323 688; x_wconf 90' lang='lat' dir='ltr'>se</span> <span class='ocrx_word' id='word_1_7' title='bbox 346 625 436 690; x_wconf 88' lang='lat' dir='ltr'>bona</span> <span class='ocrx_word' id='word_1_8' title='bbox 453 636 489 690; x_wconf 89' lang='lat' dir='ltr'>et</span> <span class='ocrx_word' id='word_1_9' title='bbox 508 647 589 690; x_wconf 85' lang='lat' dir='ltr'>vera</span> <span class='ocrx_word' id='word_1_10' title='bbox 607 625 771 692; x_wconf 86' lang='lat' dir='ltr'>ecclesiae</span> <span class='ocrx_word' id='word_1_11' title='bbox 793 648 854 710; x_wconf 89' lang='lat' dir='ltr'>per</span> <span class='ocrx_word' id='word_1_12' title='bbox 871 649 1004 694; x_wconf 90' lang='lat' dir='ltr'>amores</span> <span class='ocrx_word' id='word_1_13' title='bbox 1020 629 1105 710; x_wconf 88' lang='lat' dir='ltr'>illos;</span> <span class='ocrx_word' id='word_1_14' title='bbox 1121 628 1179 694; x_wconf 82' lang='lat' dir='ltr'>unde</span> 
     </span>
     <span class='ocr_line' id='line_1_3' title="bbox 108 719 807 803; baseline 0.003 -21"><span class='ocrx_word' id='word_1_15' title='bbox 108 731 209 782; x_wconf 86' lang='lat' dir='ltr'>extra</span> <span class='ocrx_word' id='word_1_16' title='bbox 228 719 391 793; x_wconf 76' lang='lat' dir='ltr'>masam,</span> <span class='ocrx_word' id='word_1_17' title='bbox 411 722 459 783; x_wconf 89' lang='lat' dir='ltr'>ita</span> <span class='ocrx_word' id='word_1_18' title='bbox 479 720 646 785; x_wconf 85' lang='lat' dir='ltr'>“abscissi</span> <span class='ocrx_word' id='word_1_19' title='bbox 664 722 807 803; x_wconf 82' lang='lat' dir='ltr'>anguli.”</span> 
     </span>
     <span class='ocr_line' id='line_1_4' title="bbox 157 856 1186 926; baseline 0.007 -21"><span class='ocrx_word' id='word_1_20' title='bbox 157 857 249 906; x_wconf 84' lang='lat' dir='ltr'>Simile</span> <span class='ocrx_word' id='word_1_21' title='bbox 257 856 423 920; x_wconf 67' lang='lat' dir='ltr'>significatur</span> <span class='ocrx_word' id='word_1_22' title='bbox 434 872 482 920; x_wconf 79' lang='lat' dir='ltr'>per</span> <span class='ocrx_word' id='word_1_23' title='bbox 493 859 653 908; x_wconf 72' lang='lat' dir='ltr'>“abaciam</span> <span class='ocrx_word' id='word_1_24' title='bbox 664 859 757 922; x_wconf 63' lang='lat' dir='ltr'>mali</span> <span class='ocrx_word' id='word_1_25' title='bbox 764 857 779 879; x_wconf 82' lang='lat'>&#39;¹</span> <span class='ocrx_word' id='word_1_26' title='bbox 788 860 859 923; x_wconf 69' lang='lat' dir='ltr'>apud</span> <span class='ocrx_word' id='word_1_27' title='bbox 873 861 1016 926; x_wconf 57' lang='lat' dir='ltr'>mim</span> <span class='ocrx_word' id='word_1_28' title='bbox 1027 861 1090 925; x_wconf 77' lang='lat' dir='ltr'>(unp.</span> <span class='ocrx_word' id='word_1_29' title='bbox 1097 858 1186 922; x_wconf 61' lang='lat' dir='ltr'>xxm</span> 
     </span>
    </p>
   </div>
   <div class='ocr_carea' id='block_1_3' title="bbox 109 970 357 1052">
    <p class='ocr_par' dir='ltr' id='par_1_3' title="bbox 109 970 357 1052">
     <span class='ocr_line' id='line_1_5' title="bbox 109 970 357 1052; baseline 0.004 -19"><span class='ocrx_word' id='word_1_30' title='bbox 109 970 212 1052; x_wconf 86' lang='lat' dir='ltr'>Apud</span> <span class='ocrx_word' id='word_1_31' title='bbox 230 970 357 1045; x_wconf 83' lang='lat' dir='ltr'><em>Mosen,</em></span> 
     </span>
    </p>
   </div>
   <div class='ocr_carea' id='block_1_4' title="bbox 160 1079 1191 1209">
    <p class='ocr_par' dir='ltr' id='par_1_4' title="bbox 160 1079 1191 1209">
     <span class='ocr_line' id='line_1_6' title="bbox 160 1079 1191 1153; baseline 0.005 -23"><span class='ocrx_word' id='word_1_32' title='bbox 160 1084 178 1103; x_wconf 81' lang='lat'>&#39;⁸</span> <span class='ocrx_word' id='word_1_33' title='bbox 185 1079 293 1130; x_wconf 79' lang='lat' dir='ltr'>Orietrn</span> <span class='ocrx_word' id='word_1_34' title='bbox 304 1080 388 1130; x_wconf 82' lang='lat' dir='ltr'>Stella</span> <span class='ocrx_word' id='word_1_35' title='bbox 399 1095 432 1130; x_wconf 86' lang='lat' dir='ltr'>ex</span> <span class='ocrx_word' id='word_1_36' title='bbox 444 1080 553 1146; x_wconf 83' lang='lat' dir='ltr'>Jacobo.</span> <span class='ocrx_word' id='word_1_37' title='bbox 564 1090 593 1130; x_wconf 83' lang='lat' dir='ltr'>et</span> <span class='ocrx_word' id='word_1_38' title='bbox 604 1090 696 1144; x_wconf 72' lang='lat' dir='ltr'>surget</span> <span class='ocrx_word' id='word_1_39' title='bbox 707 1081 846 1145; x_wconf 71' lang='lat' dir='ltr'>Soeptrw</span> <span class='ocrx_word' id='word_1_40' title='bbox 858 1096 895 1153; x_wconf 53' lang='lat' dir='ltr'>eg</span> <span class='ocrx_word' id='word_1_41' title='bbox 905 1082 1016 1143; x_wconf 78' lang='lat' dir='ltr'>israele,</span> <span class='ocrx_word' id='word_1_42' title='bbox 1027 1086 1094 1148; x_wconf 87' lang='lat' dir='ltr'>qnod</span> <span class='ocrx_word' id='word_1_43' title='bbox 1104 1090 1191 1134; x_wconf 67' lang='lat' dir='ltr'>eoum</span> 
     </span>
     <span class='ocr_line' id='line_1_7' title="bbox 239 1145 740 1209; baseline 0.006 -14"><span class='ocrx_word' id='word_1_44' title='bbox 239 1147 353 1209; x_wconf 70' lang='lat' dir='ltr'>angulo·</span> <span class='ocrx_word' id='word_1_45' title='bbox 366 1146 459 1195; x_wconf 77' lang='lat' dir='ltr'>Moabi</span> <span class='ocrx_word' id='word_1_46' title='bbox 467 1145 482 1165; x_wconf 82' lang='lat'>&#39;⁸</span> <span class='ocrx_word' id='word_1_47' title='bbox 494 1147 589 1206; x_wconf 76' lang='lat' dir='ltr'>(Nun.</span> <span class='ocrx_word' id='word_1_48' title='bbox 600 1147 672 1197; x_wconf 83' lang='lat' dir='ltr'>xxiv.</span> <span class='ocrx_word' id='word_1_49' title='bbox 685 1148 740 1209; x_wconf 77' lang='lat'>17):</span> 
     </span>
    </p>
   </div>
   <div class='ocr_carea' id='block_1_5' title="bbox 108 1273 1218 1933">
    <p class='ocr_par' dir='ltr' id='par_1_5' title="bbox 108 1273 1218 1933">
     <span class='ocr_line' id='line_1_8' title="bbox 108 1273 1212 1359; baseline 0.004 -22"><span class='ocrx_word' id='word_1_50' title='bbox 108 1293 168 1355; x_wconf 89' lang='lat' dir='ltr'>per</span> <span class='ocrx_word' id='word_1_51' title='bbox 188 1273 359 1356; x_wconf 85' lang='lat' dir='ltr'>“angulos</span> <span class='ocrx_word' id='word_1_52' title='bbox 382 1273 520 1336; x_wconf 87' lang='lat' dir='ltr'>Moabi”</span> <span class='ocrx_word' id='word_1_53' title='bbox 542 1273 778 1355; x_wconf 86' lang='lat' dir='ltr'>intelliguntur</span> <span class='ocrx_word' id='word_1_54' title='bbox 799 1277 914 1339; x_wconf 91' lang='lat' dir='ltr'>omnia</span> <span class='ocrx_word' id='word_1_55' title='bbox 936 1297 1022 1359; x_wconf 90' lang='lat' dir='ltr'>quae</span> <span class='ocrx_word' id='word_1_56' title='bbox 1044 1297 1101 1359; x_wconf 91' lang='lat' dir='ltr'>per</span> <span class='ocrx_word' id='word_1_57' title='bbox 1116 1275 1212 1340; x_wconf 72' lang='lat' dir='ltr'>“lilo-¹</span> 
     </span>
     <span class='ocr_line' id='line_1_9' title="bbox 108 1366 1192 1455; baseline 0.006 -25"><span class='ocrx_word' id='word_1_58' title='bbox 108 1366 232 1430; x_wconf 88' lang='lat' dir='ltr'>abum&#39;’</span> <span class='ocrx_word' id='word_1_59' title='bbox 255 1366 504 1448; x_wconf 86' lang='lat' dir='ltr'>significantur;</span> <span class='ocrx_word' id='word_1_60' title='bbox 531 1387 591 1449; x_wconf 92' lang='lat' dir='ltr'>per</span> <span class='ocrx_word' id='word_1_61' title='bbox 614 1367 828 1431; x_wconf 83' lang='lat' dir='ltr'>“Moabum”</span> <span class='ocrx_word' id='word_1_62' title='bbox 850 1370 1081 1452; x_wconf 84' lang='lat' dir='ltr'>significantur</span> <span class='ocrx_word' id='word_1_63' title='bbox 1100 1368 1192 1455; x_wconf 79' lang='lat' dir='ltr'>illiqu&#39;</span> 
     </span>
     <span class='ocr_line' id='line_1_10' title="bbox 108 1460 1193 1547; baseline 0.005 -23"><span class='ocrx_word' id='word_1_64' title='bbox 108 1462 143 1524; x_wconf 92' lang='lat' dir='ltr'>in</span> <span class='ocrx_word' id='word_1_65' title='bbox 167 1461 293 1524; x_wconf 90' lang='lat' dir='ltr'><strong>ultimis</strong></span> <span class='ocrx_word' id='word_1_66' title='bbox 312 1460 427 1535; x_wconf 84' lang='lat' dir='ltr'>Verbi,</span> <span class='ocrx_word' id='word_1_67' title='bbox 448 1462 622 1536; x_wconf 86' lang='lat' dir='ltr'>ecclesiae,</span> <span class='ocrx_word' id='word_1_68' title='bbox 642 1472 676 1525; x_wconf 86' lang='lat' dir='ltr'>et</span> <span class='ocrx_word' id='word_1_69' title='bbox 699 1462 810 1526; x_wconf 84' lang='lat' dir='ltr'>cultus</span> <span class='ocrx_word' id='word_1_70' title='bbox 832 1474 932 1541; x_wconf 88' lang='lat' dir='ltr'>sunt;</span> <span class='ocrx_word' id='word_1_71' title='bbox 956 1475 992 1527; x_wconf 91' lang='lat' dir='ltr'>et</span> <span class='ocrx_word' id='word_1_72' title='bbox 1015 1466 1047 1527; x_wconf 92' lang='lat' dir='ltr'>in</span> <span class='ocrx_word' id='word_1_73' title='bbox 1070 1464 1193 1547; x_wconf 83' lang='lat' dir='ltr'>opposito</span> 
     </span>
     <span class='ocr_line' id='line_1_11' title="bbox 108 1555 1192 1646; baseline 0.006 -29"><span class='ocrx_word' id='word_1_74' title='bbox 108 1563 219 1629; x_wconf 82' lang='lat' dir='ltr'>s’ensu,</span> <span class='ocrx_word' id='word_1_75' title='bbox 239 1556 295 1637; x_wconf 92' lang='lat' dir='ltr'>qui</span> <span class='ocrx_word' id='word_1_76' title='bbox 317 1555 512 1646; x_wconf 64' lang='lat' dir='ltr'>adulterant</span> <span class='ocrx_word' id='word_1_77' title='bbox 535 1577 576 1618; x_wconf 89' lang='lat' dir='ltr'>ea</span> <span class='ocrx_word' id='word_1_78' title='bbox 598 1576 658 1638; x_wconf 89' lang='lat' dir='ltr'>per</span> <span class='ocrx_word' id='word_1_79' title='bbox 676 1557 708 1619; x_wconf 91' lang='lat' dir='ltr'>id</span> <span class='ocrx_word' id='word_1_80' title='bbox 732 1558 822 1639; x_wconf 92' lang='lat' dir='ltr'>quod</span> <span class='ocrx_word' id='word_1_81' title='bbox 845 1579 880 1621; x_wconf 87' lang='lat' dir='ltr'>se</span> <span class='ocrx_word' id='word_1_82' title='bbox 900 1570 1037 1622; x_wconf 86' lang='lat' dir='ltr'>vertant</span> <span class='ocrx_word' id='word_1_83' title='bbox 1055 1561 1096 1622; x_wconf 90' lang='lat' dir='ltr'>ad</span> <span class='ocrx_word' id='word_1_84' title='bbox 1115 1581 1152 1634; x_wconf 86' lang='lat' dir='ltr'>se,</span> <span class='ocrx_word' id='word_1_85' title='bbox 1165 1578 1192 1623; x_wconf 81' lang='lat' dir='ltr'>ac</span> 
     </span>
     <span class='ocr_line' id='line_1_12' title="bbox 108 1648 1192 1736; baseline 0.003 -22"><span class='ocrx_word' id='word_1_86' title='bbox 108 1648 265 1732; x_wconf 68' lang='lat' dir='ltr'>spestent</span> <span class='ocrx_word' id='word_1_87' title='bbox 292 1651 342 1712; x_wconf 90' lang='lat' dir='ltr'>sui</span> <span class='ocrx_word' id='word_1_88' title='bbox 369 1651 531 1712; x_wconf 89' lang='lat' dir='ltr'>honorem</span> <span class='ocrx_word' id='word_1_89' title='bbox 558 1652 591 1712; x_wconf 93' lang='lat' dir='ltr'>in</span> <span class='ocrx_word' id='word_1_90' title='bbox 618 1650 758 1732; x_wconf 86' lang='lat' dir='ltr'>singulis</span> <span class='ocrx_word' id='word_1_91' title='bbox 784 1673 920 1730; x_wconf 81' lang='lat' dir='ltr'>eorum3</span> <span class='ocrx_word' id='word_1_92' title='bbox 952 1674 1055 1736; x_wconf 90' lang='lat' dir='ltr'>quare</span> <span class='ocrx_word' id='word_1_93' title='bbox 1082 1650 1192 1735; x_wconf 75' lang='lat' dir='ltr'>“angui</span> 
     </span>
     <span class='ocr_line' id='line_1_13' title="bbox 111 1743 1191 1820; baseline 0.003 -13"><span class='ocrx_word' id='word_1_94' title='bbox 111 1744 225 1808; x_wconf 89' lang='lat' dir='ltr'>Moabi</span> <span class='ocrx_word' id='word_1_95' title='bbox 234 1744 249 1767; x_wconf 90' lang='lat'><strong>”</strong></span> <span class='ocrx_word' id='word_1_96' title='bbox 258 1755 336 1806; x_wconf 91' lang='lat' dir='ltr'>sunt</span> <span class='ocrx_word' id='word_1_97' title='bbox 349 1743 616 1807; x_wconf 87' lang='lat' dir='ltr'>adulterationes</span> <span class='ocrx_word' id='word_1_98' title='bbox 627 1744 732 1808; x_wconf 87' lang='lat' dir='ltr'>Verbi</span> <span class='ocrx_word' id='word_1_99' title='bbox 744 1755 779 1808; x_wconf 89' lang='lat' dir='ltr'>et</span> <span class='ocrx_word' id='word_1_100' title='bbox 792 1746 870 1808; x_wconf 91' lang='lat' dir='ltr'>inde</span> <span class='ocrx_word' id='word_1_101' title='bbox 880 1747 1046 1811; x_wconf 89' lang='lat' dir='ltr'>ecclesiae</span> <span class='ocrx_word' id='word_1_102' title='bbox 1058 1757 1091 1812; x_wconf 88' lang='lat' dir='ltr'>et</span> <span class='ocrx_word' id='word_1_103' title='bbox 1102 1747 1191 1820; x_wconf 79' lang='lat' dir='ltr'>cultu</span> 
     </span>
     <span class='ocr_line' id='line_1_14' title="bbox 109 1838 1218 1933; baseline 0.003 -33"><span class='ocrx_word' id='word_1_104' title='bbox 109 1839 225 1922; x_wconf 88' lang='lat' dir='ltr'>quales</span> <span class='ocrx_word' id='word_1_105' title='bbox 243 1847 322 1901; x_wconf 82' lang='lat' dir='ltr'>aunt</span> <span class='ocrx_word' id='word_1_106' title='bbox 340 1838 428 1918; x_wconf 90' lang='lat' dir='ltr'>apud</span> <span class='ocrx_word' id='word_1_107' title='bbox 447 1838 524 1901; x_wconf 83' lang='lat' dir='ltr'>illos</span> <span class='ocrx_word' id='word_1_108' title='bbox 542 1840 598 1922; x_wconf 94' lang='lat' dir='ltr'>qui</span> <span class='ocrx_word' id='word_1_109' title='bbox 616 1838 703 1902; x_wconf 85' lang='lat' dir='ltr'>tales</span> <span class='ocrx_word' id='word_1_110' title='bbox 721 1849 810 1902; x_wconf 82' lang='lat' dir='ltr'>sunt.</span> <span class='ocrx_word' id='word_1_111' title='bbox 1214 1886 1218 1933; x_wconf 81' lang='lat' dir='ltr'>l</span> 
     </span>
    </p>
   </div>
   <div class='ocr_carea' id='block_1_6' title="bbox 108 1970 1189 3010">
    <p class='ocr_par' dir='ltr' id='par_1_6' title="bbox 108 1938 1218 2233">
     <span class='ocr_line' id='line_1_15' title="bbox 180 1970 1189 2096; baseline 0.001 -75"><span class='ocrx_word' id='word_1_112' title='bbox 180 1971 531 2096; x_wconf 51' lang='lat' dir='ltr'>Simiirh⁰9⁹4r5&gt;u⁸⁰⁸u¹m</span> <span class='ocrx_word' id='word_1_113' title='bbox 556 1970 674 2021; x_wconf 66' lang='lat' dir='ltr'>norw</span> <span class='ocrx_word' id='word_1_114' title='bbox 693 1972 877 2035; x_wconf 68' lang='lat' dir='ltr'>significantur</span> <span class='ocrx_word' id='word_1_115' title='bbox 896 1974 969 2037; x_wconf 75' lang='lat' dir='ltr'>apud</span> <span class='ocrx_word' id='word_1_116' title='bbox 994 1974 1125 2040; x_wconf 72' lang='lat' dir='ltr'>erbn</span> <span class='ocrx_word' id='word_1_117' title='bbox 1142 1971 1189 2036; x_wconf 62' lang='lat' dir='ltr'>(on</span> 
     </span>
     <span class='ocr_line' id='line_1_16' title="bbox 268 2051 385 2086; baseline 0.009 -2"><span class='ocrx_word' id='word_1_118' title='bbox 268 2051 322 2086; x_wconf 78' lang='lat' dir='ltr'>vlu.</span> <span class='ocrx_word' id='word_1_119' title='bbox 378 2073 385 2085; x_wconf 58' lang='lat'>0</span> 
     </span>
     <span class='ocr_line' id='line_1_17' title="bbox 108 2149 448 2233; baseline -0.006 -19"><span class='ocrx_word' id='word_1_120' title='bbox 108 2151 213 2233; x_wconf 89' lang='lat' dir='ltr'>Apud</span> <span class='ocrx_word' id='word_1_121' title='bbox 231 2149 448 2230; x_wconf 80' lang='lat' dir='ltr'>Zepltom‘am,</span> 
     </span>
    </p>

    <p class='ocr_par' dir='ltr' id='par_1_7' title="bbox 109 2262 1188 3010">
     <span class='ocr_line' id='line_1_18' title="bbox 160 2262 1188 2392; baseline 0.001 -77"><span class='ocrx_word' id='word_1_122' title='bbox 160 2269 178 2290; x_wconf 80' lang='lat'>⁴·</span> <span class='ocrx_word' id='word_1_123' title='bbox 186 2265 386 2392; x_wconf 45' lang='lat' dir='ltr'>Diezibrlraenae</span> <span class='ocrx_word' id='word_1_124' title='bbox 395 2274 423 2313; x_wconf 88' lang='lat' dir='ltr'>et</span> <span class='ocrx_word' id='word_1_125' title='bbox 431 2265 566 2328; x_wconf 73' lang='lat' dir='ltr'>clangorio</span> <span class='ocrx_word' id='word_1_126' title='bbox 575 2279 656 2329; x_wconf 80' lang='lat' dir='ltr'>super</span> <span class='ocrx_word' id='word_1_127' title='bbox 663 2267 744 2316; x_wconf 76' lang='lat' dir='ltr'>urbes</span> <span class='ocrx_word' id='word_1_128' title='bbox 754 2267 879 2327; x_wconf 75' lang='lat' dir='ltr'>munitas,</span> <span class='ocrx_word' id='word_1_129' title='bbox 890 2277 917 2317; x_wconf 85' lang='lat' dir='ltr'>et</span> <span class='ocrx_word' id='word_1_130' title='bbox 925 2283 1007 2333; x_wconf 74' lang='lat' dir='ltr'>super</span> <span class='ocrx_word' id='word_1_131' title='bbox 1013 2269 1117 2334; x_wconf 76' lang='lat' dir='ltr'>angulos</span> <span class='ocrx_word' id='word_1_132' title='bbox 1124 2262 1188 2317; x_wconf 77' lang='lat' dir='ltr'>altor&#39;</span> 
     </span>
     <span class='ocr_line' id='line_1_19' title="bbox 111 2453 1185 2540; baseline -0.002 -22"><span class='ocrx_word' id='word_1_133' title='bbox 111 2456 211 2518; x_wconf 86' lang='lat' dir='ltr'>“dies</span> <span class='ocrx_word' id='word_1_134' title='bbox 226 2454 388 2517; x_wconf 85' lang='lat' dir='ltr'>buccinae</span> <span class='ocrx_word' id='word_1_135' title='bbox 404 2463 439 2517; x_wconf 87' lang='lat' dir='ltr'>et</span> <span class='ocrx_word' id='word_1_136' title='bbox 456 2453 649 2536; x_wconf 85' lang='lat' dir='ltr'>clangoris”</span> <span class='ocrx_word' id='word_1_137' title='bbox 661 2454 828 2537; x_wconf 83' lang='lat' dir='ltr'>significat</span> <span class='ocrx_word' id='word_1_138' title='bbox 845 2477 995 2539; x_wconf 85' lang='lat' dir='ltr'>pugnarn</span> <span class='ocrx_word' id='word_1_139' title='bbox 1008 2455 1185 2540; x_wconf 83' lang='lat' dir='ltr'>spiritualem,</span> 
     </span>
     <span class='ocr_line' id='line_1_20' title="bbox 110 2548 1185 2634; baseline -0.003 -22"><span class='ocrx_word' id='word_1_140' title='bbox 110 2571 195 2633; x_wconf 88' lang='lat' dir='ltr'>quae</span> <span class='ocrx_word' id='word_1_141' title='bbox 211 2560 264 2612; x_wconf 91' lang='lat' dir='ltr'>est</span> <span class='ocrx_word' id='word_1_142' title='bbox 281 2559 400 2611; x_wconf 87' lang='lat' dir='ltr'>contra</span> <span class='ocrx_word' id='word_1_143' title='bbox 416 2548 500 2611; x_wconf 84' lang='lat' dir='ltr'>falsa</span> <span class='ocrx_word' id='word_1_144' title='bbox 517 2559 553 2611; x_wconf 89' lang='lat' dir='ltr'>et</span> <span class='ocrx_word' id='word_1_145' title='bbox 573 2548 682 2627; x_wconf 90' lang='lat' dir='ltr'>mala;</span> <span class='ocrx_word' id='word_1_146' title='bbox 707 2551 832 2613; x_wconf 90' lang='lat' dir='ltr'>“urbes</span> <span class='ocrx_word' id='word_1_147' title='bbox 848 2552 1020 2615; x_wconf 87' lang='lat' dir='ltr'>munitae”</span> <span class='ocrx_word' id='word_1_148' title='bbox 1034 2550 1185 2634; x_wconf 85' lang='lat' dir='ltr'>significant</span> 
     </span>
     <span class='ocr_line' id='line_1_21' title="bbox 110 2638 1185 2728; baseline -0.002 -21"><span class='ocrx_word' id='word_1_149' title='bbox 110 2641 310 2707; x_wconf 67' lang='lat' dir='ltr'>doftrinalia</span> <span class='ocrx_word' id='word_1_150' title='bbox 339 2642 421 2705; x_wconf 87' lang='lat' dir='ltr'>salsa</span> <span class='ocrx_word' id='word_1_151' title='bbox 450 2664 536 2725; x_wconf 86' lang='lat' dir='ltr'>quae</span> <span class='ocrx_word' id='word_1_152' title='bbox 565 2642 872 2722; x_wconf 83' lang='lat' dir='ltr'>confirmaverunt;</span> <span class='ocrx_word' id='word_1_153' title='bbox 902 2657 937 2710; x_wconf 89' lang='lat' dir='ltr'>et</span> <span class='ocrx_word' id='word_1_154' title='bbox 963 2647 1101 2728; x_wconf 86' lang='lat' dir='ltr'>“anguli</span> <span class='ocrx_word' id='word_1_155' title='bbox 1124 2638 1185 2707; x_wconf 51' lang='lat' dir='ltr'>altr</span> 
     </span>
     <span class='ocr_line' id='line_1_22' title="bbox 109 2736 1184 2824; baseline 0.002 -24"><span class='ocrx_word' id='word_1_156' title='bbox 109 2737 302 2820; x_wconf 85' lang='lat' dir='ltr'>significant</span> <span class='ocrx_word' id='word_1_157' title='bbox 315 2737 372 2800; x_wconf 92' lang='lat' dir='ltr'>illa</span> <span class='ocrx_word' id='word_1_158' title='bbox 384 2738 531 2800; x_wconf 81' lang='lat' dir='ltr'>faventia</span> <span class='ocrx_word' id='word_1_159' title='bbox 543 2739 711 2801; x_wconf 89' lang='lat' dir='ltr'>amoribus</span> <span class='ocrx_word' id='word_1_160' title='bbox 723 2740 808 2801; x_wconf 90' lang='lat' dir='ltr'>suis:</span> <span class='ocrx_word' id='word_1_161' title='bbox 832 2740 910 2802; x_wconf 92' lang='lat' dir='ltr'>inde</span> <span class='ocrx_word' id='word_1_162' title='bbox 924 2751 1018 2821; x_wconf 85' lang='lat' dir='ltr'>patet</span> <span class='ocrx_word' id='word_1_163' title='bbox 1031 2741 1102 2824; x_wconf 93' lang='lat' dir='ltr'>quid</span> <span class='ocrx_word' id='word_1_164' title='bbox 1111 2736 1184 2820; x_wconf 76' lang='lat' dir='ltr'>signi·</span> 
     </span>
     <span class='ocr_line' id='line_1_23' title="bbox 109 2832 1184 2915; baseline -0.003 -19"><span class='ocrx_word' id='word_1_165' title='bbox 109 2833 227 2896; x_wconf 82' lang='lat' dir='ltr'>fleatur</span> <span class='ocrx_word' id='word_1_166' title='bbox 241 2853 298 2913; x_wconf 89' lang='lat' dir='ltr'>per</span> <span class='ocrx_word' id='word_1_167' title='bbox 312 2833 429 2894; x_wconf 84' lang='lat' dir='ltr'>“diem</span> <span class='ocrx_word' id='word_1_168' title='bbox 447 2832 607 2895; x_wconf 89' lang='lat' dir='ltr'>buccinae</span> <span class='ocrx_word' id='word_1_169' title='bbox 624 2842 658 2894; x_wconf 85' lang='lat' dir='ltr'>et</span> <span class='ocrx_word' id='word_1_170' title='bbox 675 2832 843 2914; x_wconf 85' lang='lat' dir='ltr'>clangoris</span> <span class='ocrx_word' id='word_1_171' title='bbox 856 2854 954 2915; x_wconf 90' lang='lat' dir='ltr'>super</span> <span class='ocrx_word' id='word_1_172' title='bbox 968 2836 1062 2898; x_wconf 85' lang='lat' dir='ltr'>urbes</span> <span class='ocrx_word' id='word_1_173' title='bbox 1076 2833 1184 2898; x_wconf 78' lang='lat' dir='ltr'>munito</span> 
     </span>
     <span class='ocr_line' id='line_1_24' title="bbox 109 2926 880 3010; baseline -0.003 -18"><span class='ocrx_word' id='word_1_174' title='bbox 109 2940 143 2993; x_wconf 90' lang='lat' dir='ltr'>et</span> <span class='ocrx_word' id='word_1_175' title='bbox 163 2948 260 3010; x_wconf 90' lang='lat' dir='ltr'>super</span> <span class='ocrx_word' id='word_1_176' title='bbox 279 2927 423 3009; x_wconf 87' lang='lat' dir='ltr'>angulos</span> <span class='ocrx_word' id='word_1_177' title='bbox 441 2926 559 2989; x_wconf 88' lang='lat' dir='ltr'>altos.&#39;&#39;</span> <span class='ocrx_word' id='word_1_178' title='bbox 602 2927 706 3009; x_wconf 89' lang='lat' dir='ltr'><strong>Apud</strong></span> <span class='ocrx_word' id='word_1_179' title='bbox 725 2928 880 3001; x_wconf 89' lang='lat' dir='ltr'>eundem,</span> 
     </span>
    </p>
   </div>
   <div class='ocr_carea' id='block_1_7' title="bbox 160 3060 1183 3185">
    <p class='ocr_par' dir='ltr' id='par_1_8' title="bbox 160 3060 1183 3185">
     <span class='ocr_line' id='line_1_25' title="bbox 160 3060 1183 3126; baseline -0.004 -14"><span class='ocrx_word' id='word_1_180' title='bbox 160 3062 341 3112; x_wconf 82' lang='lat' dir='ltr'>“Exsciodam</span> <span class='ocrx_word' id='word_1_181' title='bbox 350 3070 453 3123; x_wconf 81' lang='lat' dir='ltr'>gentes.</span> <span class='ocrx_word' id='word_1_182' title='bbox 462 3061 673 3109; x_wconf 82' lang='lat' dir='ltr'>devastabuntur</span> <span class='ocrx_word' id='word_1_183' title='bbox 678 3060 769 3122; x_wconf 85' lang='lat' dir='ltr'>anguli</span> <span class='ocrx_word' id='word_1_184' title='bbox 777 3076 878 3119; x_wconf 82' lang='lat' dir='ltr'>eorum,</span> <span class='ocrx_word' id='word_1_185' title='bbox 887 3063 1016 3111; x_wconf 84' lang='lat' dir='ltr'>desolabo</span> <span class='ocrx_word' id='word_1_186' title='bbox 1023 3063 1183 3126; x_wconf 71' lang='lat' dir='ltr'>plateaseorun</span> 
     </span>
     <span class='ocr_line' id='line_1_26' title="bbox 238 3117 1183 3185; baseline -0.003 -9"><span class='ocrx_word' id='word_1_187' title='bbox 238 3139 335 3176; x_wconf 84' lang='lat' dir='ltr'>utnon</span> <span class='ocrx_word' id='word_1_188' title='bbox 349 3127 500 3185; x_wconf 84' lang='lat' dir='ltr'>transiens;</span> <span class='ocrx_word' id='word_1_189' title='bbox 517 3135 544 3175; x_wconf 86' lang='lat' dir='ltr'>et</span> <span class='ocrx_word' id='word_1_190' title='bbox 555 3127 703 3176; x_wconf 79' lang='lat' dir='ltr'>devastabo</span> <span class='ocrx_word' id='word_1_191' title='bbox 715 3129 794 3176; x_wconf 79' lang='lat' dir='ltr'>urbes</span> <span class='ocrx_word' id='word_1_192' title='bbox 808 3142 900 3176; x_wconf 86' lang='lat' dir='ltr'>eorum</span> <span class='ocrx_word' id='word_1_193' title='bbox 916 3139 944 3177; x_wconf 83' lang='lat' dir='ltr'>ut</span> <span class='ocrx_word' id='word_1_194' title='bbox 959 3143 1025 3178; x_wconf 89' lang='lat' dir='ltr'>non.</span> <span class='ocrx_word' id='word_1_195' title='bbox 1035 3117 1183 3178; x_wconf 80' lang='lat' dir='ltr'>...hahiuu’&#39;</span> 
     </span>
    </p>
   </div>
   <div class='ocr_carea' id='block_1_8' title="bbox 107 3193 1195 4354">
    <p class='ocr_par' dir='ltr' id='par_1_9' title="bbox 238 3193 336 3255">
     <span class='ocr_line' id='line_1_27' title="bbox 238 3193 336 3255; baseline 0 -13"><span class='ocrx_word' id='word_1_196' title='bbox 238 3193 336 3255; x_wconf 62' lang='lat' dir='ltr'>inrui:</span> 
     </span>
    </p>

    <p class='ocr_par' dir='ltr' id='par_1_10' title="bbox 107 3307 1190 4237">
     <span class='ocr_line' id='line_1_28' title="bbox 108 3307 1183 3398; baseline -0.01 -14"><span class='ocrx_word' id='word_1_197' title='bbox 108 3317 295 3384; x_wconf 70' lang='lat' dir='ltr'>desitudiio</span> <span class='ocrx_word' id='word_1_198' title='bbox 307 3319 472 3381; x_wconf 88' lang='lat' dir='ltr'>bonorum</span> <span class='ocrx_word' id='word_1_199' title='bbox 485 3316 633 3379; x_wconf 90' lang='lat' dir='ltr'>omnium</span> <span class='ocrx_word' id='word_1_200' title='bbox 647 3315 819 3390; x_wconf 85' lang='lat' dir='ltr'>ecclesiae,</span> <span class='ocrx_word' id='word_1_201' title='bbox 833 3307 1039 3397; x_wconf 70' lang='lat' dir='ltr'>significatur</span> <span class='ocrx_word' id='word_1_202' title='bbox 1050 3336 1102 3398; x_wconf 87' lang='lat' dir='ltr'>per</span> <span class='ocrx_word' id='word_1_203' title='bbox 1111 3309 1183 3373; x_wconf 81' lang='lat' dir='ltr'>“Ex-</span> 
     </span>
     <span class='ocr_line' id='line_1_29' title="bbox 108 3397 1183 3494; baseline -0.012 -15"><span class='ocrx_word' id='word_1_204' title='bbox 108 3415 260 3478; x_wconf 88' lang='lat' dir='ltr'>scindam</span> <span class='ocrx_word' id='word_1_205' title='bbox 288 3410 439 3494; x_wconf 84' lang='lat' dir='ltr'>gentes,&#39;&#39;</span> <span class='ocrx_word' id='word_1_206' title='bbox 462 3420 496 3473; x_wconf 89' lang='lat' dir='ltr'>et</span> <span class='ocrx_word' id='word_1_207' title='bbox 524 3430 583 3491; x_wconf 88' lang='lat' dir='ltr'>per</span> <span class='ocrx_word' id='word_1_208' title='bbox 605 3409 908 3472; x_wconf 85' lang='lat' dir='ltr'>“Devastabuntur</span> <span class='ocrx_word' id='word_1_209' title='bbox 930 3411 1043 3492; x_wconf 85' lang='lat' dir='ltr'>anguli</span> <span class='ocrx_word' id='word_1_210' title='bbox 1067 3397 1183 3472; x_wconf 65' lang='lat' dir='ltr'>eorum?¹</span> 
     </span>
     <span class='ocr_line' id='line_1_30' title="bbox 110 3496 1184 3592; baseline -0.01 -20"><span class='ocrx_word' id='word_1_211' title='bbox 110 3508 283 3592; x_wconf 85' lang='lat' dir='ltr'>“gentes”</span> <span class='ocrx_word' id='word_1_212' title='bbox 306 3516 384 3569; x_wconf 82' lang='lat' dir='ltr'>sunt</span> <span class='ocrx_word' id='word_1_213' title='bbox 411 3506 500 3568; x_wconf 89' lang='lat' dir='ltr'>bona</span> <span class='ocrx_word' id='word_1_214' title='bbox 527 3504 699 3576; x_wconf 84' lang='lat' dir='ltr'>ecclesiae,</span> <span class='ocrx_word' id='word_1_215' title='bbox 725 3504 888 3585; x_wconf 83' lang='lat' dir='ltr'>“anguli’&#39;</span> <span class='ocrx_word' id='word_1_216' title='bbox 911 3516 989 3567; x_wconf 89' lang='lat' dir='ltr'>sunt</span> <span class='ocrx_word' id='word_1_217' title='bbox 1015 3505 1115 3567; x_wconf 84' lang='lat' dir='ltr'>omnia</span> <span class='ocrx_word' id='word_1_218' title='bbox 1135 3496 1184 3577; x_wconf 77' lang='lat' dir='ltr'>eju</span> 
     </span>
     <span class='ocr_line' id='line_1_31' title="bbox 108 3589 1184 3684; baseline -0.014 -19"><span class='ocrx_word' id='word_1_219' title='bbox 108 3604 186 3684; x_wconf 89' lang='lat' dir='ltr'>quia</span> <span class='ocrx_word' id='word_1_220' title='bbox 202 3611 362 3664; x_wconf 88' lang='lat' dir='ltr'>extrema</span> <span class='ocrx_word' id='word_1_221' title='bbox 378 3612 526 3671; x_wconf 65' lang='lat' dir='ltr'>(utsupralt</span> <span class='ocrx_word' id='word_1_222' title='bbox 550 3594 737 3658; x_wconf 69' lang='lat' dir='ltr'>destrudlio</span> <span class='ocrx_word' id='word_1_223' title='bbox 753 3596 937 3658; x_wconf 85' lang='lat' dir='ltr'>veritatum</span> <span class='ocrx_word' id='word_1_224' title='bbox 954 3589 1184 3667; x_wconf 66' lang='lat' dir='ltr'>dostrinaesig·</span> 
     </span>
     <span class='ocr_line' id='line_1_32' title="bbox 108 3687 1184 3772; baseline -0.013 -16"><span class='ocrx_word' id='word_1_225' title='bbox 108 3693 262 3756; x_wconf 87' lang='lat' dir='ltr'>nificatur</span> <span class='ocrx_word' id='word_1_226' title='bbox 280 3712 339 3772; x_wconf 88' lang='lat' dir='ltr'>per</span> <span class='ocrx_word' id='word_1_227' title='bbox 356 3688 557 3752; x_wconf 88' lang='lat' dir='ltr'>“Desolabo</span> <span class='ocrx_word' id='word_1_228' title='bbox 580 3687 710 3768; x_wconf 85' lang='lat' dir='ltr'>plateas</span> <span class='ocrx_word' id='word_1_229' title='bbox 732 3687 877 3761; x_wconf 89' lang='lat' dir='ltr'>eorum,”</span> <span class='ocrx_word' id='word_1_230' title='bbox 892 3697 928 3750; x_wconf 89' lang='lat' dir='ltr'>et</span> <span class='ocrx_word' id='word_1_231' title='bbox 948 3707 1008 3769; x_wconf 87' lang='lat' dir='ltr'>per</span> <span class='ocrx_word' id='word_1_232' title='bbox 1024 3687 1184 3750; x_wconf 79' lang='lat' dir='ltr'>“Devasta·</span> 
     </span>
     <span class='ocr_line' id='line_1_33' title="bbox 109 3766 1185 3863; baseline -0.01 -13"><span class='ocrx_word' id='word_1_233' title='bbox 109 3789 232 3850; x_wconf 85' lang='lat' dir='ltr'>buntur</span> <span class='ocrx_word' id='word_1_234' title='bbox 251 3787 349 3848; x_wconf 88' lang='lat' dir='ltr'>urbes</span> <span class='ocrx_word' id='word_1_235' title='bbox 361 3803 482 3862; x_wconf 16' lang='lat' dir='ltr'>‘eorum</span> <span class='ocrx_word' id='word_1_236' title='bbox 495 3782 521 3858; x_wconf 87' lang='grc'>;”</span> <span class='ocrx_word' id='word_1_237' title='bbox 537 3780 725 3863; x_wconf 87' lang='lat' dir='ltr'>.“plateae”</span> <span class='ocrx_word' id='word_1_238' title='bbox 741 3791 818 3843; x_wconf 81' lang='lat' dir='ltr'>sunt</span> <span class='ocrx_word' id='word_1_239' title='bbox 835 3782 1006 3853; x_wconf 88' lang='lat' dir='ltr'>veritates,</span> <span class='ocrx_word' id='word_1_240' title='bbox 1023 3791 1056 3845; x_wconf 89' lang='lat' dir='ltr'>et</span> <span class='ocrx_word' id='word_1_241' title='bbox 1072 3766 1185 3841; x_wconf 77' lang='lat' dir='ltr'>“urbes&#39;</span> 
     </span>
     <span class='ocr_line' id='line_1_34' title="bbox 108 3866 1185 3956; baseline -0.015 -11"><span class='ocrx_word' id='word_1_242' title='bbox 108 3893 186 3945; x_wconf 86' lang='lat' dir='ltr'>sunt</span> <span class='ocrx_word' id='word_1_243' title='bbox 210 3878 428 3943; x_wconf 68' lang='lat' dir='ltr'>doeirinalia:</span> <span class='ocrx_word' id='word_1_244' title='bbox 455 3874 639 3940; x_wconf 67' lang='lat' dir='ltr'>destruCiio</span> <span class='ocrx_word' id='word_1_245' title='bbox 662 3875 778 3939; x_wconf 86' lang='lat' dir='ltr'>totalis</span> <span class='ocrx_word' id='word_1_246' title='bbox 801 3895 904 3956; x_wconf 90' lang='lat' dir='ltr'>usque</span> <span class='ocrx_word' id='word_1_247' title='bbox 928 3874 1006 3937; x_wconf 87' lang='lat' dir='ltr'>dum</span> <span class='ocrx_word' id='word_1_248' title='bbox 1030 3885 1064 3938; x_wconf 85' lang='lat' dir='ltr'>ut</span> <span class='ocrx_word' id='word_1_249' title='bbox 1085 3866 1185 3937; x_wconf 85' lang='lat' dir='ltr'>nonsit</span> 
     </span>
     <span class='ocr_line' id='line_1_35' title="bbox 108 3968 1187 4059; baseline -0.017 -19"><span class='ocrx_word' id='word_1_250' title='bbox 108 3977 244 4059; x_wconf 86' lang='lat' dir='ltr'>aliquod</span> <span class='ocrx_word' id='word_1_251' title='bbox 260 3995 375 4037; x_wconf 90' lang='lat' dir='ltr'>verum</span> <span class='ocrx_word' id='word_1_252' title='bbox 392 3985 426 4036; x_wconf 89' lang='lat' dir='ltr'>et</span> <span class='ocrx_word' id='word_1_253' title='bbox 443 3972 578 4054; x_wconf 86' lang='lat' dir='ltr'>aliquod</span> <span class='ocrx_word' id='word_1_254' title='bbox 595 3973 730 4044; x_wconf 90' lang='lat' dir='ltr'>bonum,</span> <span class='ocrx_word' id='word_1_255' title='bbox 744 3969 950 4050; x_wconf 82' lang='lat' dir='ltr'>significatur</span> <span class='ocrx_word' id='word_1_256' title='bbox 968 3968 1055 4052; x_wconf 90' lang='lat' dir='ltr'>[per]</span> <span class='ocrx_word' id='word_1_257' title='bbox 1069 3976 1187 4030; x_wconf 85' lang='lat' dir='ltr'>“utnon</span> 
     </span>
     <span class='ocr_line' id='line_1_36' title="bbox 108 4057 1189 4138; baseline -0.013 -4"><span class='ocrx_word' id='word_1_258' title='bbox 108 4074 151 4135; x_wconf 85' lang='lat' dir='ltr'>sit</span> <span class='ocrx_word' id='word_1_259' title='bbox 176 4071 343 4133; x_wconf 89' lang='lat' dir='ltr'>transiens</span> <span class='ocrx_word' id='word_1_260' title='bbox 366 4079 401 4130; x_wconf 91' lang='lat' dir='ltr'>et</span> <span class='ocrx_word' id='word_1_261' title='bbox 429 4088 496 4130; x_wconf 93' lang='lat' dir='ltr'>non</span> <span class='ocrx_word' id='word_1_262' title='bbox 525 4064 710 4138; x_wconf 83' lang='lat' dir='ltr'>habitans,”</span> <span class='ocrx_word' id='word_1_263' title='bbox 733 4084 810 4127; x_wconf 90' lang='lat' dir='ltr'>nam</span> <span class='ocrx_word' id='word_1_264' title='bbox 834 4068 1005 4127; x_wconf 85' lang='lat' dir='ltr'>“transire</span> <span class='ocrx_word' id='word_1_265' title='bbox 1014 4065 1028 4088; x_wconf 89' lang='grc'>”</span> <span class='ocrx_word' id='word_1_266' title='bbox 1050 4067 1082 4128; x_wconf 92' lang='lat' dir='ltr'>in</span> <span class='ocrx_word' id='word_1_267' title='bbox 1101 4057 1189 4124; x_wconf 80' lang='lat' dir='ltr'>veno</span> 
     </span>
     <span class='ocr_line' id='line_1_37' title="bbox 107 4155 1190 4237; baseline -0.006 -8"><span class='ocrx_word' id='word_1_268' title='bbox 107 4167 230 4230; x_wconf 90' lang='lat' dir='ltr'>dicitur</span> <span class='ocrx_word' id='word_1_269' title='bbox 245 4165 288 4226; x_wconf 94' lang='lat' dir='ltr'>de</span> <span class='ocrx_word' id='word_1_270' title='bbox 301 4165 398 4237; x_wconf 83' lang='lat' dir='ltr'>veris,</span> <span class='ocrx_word' id='word_1_271' title='bbox 412 4173 447 4225; x_wconf 90' lang='lat' dir='ltr'>et</span> <span class='ocrx_word' id='word_1_272' title='bbox 462 4169 481 4194; x_wconf 90' lang='lat'><strong>“</strong></span> <span class='ocrx_word' id='word_1_273' title='bbox 491 4162 641 4225; x_wconf 89' lang='lat' dir='ltr'>habitare</span> <span class='ocrx_word' id='word_1_274' title='bbox 650 4159 664 4185; x_wconf 91' lang='grc'>”</span> <span class='ocrx_word' id='word_1_275' title='bbox 677 4160 718 4222; x_wconf 92' lang='lat' dir='ltr'>de</span> <span class='ocrx_word' id='word_1_276' title='bbox 735 4160 840 4222; x_wconf 90' lang='lat' dir='ltr'>bonis.</span> <span class='ocrx_word' id='word_1_277' title='bbox 885 4158 924 4221; x_wconf 92' lang='lat' dir='ltr'>In</span> <span class='ocrx_word' id='word_1_278' title='bbox 939 4158 1042 4222; x_wconf 81' lang='lat' dir='ltr'>Libro</span> <span class='ocrx_word' id='word_1_279' title='bbox 1052 4155 1190 4234; x_wconf 63' lang='lat' dir='ltr'>Judr‘cm.</span> 
     </span>
    </p>

    <p class='ocr_par' dir='ltr' id='par_1_11' title="bbox 158 4292 1195 4354">
     <span class='ocr_line' id='line_1_38' title="bbox 158 4292 1195 4354; baseline -0.014 -5"><span class='ocrx_word' id='word_1_280' title='bbox 158 4302 175 4322; x_wconf 81' lang='lat'>‘⁴</span> <span class='ocrx_word' id='word_1_281' title='bbox 184 4298 331 4349; x_wconf 83' lang='lat' dir='ltr'>Exiverunt</span> <span class='ocrx_word' id='word_1_282' title='bbox 341 4311 436 4345; x_wconf 80' lang='lat' dir='ltr'>omnes</span> <span class='ocrx_word' id='word_1_283' title='bbox 446 4295 492 4344; x_wconf 84' lang='lat' dir='ltr'>lilii</span> <span class='ocrx_word' id='word_1_284' title='bbox 506 4294 621 4349; x_wconf 80' lang='lat' dir='ltr'>Israelis.</span> <span class='ocrx_word' id='word_1_285' title='bbox 633 4301 658 4342; x_wconf 84' lang='lat' dir='ltr'>et</span> <span class='ocrx_word' id='word_1_286' title='bbox 668 4301 844 4354; x_wconf 76' lang='lat' dir='ltr'>congregatus</span> <span class='ocrx_word' id='word_1_287' title='bbox 854 4301 894 4341; x_wconf 78' lang='lat' dir='ltr'>eat</span> <span class='ocrx_word' id='word_1_288' title='bbox 903 4301 994 4341; x_wconf 75' lang='lat' dir='ltr'>coetus</span> <span class='ocrx_word' id='word_1_289' title='bbox 1004 4293 1071 4342; x_wconf 87' lang='lat' dir='ltr'>sicut</span> <span class='ocrx_word' id='word_1_290' title='bbox 1079 4292 1195 4341; x_wconf 78' lang='lat' dir='ltr'>vlrunm</span> 
     </span>
    </p>
   </div>
   <div class='ocr_carea' id='block_1_9' title="bbox 237 4356 1198 4492">
    <p class='ocr_par' dir='ltr' id='par_1_12' title="bbox 237 4356 1198 4492">
     <span class='ocr_line' id='line_1_39' title="bbox 240 4356 1152 4424; baseline -0.008 -13"><span class='ocrx_word' id='word_1_291' title='bbox 240 4363 316 4412; x_wconf 81' lang='lat' dir='ltr'>Dane</span> <span class='ocrx_word' id='word_1_292' title='bbox 329 4376 412 4424; x_wconf 89' lang='lat' dir='ltr'>usque</span> <span class='ocrx_word' id='word_1_293' title='bbox 425 4362 458 4410; x_wconf 86' lang='lat' dir='ltr'>ad</span> <span class='ocrx_word' id='word_1_294' title='bbox 475 4361 668 4410; x_wconf 85' lang='lat' dir='ltr'>Beerschebam</span> <span class='ocrx_word' id='word_1_295' title='bbox 671 4394 740 4415; x_wconf 89' lang='grc'><strong>.....</strong></span> <span class='ocrx_word' id='word_1_296' title='bbox 746 4368 773 4406; x_wconf 84' lang='lat' dir='ltr'>et</span> <span class='ocrx_word' id='word_1_297' title='bbox 784 4358 960 4406; x_wconf 80' lang='lat' dir='ltr'>constiterunt</span> <span class='ocrx_word' id='word_1_298' title='bbox 972 4359 1062 4419; x_wconf 76' lang='lat' dir='ltr'>anguli</span> <span class='ocrx_word' id='word_1_299' title='bbox 1073 4356 1152 4406; x_wconf 74' lang='lat' dir='ltr'>omnia</span> 
     </span>
     <span class='ocr_line' id='line_1_40' title="bbox 237 4365 1198 4492; baseline -0.006 -15"><span class='ocrx_word' id='word_1_300' title='bbox 237 4429 300 4492; x_wconf 81' lang='lat' dir='ltr'>puli,</span> <span class='ocrx_word' id='word_1_301' title='bbox 311 4442 406 4476; x_wconf 90' lang='lat' dir='ltr'>omnes</span> <span class='ocrx_word' id='word_1_302' title='bbox 415 4428 498 4476; x_wconf 79' lang='lat' dir='ltr'>tribus</span> <span class='ocrx_word' id='word_1_303' title='bbox 508 4427 623 4484; x_wconf 75' lang='lat' dir='ltr'>Israelis,</span> <span class='ocrx_word' id='word_1_304' title='bbox 632 4426 658 4472; x_wconf 92' lang='lat' dir='ltr'>in</span> <span class='ocrx_word' id='word_1_305' title='bbox 667 4423 872 4486; x_wconf 73' lang='lat' dir='ltr'>congregatione</span> <span class='ocrx_word' id='word_1_306' title='bbox 880 4422 972 4486; x_wconf 84' lang='lat' dir='ltr'>populi</span> <span class='ocrx_word' id='word_1_307' title='bbox 981 4423 1031 4472; x_wconf 87' lang='lat' dir='ltr'>Dei</span> <span class='ocrx_word' id='word_1_308' title='bbox 1038 4423 1052 4442; x_wconf 89' lang='lat'><strong>”</strong></span> <span class='ocrx_word' id='word_1_309' title='bbox 1059 4425 1110 4485; x_wconf 65' lang='lat' dir='ltr'>(a</span> <span class='ocrx_word' id='word_1_310' title='bbox 1119 4365 1198 4486; x_wconf 48' lang='grc' dir='ltr'>ὥ</span> 
     </span>
    </p>
   </div>
   <div class='ocr_carea' id='block_1_10' title="bbox 0 0 1346 4988">
    <p class='ocr_par' dir='ltr' id='par_1_13' title="bbox 0 0 1346 4988">
     <span class='ocr_line' id='line_1_41' title="bbox 0 0 1346 4988; baseline 0 0"><span class='ocrx_word' id='word_1_311' title='bbox 0 0 1346 4988; x_wconf 95' lang='lat' dir='ltr'> </span> 
     </span>
    </p>
   </div>
  </div>
 </body>
</html>
