2684 4988
126 479 207 557 1084
431 490 680 541 Αιοειιιιειε
703 491 930 541 ιιιιιιιτι.

121 672 174 727 est
187 682 314 737 verum,
331 667 350 694 ‘⁸
360 662 464 725 homo
472 661 487 686 ”
500 673 552 725 est
564 661 804 744 intelligentia,
819 673 855 726 et
870 668 890 694 “
901 662 1037 725 bestia”
1050 672 1101 726 est
1113 667 1213 726 bonum

6 795 9 799 -
120 754 326 832 affeuionis;
351 755 440 836 quod
463 755 624 818 “bestia'’
647 755 680 818 id
703 754 884 837 significet,
905 757 1108 820 ostendetur
1127 757 1157 819 in
1175 777 1212 820 se·

119 850 311 932 quentibus
355 849 459 931 Apud
479 848 691 925 Sullanum,

171 995 311 1046 “Venient
329 997 419 1059 populi
437 997 512 1046 multi
529 1007 557 1047 et
573 1007 667 1060 gentes
682 1012 842 1047 numerosae
859 998 893 1046 ad
911 999 1095 1061 quaerendum
1106 996 1207 1062 Jehonn

249 1061 389 1111 Zebaoth'
382 1078 410 1111 ιιι
427 1063 625 1125 Hierosolyma,
640 1064 714 1112 etad
728 1064 925 1140 deprecandum
939 1063 1024 1113 iacies
1037 1062 1161 1127 Jehovae·
1155 1098 1203 1113 .....

250 1128 277 1176 in
290 1125 409 1177 l¹ldiebns
424 1129 476 1176 illis
490 1129 692 1191 apprehendent
703 1129 796 1178 decem
809 1129 859 1176 viri
873 1143 907 1177 ex
920 1129 1049 1177 omuibus
1064 1129 1152 1190 linguis
1161 1142 1206 1190 gea-

249 1194 315 1241 tium
330 1195 400 1242 alam
415 1193 464 1242 viri
478 1192 581 1257 ludaei.
595 1194 717 1252 dicendo,
733 1193 835 1242 ibimus
849 1195 999 1252 vobiscum,
1015 1195 1076 1258 quia
1087 1193 1204 1242 audivimus

250 1257 336 1307 Deum
349 1258 510 1308 vobiscum''
522 1259 587 1320 (viii.
600 1271 640 1317 ιι,
652 1261 708 1320 23):

117 1417 172 1498 qui
197 1437 264 1480 non
287 1419 351 1480 scit
370 1417 460 1499 quod
484 1438 543 1499 per
564 1417 1034 1499 “Judaeum”intelligantur
1056 1416 1101 1479 illi
1120 1416 1238 1499 quiin

117 1531 232 1573 amore
252 1512 284 1573 in
306 1511 487 1574 Dominum
507 1522 597 1586 sunt,
617 1522 653 1575 et
671 1511 782 1575 inde
773 1531 807 1574 rn
827 1513 914 1574 veris
934 1508 1147 1582 doctrinaes
1133 1498 1238 1572 iacile¹

117 1606 329 1668 adducentur
345 1607 387 1668 ad
404 1607 611 1669 credendum
626 1607 717 1688 quod
737 1606 821 1669 haec
839 1603 930 1669 dicta
947 1607 1016 1669 sint
1033 1606 1074 1668 de
1088 1604 1200 1686 judaeis

118 1700 215 1762 etde
235 1698 484 1763 introductione
507 1700 641 1763 illorum
663 1701 697 1762 in
717 1710 842 1764 terram
863 1698 1072 1773 Canaanem‚
1090 1709 1122 1762 et
1138 1695 1200 1780 quod

118 1803 199 1856 tunc
213 1813 332 1856 omnes
345 1796 400 1857 alii
417 1795 471 1876 qui
488 1795 610 1857 salvari
623 1794 741 1856 volunt
755 1793 1017 1875 apprehendent
1029 1793 1115 1855 alam
1126 1791 1200 1854 vestis

117 1887 262 1959 illorum,
281 1899 419 1951 orantes
437 1900 473 1952 ut
494 1889 596 1951 liceat
612 1889 787 1964 comitari3
812 1887 872 1949 sed
888 1887 944 1968 qui
960 1888 1026 1950 scit
1043 1886 1126 1968 quod
1142 1885 1200 1948 haec

117 2002 185 2044 non
202 1980 292 2045 dicta
308 1984 375 2046 sint
393 1985 434 2046 de
451 1983 562 2066 aliqua
578 1980 829 2045 introductione
845 1983 878 2044 in
896 1991 1024 2044 terram
1041 1980 1198 2045 Canaanen
1236 2056 1238 2079 Ι

117 2077 160 2139 ad
184 2076 458 2157 Hierosolymam
478 2077 532 2152 ibi,
552 2087 588 2140 et
607 2076 698 2158 quod
721 2097 780 2158 per
800 2075 1020 2156 “Judaeum''
1039 2095 1103 2137 non
1119 2072 1157 2136 illi
1169 2089 1198 2133 ex

117 2182 222 2252 gente
249 2172 306 2234 illa
333 2172 579 2253 intelligantur,
609 2171 669 2234 sed
697 2171 787 2253 qnod
818 2189 877 2252 per
905 2161 1199 2248 “Hierosolymam''
1235 2206 1238 2267 2

116 2265 329 2346 intelligatur
352 2285 440 2328 nova
462 2266 608 2328 ecclesia
630 2286 651 2327 a
679 2264 827 2327 Domino
855 2264 1085 2336 instauranda,
1107 2281 1140 2324 ac
1159 2276 1198 2340 per
1235 2276 1238 2295 ¹

118 2358 310 2440 “Judaeum
319 2359 334 2383 ’'
350 2361 460 2422 omnis
478 2361 533 2442 qui
552 2361 586 2422 in
605 2359 697 2422 bono
713 2359 836 2420 amoris
856 2359 888 2419 in
909 2357 1091 2419 Dominum
1108 2363 1158 2426 est,
1170 2369 1196 2412 ac
1236 2420 1238 2429 ¹

116 2474 176 2535 per
195 2453 312 2516 “alam
331 2453 474 2534 Judaei’'
492 2473 609 2516 verum
633 2474 677 2516 ex
701 2451 760 2514 illo
784 2454 885 2524 bono,
906 2453 994 2513 scire
1018 2459 1125 2532 potest
1143 2441 1196 2528 quid
1235 2456 1238 2461 '

116 2550 230 2610 omnia
247 2550 279 2610 in
296 2548 354 2610 illo
371 2550 482 2629 capite
499 2558 533 2610 et
551 2548 630 2629 quid
650 2547 707 2609 illa
724 2546 827 2609 verba
843 2547 876 2607 in
893 2546 1007 2626 specie
1024 2541 1196 2625 significant:

116 2644 229 2723 agitur
246 2644 334 2704 enirn
356 2643 399 2704 ibi
418 2643 460 2704 de
480 2643 728 2704 convocatione
746 2652 783 2704 et
802 2641 1000 2702 accessione
1019 2638 1154 2719 gentium
1167 2628 1196 2693 ad

116 2737 307 2810 ecclesiam,
328 2757 366 2799 ac
393 2757 451 2817 per
472 2734 687 2816 “”Judaeum
706 2735 943 2816 intelliguntur
964 2734 1021 2816 qui
1044 2731 1196 2813 agnoscunt

118 2830 301 2892 Dominum
313 2841 348 2892 et
359 2841 477 2892 amant
489 2831 613 2910 Ipsum,
626 2849 665 2892 ac
677 2850 735 2910 per
748 2827 1034 2910 “apprehendere
1044 2821 1154 2888 alam
1133 2839 1181 2902 ejus

115 2926 319 2988 desiderium
343 2925 470 2987 sciendi
494 2943 610 2986 verum
634 2924 677 2986 ab
704 2923 794 3004 Ipso,
819 2942 858 2984 ac
887 2942 947 3003 per
973 2922 1114 2984 “decem
1137 2917 1196 2977 viros

115 3042 160 3085 ex
180 3021 335 3083 omnibus
356 3020 478 3098 linguis
497 3017 674 3098 gentium”
694 3017 932 3097 intelliguntur
952 3035 1071 3077 omnes
1088 3034 1126 3075 ex
1141 3024 1196 3089 qua·

115 3136 246 3197 cunque
264 3114 447 3193 religione
441 3134 447 3146 ·
474 3112 621 3174 “decem
638 3112 698 3173 viri
706 3110 721 3133 ”
737 3109 930 3191 significant
947 3129 1078 3182 omnes,
1089 3117 1119 3169 et
1132 3101 1194 3162 “lin-

114 3209 365 3291 guaegentium
375 3205 771 3286 ''significantreligiosa
817 3202 873 3265 Ex
888 3200 1196 3281 bisconstarepotest

114 3313 278 3385 quantum
308 3300 560 3362 hallucinantur
587 3300 642 3380 qui
672 3298 814 3360 credunt
842 3297 935 3379 quod
962 3295 1111 3377 Judaei
1104 3313 1132 3355 ιιι
1153 3285 1197 3349 fine

114 3407 306 3477 temporum
327 3404 568 3456 convertentur
588 3394 631 3455 ad
653 3392 847 3464 Dominum,
865 3411 905 3453 ac
925 3378 1196 3453 mtroducentuu1

114 3503 238 3555 terram
256 3489 471 3561 Canaanem;
498 3489 648 3569 quisunt
666 3486 1196 3568 1111qu1creduntquodperffiter

113 3585 215 3658 ram‚”
234 3606 293 3666 per
311 3581 649 3661 “Hierosolymam
668 3601 727 3662 per
745 3578 962 3642 “’lsraelem’
978 3590 1014 3643 et
1034 3600 1090 3661 per
1108 3571 1195 3656 “ulch-

112 3680 191 3740 dam
201 3680 215 3701 ”
225 3681 257 3740 in
271 3679 397 3746 Verbo
407 3675 621 3756 intelligatur
632 3686 722 3738 terra
733 3673 883 3747 canaan,
894 3673 974 3736 urbs
986 3670 1195 3749 Hierosolyma

113 3772 257 3853 populus
275 3771 480 3833 israeliticus
499 3781 534 3831 et
555 3789 639 3849 gens
656 3768 807 3875 Judaica.
852 3766 921 3830 Sed
941 3764 1133 3848 ignoscendi
1144 3759 1196 3821 sunl

112 3868 167 3947 qui
187 3863 351 3927 hadtenus
370 3865 402 3926 id
423 3864 650 3935 crediderunt,
671 3864 747 3944 quia
767 3881 835 3923 non
855 3862 1030 3925 sciverunt
1049 3845 1195 3940 aliquidd

112 3979 213 4021 sensu
232 3959 396 4041 spirituali
417 3958 541 4031 Verbi;
566 3959 614 4019 rta
633 3977 701 4018 non
721 3956 810 4037 quod
831 3976 890 4037 per
908 3955 1082 4018 “terram
1084 3937 1195 4032 'signifi-

111 4063 208 4116 cetur
227 4052 382 4124 ecclesia,
401 4073 460 4133 per
479 4050 810 4131 ‘Hierosolymam”
826 4048 884 4111 illa
899 4050 1015 4131 quoad
1033 4045 1195 4111 doctrinam

111 4167 170 4228 per
196 4147 410 4209 “”Israelem
433 4147 480 4207 illi
500 4147 555 4228 qui
578 4146 622 4207 ab
645 4145 790 4208 ecclesia
813 4143 979 4225 spirituali
1003 4153 1092 4218 sunt,
1113 4150 1144 4204 et
1159 4143 1199 4215 pel

112 4241 307 4322 “Jehudam
318 4241 331 4263 ”
342 4241 388 4302 illi
402 4241 456 4322 qui
471 4241 514 4302 ab
526 4240 672 4302 ecclesia
685 4238 825 4302 caelesti
838 4260 845 4315 ;
866 4248 939 4302 tum
950 4239 1041 4320 quod
1056 4238 1109 4300 ubi
1119 4231 1201 4315 agitur

109 4336 199 4416 apud
222 4335 415 4414 Prophetas
435 4335 476 4396 de
499 4331 750 4396 introdudtione
770 4332 904 4394 illorum
923 4333 958 4394 in
978 4343 1102 4395 terram
1121 4328 1204 4393 Cana·

108 4449 219 4504 anem,
232 4486 240 4503 .-
251 4429 463 4510 intelligatur
494 4424 702 4491 introductio
731 4426 879 4489 fidelium
909 4426 943 4489 in
973 4426 1106 4490 caelum
1134 4417 1209 4488 etin
