2684 4988
116 524 197 591 ¹¹74
421 522 673 575 APOCALYPSIS
696 522 924 574 EXPLlCATA.

111 691 261 756 secundo
280 713 338 755 seu
354 692 467 756 medio
483 692 590 767 caelo,
607 702 643 756 et
662 713 721 774 per
738 699 912 777 “quatuor
928 693 1092 757 animalia
1102 691 1118 717 '⁹
1132 692 1185 776 qui
1199 692 1224 755 in

111 787 213 849 tertio
230 807 288 849 seu
304 787 425 850 intimo
441 785 557 863 caelo;
577 788 667 869 quod
683 807 743 869 per
757 789 905 869 “viginti
918 799 955 850 et
967 798 1116 870 quatuor
1128 788 1222 851 senio·

111 901 164 944 res
172 880 187 904 '’
199 890 235 944 et
254 900 312 961 per
326 886 498 963 “quatuor
512 880 672 945 animalia
679 881 695 905 ”
707 880 944 964 intelligantur
959 884 993 945 in
1011 902 1135 964 genere
1150 879 1217 946 caeli

111 976 308 1055 superiores,
320 984 354 1037 et
366 976 398 1037 in
410 975 521 1056 specie
532 975 858 1057 per“seniores''illi
869 977 924 1058 qui
935 977 969 1038 in
980 974 1213 1040 caelosecundu

111 1090 169 1132 seu
183 1070 294 1132 medio
306 1080 396 1143 sunt,
407 1079 443 1134 et
456 1089 516 1151 per
526 1076 545 1102 ‘⁴
555 1080 700 1152 quatuor
712 1069 871 1133 animalia
878 1070 893 1092 ”
903 1071 960 1153 qui
976 1071 1011 1133 in
1025 1070 1119 1134 caelo
1130 1071 1209 1134 tertio

112 1181 170 1223 seu
187 1161 320 1235 intimo,
334 1162 492 1225 videatur
504 1182 607 1244 supra
622 1177 657 1237 (n.
668 1177 779 1243 313[a]‚
789 1178 861 1243 322,
872 1160 947 1243 362)
960 1184 968 1240 ;
986 1163 1069 1226 inde
1083 1162 1206 1245 sequitur

111 1254 201 1334 quod
212 1254 475 1336 per“angelos”
485 1255 538 1318 hic
549 1253 877 1336 intelliganturcaeli
887 1254 1072 1318 inferiores.
1103 1251 1202 1318 Omnes

111 1348 246 1428 quidem
260 1349 315 1431 qui
331 1350 363 1411 in
380 1348 483 1412 caelis
497 1359 588 1424 sunt,
601 1358 767 1413 vocantur
779 1347 893 1430 angeli
905 1370 913 1426 ;
937 1350 999 1412 sed
1015 1350 1071 1432 qui
1085 1349 1116 1412 in
1129 1367 1200 1430 supe·

111 1442 251 1505 rioribus
266 1444 373 1507 caelis
391 1454 481 1518 sunt,
501 1445 579 1527 quia
601 1445 634 1507 in
657 1443 886 1526 intelligentia
908 1454 945 1508 et
968 1443 1129 1525 sapientia
1145 1450 1199 1505 sunt

112 1556 191 1617 prae
210 1537 355 1620 reliquis,
375 1538 427 1602 hic
447 1550 613 1603 vocantur
632 1538 838 1612 “seniores''
856 1549 891 1602 et
914 1539 1143 1620 intelliguntur
1158 1554 1198 1618 per

114 1637 286 1713 “quatuor
302 1633 459 1696 animalia
471 1634 497 1711 ;'’
520 1655 621 1716 quare
638 1634 741 1697 etiam
760 1633 915 1713 proxime
932 1633 1059 1696 circum
1075 1632 1197 1695 thronum

112 1728 293 1801 steterunt,
317 1738 354 1790 ut
382 1748 482 1809 supra
508 1749 528 1791 a
550 1728 705 1809 johanne
728 1727 834 1790 visum
863 1736 926 1790 est.
973 1725 1144 1790 Sciendum
1162 1729 1197 1785 est

112 1820 202 1901 qnod
224 1820 370 1901 Johanni
388 1823 449 1886 visi
473 1823 540 1886 sint
564 1821 678 1903 angeli
701 1823 734 1885 in
757 1822 864 1902 copia,
884 1831 920 1885 et
939 1820 1039 1884 simul
1056 1818 1159 1901 viginti
1174 1823 1197 1877 et

112 1925 256 1996 quatuor
275 1918 434 1990 seniores,
451 1936 490 1980 ac
511 1917 647 1980 cherubi
666 1937 725 1979 seu
744 1924 888 1998 quatuor
906 1913 1074 1987 animalia,
1090 1923 1121 1975 et
1134 1907 1196 1994 quod

113 2029 181 2072 non
201 2013 393 2094 omnesqui
417 2012 450 2074 in
469 2012 572 2075 caelis
590 2021 679 2084 sunt,
700 2011 760 2073 visi
779 2010 857 2084 sint,
877 2009 942 2072 hoc
963 2017 1027 2083 est,
1045 2009 1197 2070 universum

113 2105 264 2181 caelum;
288 2107 469 2169 eratenim
489 2108 573 2169 visio
596 2105 804 2187 prophetica,
825 2125 910 2186 quae
932 2103 1011 2166 talis
1034 2113 1095 2176 est,
1113 2111 1144 2164 ut
1159 2096 1197 2161 illa

114 2219 198 2280 quae
218 2201 375 2264 videntur
393 2200 605 2283 significent;
628 2201 681 2263 hic
704 2199 799 2280 pauci
823 2198 870 2261 illi
892 2207 1005 2261 totum
1025 2219 1082 2261 seu
1099 2196 1196 2259 univer·

113 2313 186 2356 sum
206 2294 347 2368 caelum,
365 2305 464 2377 prout
481 2295 571 2378 quod
589 2300 608 2326 ‘⁴
618 2294 739 2375 viginti
757 2303 793 2356 et
809 2301 954 2375 quatuor
969 2288 1134 2354 seniores”
1145 2304 1196 2351 cae·

114 2387 182 2450 lum
202 2391 385 2452 secundum
405 2411 464 2453 seu
483 2390 640 2463 medium,
660 2397 695 2451 et
716 2392 889 2470 “quatuor
907 2385 1086 2450 animalia'’
1099 2381 1196 2448 caelum

114 2485 250 2546 tertium
272 2505 331 2546 seu
350 2485 515 2548 intimum.

173 2591 276 2674 463.
305 2591 364 2652 “fr
387 2591 569 2653 oeciderunt
591 2607 697 2652 aarum
723 2587 830 2650 throno
853 2606 949 2668 super·
969 2585 1071 2648 {ocios
1092 2578 1197 2652 carnal

114 2680 321 2743 adoraverunt
333 2682 449 2744 doum!
450 2680 604 2762 '-Quod
620 2677 791 2759 significet
803 2678 1003 2758 gratiarum
1018 2675 1196 2738 aa‘lionemet

113 2774 235 2837 humile
257 2775 361 2847 corde,
385 2774 475 2856 quod
497 2795 518 2836 a
544 2771 685 2834 Dommo
707 2781 755 2833 tot
776 2769 852 2833 sale
846 2770 906 2832 ati
926 2769 1005 2843 sent,
1030 2774 1150 2831 constat
1165 2778 1194 2822 ex

114 2869 385 2952 significatione
390 2869 526 2932 ‘cadere
543 2888 643 2948 super
658 2866 757 2929 facies
774 2874 808 2927 et
825 2862 996 2936 adorare”
1011 2862 1097 2946 quod
1114 2860 1154 2922 hic
1165 2851 1194 2916 sit

114 2986 158 3028 ex
179 2964 294 3027 humili
314 2965 415 3027 corde
434 2963 562 3044 gratias
580 2982 702 3043 agere
730 2980 788 3041 per
806 2957 980 3021 ‘cadere”
999 2958 1086 3019 enim
1101 2960 1194 3031 “super

114 3060 241 3124 facies”
262 3058 468 3140 significatur
492 3056 678 3119 humiliatio
706 3054 827 3126 cordis,
851 3053 1011 3134 quoniam
1035 3051 1142 3114 cadere
1157 3061 1193 3104 su·

114 3176 173 3238 per
189 3157 289 3218 lacies
305 3153 548 3234 correspondet
568 3151 615 3213 illi
632 3147 873 3223 humiliationi3
898 3165 1018 3209 omnes
1035 3134 1193 3208 erinacius

114 3252 263 3332 corporis
275 3248 542 3329 correspondent
559 3242 789 3309 affectionibus
801 3262 886 3324 quae
904 3241 1029 3304 mentis
1045 3246 1126 3312 sunt,
1136 3230 1193 3296 ade⁰

114 3358 150 3410 ut
175 3367 275 3409 unum
300 3346 423 3407 saciant
447 3364 505 3424 per
528 3338 865 3420 correspondentias;
891 3337 937 3398 sic
963 3335 1108 3398 “cadere
1127 3339 1194 3406 super

114 3442 214 3505 iacies
227 3460 341 3503 coram
357 3438 474 3501 Deo'''
466 3457 499 3499 rn
513 3435 616 3508 cultu,
628 3452 729 3496 unum
743 3453 801 3514 per
814 3429 1137 3511 correspondentiam
1145 3415 1193 3499 agli

113 3556 189 3599 cum
220 3534 452 3598 humiliatione
481 3531 616 3606 cordis;
646 3528 724 3590 inde
755 3536 807 3589 est
837 3525 927 3608 quod
958 3524 1048 3605 apud
1076 3519 1193 3598 antiquos

114 3631 254 3693 solenne
274 3630 382 3702 luerit,
403 3638 437 3690 et
457 3627 565 3688 adhuc
586 3623 674 3708 apud
694 3621 805 3703 plures
824 3629 947 3702 gentes
966 3618 1102 3682 solenne
1118 3613 1159 3681 sit,
1171 3604 1192 3664 il

114 3725 206 3788 cultu
230 3725 350 3787 cadere
374 3742 473 3803 super
496 3721 585 3801 ipsas
608 3717 720 3788 facies,
739 3724 775 3778 at
798 3714 929 3776 hodie'
921 3734 955 3775 m
977 3706 1193 3776 christianismo

113 3821 222 3884 solum
242 3841 277 3882 se
297 3819 477 3881 demittere
496 3834 596 3894 super
615 3830 744 3892 genua:
769 3809 858 3892 quod
878 3828 937 3889 per
955 3802 1135 3870 “''adorare
1147 3809 1192 3872 ⁵18·

113 3915 267 3978 nihcetur
286 3913 471 3994 gratiarum
491 3904 579 3971 adlio
598 3906 689 3989 quod
714 3914 767 3968 tot
791 3903 912 3967 salvati
936 3902 1014 3973 sint,
1035 3901 1193 3964 constatel

112 4009 395 4072 antecedentibus
408 4015 443 4069 et
456 4002 752 4085 consequentibus,
763 3999 874 4079 agitur
886 3999 974 4059 enim
989 3997 1031 4059 de
1045 3989 1193 4058 salvatione

112 4125 228 4167 eorum
245 4106 300 4186 qui
317 4104 349 4166 in
367 4103 457 4164 bono
474 4098 657 4162 secundum
675 4095 856 4175 religiones
872 4112 949 4153 suas
962 4092 1125 4163 vixerunt,
1136 4094 1195 4147 tan·

112 4201 176 4263 etsi
196 4219 263 4261 non
287 4200 320 4260 in
345 4194 500 4278 genuinis
519 4193 605 4255 veris
625 4190 766 4264 luerint;
790 4187 974 4268 gratiarum
993 4183 1082 4249 attio
1097 4184 1137 4246 ab
1149 4170 1197 4239 uni·

111 4315 209 4358 verso
237 4292 333 4356 caelo
360 4301 500 4372 propter
526 4288 559 4350 id
587 4294 640 4348 est
664 4304 749 4367 quae
777 4301 858 4345 mox
886 4281 1048 4363 sequitur.
1091 4275 1200 4341 Dicitu

112 4389 346 4453 “Ceciderunt
360 4406 458 4467 super
471 4382 571 4446 facies
584 4391 619 4444 et
632 4380 856 4442 adoraverunt
869 4374 1021 4452 Deum;''
1038 4378 1092 4439 et
1096 4367 1204 4437 ‘cadere

110 4505 210 4567 super
233 4481 358 4547 facies''
380 4489 433 4544 est
457 4476 654 4543 testificatio
675 4470 916 4537 humiliationis
939 4468 1053 4534 cordis
1075 4489 1119 4533 ex
1140 4466 1209 4532 bonu
