2684 4988
114 487 193 570 1264
418 499 667 552 neocarvnsrs
689 500 916 552 ΕτττιτεττττΜ

108 691 208 753 super
223 669 348 753 aliquid
365 669 454 753 apud
470 690 506 733 se
523 650 734 733 dominatur:
758 671 850 753 quod
866 692 925 753 per
943 673 1090 754 “piscem
1102 669 1184 743 maris,¹

109 785 207 829 avem
231 765 317 828 caeli
344 775 379 827 et
409 765 555 828 bestiam
577 765 651 846 agri
659 764 674 790 ”
696 764 780 827 talia
802 764 1044 846 significentur,
1066 777 1109 830 est
1131 765 1185 848 quis

109 858 391 940 correspondent.
436 857 767 942 correspondentiae
780 859 978 923 interiorum
991 860 1121 924 hominis
1132 874 1190 923 cunt

109 953 175 1015 illis
202 954 246 1016 ad
271 953 486 1016 manifestum
511 955 620 1016 visum
647 954 814 1017 sistuntur
836 954 870 1016 in
899 956 1025 1018 mundo
1051 952 1188 1038 spirituali.

110 1066 189 1109 nam
213 1047 258 1109 ibi
277 1056 444 1129 apparent
466 1049 577 1109 omnis
599 1049 734 1130 generis
757 1047 900 1123 bestiae,
925 1058 998 1111 tum
1021 1069 1104 1124 aves,
1119 1047 1192 1110 acin

111 1141 257 1203 maribus
280 1143 401 1223 pisces,
425 1161 512 1222 quae
539 1151 656 1204 tamen
683 1162 751 1205 non
778 1142 870 1204 aliud
898 1152 979 1205 sunt
1005 1163 1100 1224 quarn
1120 1142 1192 1203 ideae

110 1236 332 1315 cogitationis
351 1234 557 1317 profluentes
576 1256 620 1298 ex
644 1234 888 1311 affedtionibus,
910 1257 996 1319 quae
1020 1237 1081 1299 sub
1099 1235 1193 1299 talibus

110 1327 226 1391 formis
245 1330 412 1393 sistuntur
431 1330 508 1410 quia
526 1331 807 1412 correspondent.

173 1422 234 1506 [0.]
268 1423 441 1504 Quoniam
464 1444 524 1506 per
548 1433 567 1458 ‘⁴
579 1427 690 1508 pisces
701 1426 716 1450 ”
734 1425 970 1508 significantur
987 1425 1152 1490 scientifica
1164 1429 1194 1485 et

111 1517 340 1596 cogitationes
357 1538 443 1599 quae
463 1518 627 1580 naturalis
646 1519 802 1592 hominis,
823 1539 910 1600 quae
929 1519 1108 1582 inserviunt
1123 1515 1195 1600 spiri·

112 1609 194 1671 tuali
215 1609 342 1673 homini
362 1632 422 1693 pro
442 1613 562 1675 mediis
581 1614 743 1695 sapiendi,
761 1613 840 1676 inde
859 1633 919 1695 per
940 1610 1195 1696 “piscatores'’in

112 1700 229 1766 Verbo
255 1705 495 1787 intelliguntur
522 1708 577 1789 qui
605 1707 708 1770 modo
733 1707 768 1768 in
794 1708 1048 1789 cognitionibus
1072 1716 1145 1780 sunt,
1163 1720 1196 1765 ac

111 1797 166 1878 qui
190 1799 405 1878 cognitiones
428 1800 491 1862 sibi
514 1811 726 1883 comparant,
751 1810 823 1865 tum
847 1802 902 1883 qui
925 1799 1012 1864 alios
1034 1801 1151 1873 docent,
1167 1804 1198 1858 et

112 1911 172 1972 per
190 1893 406 1973 cognitiones
424 1894 629 1971 resormant;
647 1914 763 1977 -opera
782 1913 898 1957 eorum
917 1894 1139 1976 intelliguntur
1151 1907 1200 1972 per

114 1987 344 2050 “emissiones
371 1998 407 2051 et
434 1989 664 2070 expansiones
690 1990 813 2052 retium
828 1988 855 2067 ;'’
886 1998 923 2052 ut
951 1990 985 2053 in
1012 1985 1201 2073 sequentibus

113 2079 196 2143 locis
209 2079 366 2163 z—Apud
384 2080 538 2157 Esaiam,

164 2218 181 2238 “
190 2214 330 2278 Lugebunt
343 2217 497 2279 piscatores,
509 2228 536 2266 et
548 2217 637 2267 tristes
649 2227 727 2266 erunt
739 2231 835 2266 omnes
847 2217 1024 2280 projicientes
1036 2218 1062 2266 in
1074 2217 1153 2267 flumen
1162 2209 1205 2258 lu·

243 2296 324 2340 mum,
335 2293 362 2330 et
373 2283 558 2344 expandentes
566 2293 622 2331 rete
634 2296 714 2346 super
725 2281 807 2332 iacies
819 2297 949 2347 aquarum
959 2279 1139 2346 languescent*
1147 2273 1202 2338 (11¹-

244 2347 285 2410 8):

112 2475 167 2539 bic
191 2497 250 2559 per
270 2477 486 2558 “piscatores
510 2477 724 2561 projicientes
747 2477 780 2540 in
803 2477 927 2540 flumen
945 2477 1092 2550 hamum,
1108 2482 1136 2538 et
1149 2484 1203 2532 ex·

113 2572 303 2653 pandentes
327 2571 430 2645 rete,''
449 2572 685 2653 intelliguntur
703 2573 758 2654 qui
782 2573 843 2634 sibi
867 2573 1091 2653 cognitiones,
1108 2579 1136 2632 et
1153 2572 1202 2644 pes

112 2664 188 2726 illas
221 2665 497 2748 intelligentiam,
532 2667 653 2729 volunt
687 2686 910 2748 comparare:
954 2666 1008 2730 hic
1042 2663 1121 2749 quod
1146 2665 1199 2720 ποῦ

113 2762 256 2841 possint,
284 2764 361 2843 quia
390 2783 457 2825 non
485 2761 607 2824 alicubi
635 2762 850 2843 cognitiones
878 2762 957 2823 veri.
1004 2759 1101 2844 Apud
1122 2755 1198 2831 Jere·

113 2877 224 2929 meam,

163 2994 180 3014 ¹⁴
190 2990 324 3039 Reducam
333 2990 346 3009 ”
360 2990 428 3039 lilios
442 2989 550 3039 Israelis
565 2994 779 3051 “superterram
791 3003 883 3037 eorum
896 3004 902 3046 ;
920 2990 1025 3038 mittam
1037 2989 1071 3037 ad
1084 2984 1193 3050 piscator}

243 3057 341 3104 multos
354 3057 398 3118 qui
411 3056 584 3118 piscabuntur
597 3056 673 3110 illos;
692 3065 747 3103 tum
761 3056 864 3102 mittam
879 3055 912 3102 ad
926 3055 1026 3102 multos
1036 3061 1156 3101 venatores
1164 3049 1194 3103 Ψ

243 3123 411 3170 venabuntur
423 3135 470 3170 eos
482 3121 598 3182 desuper
609 3121 684 3168 omni
699 3129 799 3177 monte,
814 3129 841 3168 et
852 3120 969 3181 desuper
983 3121 1056 3169 omui
1070 3118 1133 3173 colle,
1144 3115 1192 3160 tm

244 3187 420 3236 torminibus
433 3195 568 3250 petrarum
577 3185 591 3205 ''
603 3186 666 3246 (xvi.
681 3183 815 3250 [15,]16):

113 3330 203 3412 quod
223 3351 281 3411 per
302 3330 468 3391 “mittere
487 3328 529 3392 ad
554 3329 741 3410 piscatores
765 3328 820 3410 qui
844 3327 1066 3409 piscabuntur
1087 3323 1154 3393 illos,
1168 3321 1191 3375 el

112 3424 155 3486 ad
174 3434 355 3487 venatores
373 3425 428 3505 qui
448 3423 661 3486 venabuntur
681 3422 787 3496 illos,”
806 3422 1022 3503 intelligatur
1041 3425 1190 3485 convocare

112 3530 147 3582 et
167 3520 355 3581 instaurare
374 3517 556 3581 ecclesiam
575 3517 665 3600 apud
688 3517 765 3579 illos
784 3517 841 3599 qui
864 3518 898 3578 in
922 3518 1015 3580 bono
1034 3507 1155 3579 naturali
1167 3508 1190 3562 et

112 3613 145 3673 in
171 3611 264 3673 bono
286 3611 454 3691 spirituali
479 3619 570 3683 sunt,
594 3609 751 3671 videatur
773 3629 875 3690 supra
899 3627 933 3683 (n.
948 3623 1069 3688 405[c]).
1117 3588 1190 3680 Apud

111 3701 290 3777 Habakuk,

164 3836 279 3899 “Quare
294 3834 360 3884 lacis
375 3835 512 3883 bominem
527 3835 595 3883 sicut
613 3835 699 3896 pisces
714 3833 802 3891 maris,
820 3834 888 3882 sicut
906 3833 1001 3895 reptile
1018 3832 1059 3881 cui
1076 3843 1120 3880 non
1134 3813 1191 3902 dvffllj

242 3903 329 3950 nans?
362 3897 489 3949 {lomnes
503 3901 584 3948 hamo
598 3900 719 3948 extrahat
734 3909 760 3947 et
773 3907 922 3960 congreget
939 3913 1001 3947 eum
1019 3897 1046 3946 in
1064 3903 1111 3946 rete
1124 3892 1190 3939 sulm·

247 4003 253 4015 .
264 4003 270 4015 .
280 4003 286 4015 .
296 3980 409 4027 .ergone
418 3966 557 4014 evacuabit
566 3976 622 4015 rete
631 3979 718 4021 suum,
730 3974 757 4013 et
764 3964 863 4027 jugiter
874 3964 996 4014 occidere
1005 3973 1094 4026 gentes
1102 3969 1144 4007 non
1151 3957 1191 4012 W·

242 4030 316 4081 cert'
329 4032 355 4092 (i.
370 4043 460 4091 14,15,
475 4033 529 4090 17):

118 4161 203 4224 baec
220 4159 311 4226 dieta
330 4173 409 4225 sunt
429 4163 472 4225 de
491 4172 596 4244 gente
613 4161 787 4225 Chaldaea
803 4171 965 4225 vastante
984 4170 1019 4226 et
1035 4153 1190 4224 destruente

115 4255 314 4319 ecclesiam:
351 4278 410 4340 per
434 4263 604 4338 “gentem
633 4255 867 4320 Chaldaeam”
891 4256 1094 4337 significatur
1111 4236 1189 4331 pr⁰l³·

70 4376 73 4381 ·
115 4351 209 4413 natio
236 4352 305 4413 veri
333 4361 368 4413 et
396 4351 547 4413 vastatio
575 4350 762 4413 ecclesiae:
797 4349 938 4413 “facere
966 4350 1108 4413 homines
1128 4335 1188 4400 sicut

113 4445 222 4525 pisces
239 4446 349 4519 maris,
367 4455 402 4509 et
425 4446 513 4508 sicut
533 4445 654 4527 reptile
673 4446 725 4508 cui
745 4464 813 4507 non
834 4443 1045 4521 dominans,”
1059 4426 1187 4522 significat
