2684 4988
107 478 170 557 928
416 491 665 544 nrocncrrsrs
688 494 913 545 axrircnrn.

108 658 191 722 fides
215 678 316 723 unum
339 661 418 724 facit
442 681 518 724 cum
541 661 719 735 charitate,
740 673 775 726 et
798 664 909 725 omnis
933 672 987 725 est
1010 684 1030 725 a
1053 663 1184 739 Domino:

109 763 315 834 quapropter
342 765 444 818 vocat
473 755 638 818 Dominus
661 755 761 819 fidem
788 756 877 819 hanc
903 755 1033 818 “fidem
1056 756 1186 836 Dei:”et

108 848 184 928 quia
204 847 368 910 Dominus
388 850 552 930 perhanc
572 848 684 922 fidem,
705 861 862 932 quaeest
882 849 966 913 fides
986 850 1187 912 charitatisab

109 939 199 1022 lpso,
216 954 369 1005 removet
388 945 501 1005 omnia
521 944 610 1006 mala
626 945 844 1007 scaturientia
860 965 905 1007 ex
925 944 1091 1006 amoribus
1107 944 1147 1005 sui
1161 952 1187 1005 et

109 1035 234 1107 mundi,
258 1046 293 1098 et
317 1035 373 1098 illa
397 1036 509 1117 dejicit
533 1039 565 1099 in
589 1037 752 1100 infernum
776 1039 865 1101 unde
889 1048 979 1111 sunt,
1005 1057 1101 1118 quare
1119 1036 1187 1105 dicit,

109 1130 198 1210 quod
220 1131 275 1191 “si
294 1131 418 1193 dixerit
439 1133 557 1204 monti,
576 1131 713 1194 Tollere
732 1142 767 1194 et
787 1130 912 1213 projice
932 1141 968 1193 te
990 1133 1023 1193 in
1043 1149 1133 1202 mare,
1147 1127 1188 1191 fiet

109 1243 195 1303 quae
208 1224 295 1286 dixit
308 1224 334 1299 ;”
352 1245 410 1305 per
424 1231 443 1256 “
454 1225 629 1287 montem”
645 1228 735 1288 enim
748 1225 981 1307 significantur
992 1223 1078 1286 mala
1088 1223 1188 1285 illorum

110 1338 273 1390 amorum,
298 1328 333 1380 et
362 1339 420 1400 per
444 1320 589 1382 “mare''
612 1319 819 1400 significatur
844 1319 1031 1393 infernum
1062 1317 1129 1380 inde
1148 1334 1189 1396 per
1223 1326 1228 1331 '

112 1413 251 1475 “dicere
275 1415 393 1485 monti,
415 1413 581 1485 Tollere‚”
600 1412 808 1494 significatur
830 1415 996 1476 removeri
1020 1412 1083 1482 illa.
1102 1420 1131 1472 et
1149 1427 1189 1490 pet
1229 1414 1231 1421 '

112 1506 254 1588 “projici
270 1507 302 1568 in
320 1527 411 1569 mare
420 1508 435 1531 ”
451 1506 659 1588 significatur
675 1507 772 1586 dejici
791 1509 823 1568 in
841 1506 1005 1569 infernum
1021 1506 1103 1567 unde
1117 1513 1187 1565 sunt:

110 1622 155 1663 ex
172 1601 235 1663 hac
255 1600 502 1681 significatione
521 1601 699 1664 “montis’'
718 1612 752 1663 et
774 1601 928 1663 “maris''
948 1601 1013 1663 hoc
1030 1599 1111 1681 apud
1124 1596 1188 1659 anti·

111 1714 194 1775 quos
211 1696 243 1756 in
261 1714 474 1757 communem
492 1715 682 1758 sermonem
699 1696 804 1765 venit.
822 1715 898 1757 cum
916 1695 959 1757 de
979 1694 1054 1757 fidei
1070 1689 1189 1775 potentia
1228 1746 1231 1753 .

112 1808 222 1850 sermo
240 1788 320 1864 suit;
346 1809 412 1851 non
432 1790 522 1871 quod
544 1801 678 1851 montes
697 1790 730 1850 in
750 1788 871 1850 tellure
892 1798 1035 1870 possunt
1055 1785 1188 1869 perillam

113 1881 226 1962 projici
244 1884 275 1943 in
296 1903 398 1955 mare,
416 1885 474 1946 sed
493 1883 582 1944 mala
598 1903 683 1964 quae
703 1883 746 1944 ab
761 1882 892 1944 inferno
911 1891 1064 1963 possunt.
1105 1879 1189 1941 Etiam
1228 1934 1231 1959 j

114 1987 249 2038 montes
273 1978 305 2037 in
329 1976 493 2058 spirituali
520 1977 657 2046 mundo.
682 1996 782 2057 super
803 1976 922 2056 quibus
950 1975 1102 2036 habitant
1126 1969 1188 2051 mali,
1227 2026 1231 2045 ,

113 2070 225 2132 solent
240 2090 297 2151 per
308 2069 418 2143 fidem,
430 2092 515 2154 quae
528 2092 547 2133 a
567 2071 723 2143 Domino,
737 2070 843 2132 everti
855 2079 890 2131 et
901 2069 1016 2150 projici
1028 2091 1036 2143 ;
1060 2081 1188 2130 namcutn

114 2163 203 2226 mala
234 2165 321 2245 apud
351 2164 427 2227 illos
458 2164 684 2246 projiciuntur,
713 2166 817 2225 etiam
847 2162 1065 2244 projiciuntur
1089 2169 1189 2223 montet
1225 2212 1231 2237 ,.

114 2279 212 2339 super
234 2260 353 2340 quibus
376 2259 544 2331 habitant,
569 2270 605 2320 ut
629 2278 728 2339 supra
751 2257 930 2338 aliquoties
955 2254 1078 2318 diuum
1098 2264 1149 2325 est,
1165 2256 1189 2311 et
1223 2240 1231 2313 ³.

114 2374 245 2435 quoque
262 2355 341 2415 mihi
361 2374 462 2434 saepe
478 2355 594 2415 visum.
641 2351 741 2433 Quod
758 2372 825 2413 non
845 2350 910 2414 alia
926 2350 1011 2413 fides
1027 2370 1118 2432 quam
1132 2345 1188 2409 fides
1226 2344 1231 2383 '-

115 2447 289 2510 charitatis
313 2468 332 2509 a
357 2448 503 2509 Domino
531 2447 584 2509 hic
611 2447 832 2527 intelligatur,
858 2456 955 2526 patet
981 2466 1001 2507 a
1028 2445 1188 2507 continuato

115 2562 270 2604 sermone
291 2543 425 2603 Domini
445 2542 533 2623 apud
551 2541 713 2613 Marcum,
735 2541 789 2601 ubi
808 2540 940 2611 dicitur,

166 2669 340 2732 “Propterea
357 2671 418 2719 dico
436 2670 522 2725 vobis
543 2670 634 2717 omnia
652 2682 826 2731 quaecunque
849 2677 991 2729 precantes
1009 2667 1104 2729 petitis,
1120 2660 1189 2713 credite

244 2736 314 2798 quod
327 2736 458 2812 accepturi
477 2736 545 2790 sitis,
560 2744 623 2782 tunc
642 2733 687 2782 fiet
699 2734 792 2780 vobis:
812 2747 872 2780 curn
886 2748 950 2781 vero
966 2733 1091 2781 steteritis
1101 2736 1188 2778 oranttt.

244 2801 401 2849 dimittite
381 2816 402 2848 ει
416 2801 476 2863 quid
490 2801 595 2848 habetis
608 2809 701 2847 contra
713 2813 884 2860 quemquam,
899 2807 928 2846 ut
940 2798 1021 2847 etiam
1037 2797 1110 2846 Pater
1120 2801 1187 2843 restet.

245 2867 288 2928 qui
302 2867 329 2913 in
339 2866 429 2922 caelis,
440 2866 557 2913 dimittat
567 2864 644 2912 vobis
654 2865 745 2940 lapsus
754 2873 875 2916 vestros:
888 2864 911 2911 si
921 2878 986 2911 vero
997 2878 1046 2911 vos
1056 2876 1105 2910 non
1113 2855 1189 2908 dimist-

245 2932 317 3059 r[itis,]
334 2946 419 2992 neque
439 2930 518 2979 Pater
531 2940 628 2986 vester,
644 2929 688 2991 qui
708 2929 734 2976 in
753 2928 843 2985 caelis,
858 2929 976 2977 dimittet
994 2928 1081 2991 lapsus
1097 2914 1189 2974 vestros*

245 2997 293 3055 (xr
328 3011 398 3044 vers
411 3008 459 3055 24-
461 2996 515 3055 26):

115 3141 159 3182 ex
187 3118 305 3202 quibus
336 3128 431 3200 patet
459 3118 586 3199 quod‘
591 3116 690 3179 fides
718 3115 811 3186 Dei”
834 3117 877 3178 de
901 3136 967 3197 qua
993 3115 1141 3178 Dominus
1159 3102 1189 3168 ibl

116 3214 272 3295 loquitur
290 3215 333 3274 sit
354 3212 436 3274 fides
456 3213 642 3282 charitatis
661 3211 725 3272 hoc
742 3220 806 3282 est,
823 3209 906 3271 fides
924 3230 1011 3290 quae
1031 3227 1122 3270 unum
1135 3199 1188 3265 tacit

115 3328 191 3371 cum
215 3307 392 3378 charitate
418 3317 452 3368 et
477 3306 554 3367 inde
577 3325 662 3386 quae
685 3306 795 3366 omnis
817 3314 870 3366 est
894 3324 914 3365 a
937 3303 1101 3365 Domino:
1123 3312 1188 3380 prae·

115 3415 210 3465 terea
238 3401 402 3463 Dominus
430 3400 487 3462 illa
515 3400 602 3461 dixit
630 3398 673 3459 ad
701 3397 883 3478 discipulos
910 3417 986 3459 cum
1014 3392 1189 3460 crediderunt

116 3498 205 3579 quod
231 3496 390 3557 miracula
414 3503 554 3575 possent
578 3493 688 3554 facere
712 3513 756 3554 ex
780 3513 839 3554 sua
865 3491 942 3563 lide,
968 3493 1016 3553 ita
1039 3512 1058 3552 a
1079 3509 1119 3561 se,
1137 3494 1188 3545 cum

116 3602 231 3653 tamen
252 3590 308 3652 illa
328 3589 411 3651 fiunt
432 3610 450 3649 a
474 3587 538 3649 fide
562 3608 647 3668 quae
671 3608 690 3647 a
715 3586 872 3658 Domino,
894 3587 942 3647 ita
965 3607 984 3646 a
1010 3583 1141 3647 Domino
1154 3572 1189 3651 (ll

115 3705 247 3766 quoque
269 3693 363 3763 patet
384 3682 471 3762 apud
492 3680 711 3749 Martiarum
729 3699 801 3759 cap.
824 3680 902 3740 xvii.
928 3695 975 3759 19
994 3694 1044 3750 20,
1062 3677 1110 3738 ubi
1126 3664 1189 3732 sini·

117 3777 160 3839 lia
188 3773 277 3839 dicta
305 3775 411 3855 sunt).
463 3773 669 3854 Quoniam
675 3772 851 3834 ‘''montes
876 3770 1108 3852 significabant
1128 3765 1190 3826 b0ss²

116 3872 239 3931 amoris
259 3868 427 3939 caelestis
449 3874 512 3929 et‘
518 3865 667 3928 ‘'’colles
687 3866 776 3927 bona
793 3884 916 3926 amoris
935 3862 1122 3945 spiritualis
1137 3853 1190 3917 ideo

116 3963 255 4042 antiqui
280 3962 368 4041 apud
396 3981 480 4042 quos
508 3959 652 4022 ecclesia
680 3957 972 4038 repraesentativa
1000 3957 1069 4029 suit,
1096 3950 1191 4015 cultum

117 4075 211 4117 suum
238 4055 394 4116 Divinum
423 4054 612 4115 habuerunt
637 4071 736 4132 super
759 4051 931 4112 montibus
954 4060 989 4112 et
1016 4047 1152 4114 collibus,
1168 4042 1192 4097 el

116 4148 193 4210 ideo
207 4147 289 4208 Zion
308 4167 406 4226 super
423 4155 539 4207 monte
555 4144 615 4206 suit
632 4163 670 4205 ac
691 4142 930 4222 Hierosolyma
944 4162 1043 4248 super
1056 4145 1193 4202 montems

115 4241 198 4303 inlra
215 4240 318 4301 illum.
355 4239 405 4300 Ne
422 4241 536 4319 itaque
552 4237 669 4317 Judaei
686 4246 720 4298 et
740 4235 926 4305 Israelitae
942 4256 997 4316 qur
990 4227 1195 4297 idololatriae

115 4334 221 4396 dediti
245 4342 352 4404 erant,
376 4342 548 4394 verterent
573 4330 643 4392 cult
631 4341 702 4391 tum
727 4329 917 4390 Divinum'
910 4348 943 4390 tn
967 4328 1094 4395 cultum
1115 4317 1198 4387 idolo·

116 4427 281 4498 latricum,
311 4426 509 4486 mandatum
540 4423 604 4485 illis
635 4432 687 4484 est
719 4433 754 4483 ut
786 4421 933 4483 solum
925 4441 959 4483 m
991 4416 1202 4498 Hierosolyma
