2684 4988
365 480 451 530 cnr.
468 479 528 539 vr,
546 479 647 529 vens.
664 468 774 530 8.-n.
792 465 923 550 386[d].
1143 469 1201 532 801

104 649 321 712 ‘esurientes”
338 670 402 731 pro
419 649 556 730 illisqui
576 650 606 710 in
627 650 817 730 ignorantia
834 650 1066 730 cognitionum
1083 651 1152 711 veri
1169 659 1204 713 et

104 745 166 806 noni
181 755 267 817 sunt,
287 754 325 806 et
346 766 455 826 usque
475 745 508 806 in
527 744 711 819 desiderio;
735 754 770 806 et
792 743 964 805 “divites'’
983 764 1043 824 pro
1066 743 1130 804 illis
1150 744 1204 824 qui

104 835 131 898 in
145 839 344 901 abundantia
362 838 497 900 illarum
518 848 605 911 sunt,
623 849 657 900 et
677 839 709 899 in
729 837 823 900 nullo
838 839 1023 899 desiderio:
1048 837 1137 919 quod
1157 837 1203 899 illi

108 927 334 1013 iocupletentur
350 931 561 1013 significatur
576 952 634 1012 per
650 931 742 994 Deus
760 933 905 1012 “impiet
923 931 998 993 illos
1014 932 1111 993 bonis
1124 930 1150 1007 ;”
1169 941 1203 992 et

116 1026 180 1106 quod
199 1027 231 1088 hi
248 1027 471 1109 depriventur
490 1026 694 1107 significatur
716 1047 775 1108 per
799 1027 889 1089 Deus
909 1027 1058 1089 “divites
1077 1028 1204 1090 emittit

119 1117 229 1182 inanes.‘’
272 1121 379 1203 Apud
397 1120 574 1194 Davidem,

153 1254 231 1304 “Este
249 1255 343 1304 oculus
364 1254 488 1319 Jehovah
506 1269 586 1316 super
603 1255 757 1303 timentibus
778 1253 869 1317 Ipsum
873 1291 942 1311 .....
947 1253 981 1302 ad
1002 1252 1167 1316 eripiendum
1188 1269 1205 1302 a

218 1321 433 1448 pigprlt9e›pnimam
447 1334 549 1377 eorum,
560 1330 587 1369 et
598 1321 632 1369 ad
644 1320 831 1368 vivificandum
843 1335 890 1368 eos
903 1321 929 1368 in
943 1318 1013 1368 fame
1022 1318 1035 1337 '¹
1045 1319 1101 1381 (Ps.
1111 1319 1202 1369 xxxiii.

120 1532 162 1594 per
181 1516 365 1578 “timentes
391 1513 582 1595 Jehovam”
609 1513 843 1595 intelliguntur
870 1515 924 1596 qui
951 1523 1067 1576 amant
1096 1513 1204 1576 facere

122 1620 268 1691 praecepta
281 1611 390 1691 Ipsius
402 1632 409 1685 ;
428 1630 487 1690 per
499 1616 517 1640 ‘⁴
526 1610 653 1690 eripere
665 1610 811 1671 animam
824 1630 843 1671 a
856 1619 965 1671 morte
974 1608 987 1630 '¹
998 1606 1204 1688 significatur

120 1704 225 1765 amalis
241 1715 275 1766 et
298 1704 400 1775 salsis,
421 1715 456 1766 et
481 1704 557 1765 inde
578 1724 598 1764 a
616 1703 855 1778 damnatione;
879 1713 912 1765 et
933 1721 991 1783 per
1010 1699 1204 1763 “vivificare

121 1794 248 1859 iniame”
258 1796 468 1878 significatur
482 1797 665 1859 secundum
679 1797 879 1859 desiderium
896 1796 975 1858 dare
988 1796 1093 1858 vitam
1110 1795 1203 1875 spiri-

121 1889 236 1953 tualem:
258 1892 461 1953 desiderium
477 1891 520 1953 ad
540 1892 754 1971 cognitiones
771 1891 889 1952 veriet
910 1891 988 1952 boni
1005 1899 1056 1952 est
1073 1885 1205 1950 affediio

122 1986 173 2045 veri
191 1986 371 2067 spiritualis,
392 2006 479 2067 quae
502 1985 601 2048 datur
624 1985 732 2046 solum
760 1985 847 2065 apud
875 1983 950 2045 illos
973 1985 1027 2066 qui
1054 1985 1087 2045 in
1114 1983 1205 2045 bono

123 2078 288 2153 nussum,
309 2081 374 2144 hoc
399 2091 465 2152 est,
485 2081 540 2162 qui
563 2080 687 2143 faciunt
710 2090 892 2161 praecepta
917 2080 1062 2150 Domini,
1083 2079 1148 2160 qui,
1169 2089 1204 2141 ut

125 2171 220 2237 ditium
239 2187 300 2249 est,
320 2175 559 2256 intelliguntur
582 2195 641 2257 per
660 2175 849 2237 “timentes
866 2172 1058 2254 Jehovam.’'
1102 2171 1205 2253 Apud

127 2268 245 2344 eundem,

164 2378 350 2443 ‘'confiteantur
361 2393 482 2458 Jehovae
495 2393 703 2442 misericordiam
723 2391 811 2454 Ipsius
813 2429 882 2447 .....
888 2391 958 2455 quod
976 2400 1076 2439 saturet
1088 2391 1205 2439 animam

222 2470 399 2522 appetentem,
414 2468 441 2507 et
452 2459 570 2506 animam
582 2459 743 2507 esurientem
756 2458 864 2519 impleat
877 2458 948 2505 bono
956 2456 970 2474 ”
982 2456 1037 2515 (Ps.
1048 2456 1106 2504 cvii.
1118 2457 1141 2514 8,
1151 2457 1191 2518 q):

133 2589 268 2655 “saturare
291 2593 440 2654 animam
464 2600 695 2673 appetentem,
719 2600 753 2653 et
782 2589 920 2670 implere
947 2591 1036 2651 bono
1059 2590 1205 2650 animam

133 2685 320 2758 usurientem?
338 2706 400 2767 pro
415 2685 492 2746 illos
507 2686 561 2766 qui
577 2685 772 2746 desiderant
790 2704 868 2746 vera
883 2694 918 2746 et
938 2684 1045 2759 bona;
1067 2685 1206 2745 “anima

134 2789 254 2854 appetens
263 2780 276 2802 ”
287 2778 457 2860 significat
471 2778 546 2840 illos
559 2780 614 2860 qui
627 2778 821 2840 desiderant
831 2799 919 2849 vera,
931 2788 966 2841 et
978 2786 997 2808 ⁴·
1007 2780 1118 2840 anima
1131 2799 1205 2840 esu·

135 2866 207 2933 new
221 2875 293 2937 illos
313 2875 370 2955 qui
389 2873 583 2936 desiderant
602 2873 701 2934 bona.
746 2871 849 2953 Apud
868 2873 1023 2946 eundem,

166 3003 228 3055 “Non
239 3005 361 3056 defectus
374 3007 530 3055 timentibus
538 3004 552 3024 ''
561 3005 709 3070 Jehovam;
730 3005 845 3053 “leones
857 3004 969 3067 juvenes
982 3006 1098 3066 egebunt
1110 3013 1136 3053 et
1147 3019 1207 3053 esu·

221 3074 295 3131 rient,
307 3073 356 3121 sed
368 3082 528 3134 quaerentes
537 3070 668 3134 Jehovam
682 3085 736 3121 uon
749 3072 865 3133 egebunt
878 3071 932 3119 ullo
944 3072 1016 3119 bono
1024 3070 1037 3088 ''
1047 3070 1102 3131 (Ps.
1114 3071 1204 3119 xxxiv.

223 3150 259 3195 ιο,
272 3151 300 3186 11
314 3135 360 3202 [B.
373 3139 408 3186 A.
420 3152 444 3199 9,
460 3133 527 3200 ro]):

131 3255 279 3328 '‘tinentes
294 3264 492 3346 jehovam,”
505 3264 623 3347 quibus
640 3283 706 3326 non
720 3260 880 3336 defectus,
895 3263 996 3325 etiarn
1014 3263 1066 3325 hic
1083 3261 1207 3341 signifi-

127 3362 183 3419 cint
191 3360 319 3442 illosqui
330 3359 566 3422 amant'sacere
576 3369 758 3440 praecepta
769 3359 904 3420 Domini
917 3380 923 3434 ;
940 3368 974 3419 et
985 3364 1207 3438 “quaerentes

125 3437 281 3544 ¹Jehonam,”
300 3457 356 3537 qui
377 3474 445 3517 non
465 3454 614 3534 egebunt
634 3453 704 3515 ullo
726 3453 827 3525 bono,
847 3452 1039 3533 significant
1057 3451 1133 3513 illos
1152 3454 1206 3534 qui

125 3537 182 3607 ¹deo
194 3560 339 3613 amantur
354 3570 374 3611 a
395 3548 544 3610 Domino
559 3559 593 3611 et
610 3547 653 3610 ab
670 3547 749 3628 Ipso
765 3549 933 3628 accipiunt
950 3567 1028 3608 vera
1044 3557 1078 3609 et
1098 3546 1207 3624 bona;

127 3632 239 3704 “leones
257 3643 426 3724 juvenes,''
445 3644 499 3724 qui
523 3642 672 3723 egebunt
691 3654 726 3705 et
745 3643 901 3715 esurient,
922 3640 1112 3721 significant
1133 3641 1208 3704 illos

127 3731 170 3804 qui
184 3754 198 3794 a
211 3750 310 3800 semet
327 3739 438 3800 sciunt
458 3747 493 3798 et
509 3738 643 3817 sapiunt
657 3757 664 3812 ;
689 3742 817 3816 “egere
835 3746 869 3798 et
887 3737 1008 3797 esurire
1018 3735 1032 3757 ''
1048 3748 1100 3797 est
1117 3737 1206 3816 quod

131 3813 182 3881 illis
192 3844 246 3888 lion
256 3849 373 3892 verum
389 3847 453 3890 nec
469 3827 607 3889 bonum.
651 3842 727 3899 (Quid
737 3839 749 3856 '¹
758 3843 859 3888 leones''
870 3843 894 3887 in
903 3851 1006 3899 utroque
1014 3855 1094 3894 sensu,
1102 3843 1209 3887 videatur

136 3914 269 3992 Missitaei)
312 3919 418 3999 Apud
437 3917 596 3992 eundem,

178 4038 266 4100 lehovah
285 4049 353 4113 “qui
374 4048 438 4097 iacit
459 4047 585 4109 judicium
606 4048 750 4109 oppressis,
770 4047 814 4109 qui
834 4048 880 4095 dat
901 4062 998 4110 panem
1019 4047 1206 4103 esurientibus,

230 4112 339 4175 Jehovah
353 4116 397 4178 qui
411 4114 491 4162 soluit
503 4111 629 4162 vindios’'
641 4112 696 4173 (Ps.
706 4114 783 4161 cxlvi.
797 4113 835 4172 7):

150 4240 394 4324 ⁹21⁴‘opmessos”
411 4243 464 4306 hic
481 4242 715 4324 intelliguntur
728 4242 784 4323 qui
800 4243 832 4303 in
848 4241 939 4303 salsis
955 4263 999 4303 ex
1016 4240 1208 4321 ignorantia

153 4334 213 4404 ’Μ
229 4342 385 4419 oppressio
409 4356 524 4402 eorum
549 4348 601 4400 est
623 4358 643 4400 a
666 4337 836 4418 spiritibus
859 4337 915 4417 qui
939 4337 970 4397 in
995 4335 1104 4405 salsis;
1133 4332 1210 4393 ideo

154 4410 229 4485 dicitur
243 4429 383 4508 jehovah
408 4432 518 4495 “facit
542 4430 701 4512 judicium
724 4429 818 4504 illis,”
842 4429 1044 4491 vindicando
1068 4426 1143 4488 illos
1166 4425 1210 4485 ab
