2684 4988
110 455 171 534 782
419 467 668 521 nrocnurrms
690 469 918 521 exscreare.

111 636 194 701 haec
216 633 407 699 dictasunt
431 636 473 699 de
497 637 636 720 illisqui
659 637 741 701 nihil
765 650 885 702 curant
910 639 974 702 nisi
998 641 1168 704 mundana
1193 668 1202 698 ι

111 732 293 805 terrestria,
307 752 366 812 per
378 731 468 812 quod
485 731 651 797 clauditur
664 733 815 796 internus
831 733 1016 814 spiritualis
1032 734 1137 797 homo
1140 757 1156 810 3
1176 736 1202 798 i}

110 845 155 887 ex
179 843 253 887 non·
271 826 491 907 perceptione
518 825 598 889 boni
625 837 660 889 et
684 846 753 889 non
776 824 955 891 intellectu
978 829 1049 892 veri
1071 831 1202 893 dicunt-1

112 924 243 982 “canes
265 918 434 982 obfirmati
457 921 582 994 anima,
607 922 662 1002 qui
685 940 753 983 non
778 922 889 986 sciunt
912 923 1143 997 satietatem,”
1159 925 1202 989 h<

109 1022 173 1086 est,
187 1015 242 1095 qui
258 1033 327 1076 non
343 1024 485 1095 possunt
502 1015 651 1096 recipere
667 1015 814 1092 bonum;
836 1017 949 1080 “scire
958 1017 973 1039 ”
986 1017 1041 1080 hic
1058 1018 1202 1100 significa

110 1128 220 1188 posse,
238 1119 273 1171 et
292 1109 462 1171 “satietas
471 1108 485 1131 ”
500 1110 732 1190 receptionem
749 1110 838 1183 boni,
856 1112 1001 1175 satietas
1021 1113 1112 1175 enirn
1131 1133 1202 1195 prae

109 1203 241 1266 dicatur
259 1204 301 1265 de
321 1203 397 1266 cibo
423 1223 483 1283 per
505 1223 605 1285 quem
629 1203 838 1284 sIgnificatur
859 1206 1001 1268 nutritio
1024 1207 1198 1288 spiritualis

109 1298 212 1378 quod.
233 1317 295 1359 nec
329 1296 395 1360 illis
428 1295 625 1362 Intellectus
654 1298 734 1372 veri,
765 1298 970 1380 intelligitur
997 1321 1059 1382 per
1090 1301 1202 1365 “Iiden

109 1400 263 1471 pastores
287 1411 355 1454 non
379 1393 493 1457 sciunt
515 1390 708 1473 intelligere
719 1392 745 1470 ;”
770 1393 978 1474 “pastores''
996 1395 1155 1459 dicuntur
1168 1416 1202 1477 qu

109 1485 251 1548 credunt
262 1505 299 1547 se
309 1507 409 1566 posse
420 1480 691 1558 instruereulios,
700 1485 969 1567 nam“pascere”
979 1487 1195 1550 estinstruere

108 1586 144 1640 et
162 1579 239 1659 quia
258 1579 345 1641 tales
364 1591 484 1643 amant
502 1579 585 1643 falsa
604 1590 640 1642 et
658 1576 845 1653 falsificata,
862 1580 939 1642 ideo
958 1581 1106 1656 additur,
1125 1580 1202 1643 “Vn

110 1673 191 1745 nite,
200 1693 333 1736 sumam
344 1676 469 1749 vinum,
479 1684 515 1737 et
529 1674 729 1737 inebriemur
738 1674 873 1737 sicera.”
912 1673 1018 1757 Apud
1030 1675 1202 1748 Jeremm

162 1815 228 1864 “Sic
240 1817 305 1865 dixit
318 1816 439 1893 Jehovah
453 1816 526 1865 Deus
540 1817 656 1874 Israelis,
671 1817 767 1866 Omnis
779 1826 838 1865 uter
850 1817 1005 1879 implebitur
1018 1799 1123 1874 vinni.
1133 1856 1138 1867 .
1149 1817 1202 1867 Iler

242 1880 299 1944 Ego
317 1883 433 1944 implens
450 1897 545 1932 omnes
567 1883 730 1931 habitatores
751 1893 837 1931 terrae
855 1883 942 1945 hujus,
962 1893 990 1931 et
1007 1899 1086 1946 reges
1103 1885 1202 1933 sedente

241 1946 338 1996 Davidi
351 1962 430 2009 super
442 1948 540 1996 throno
552 1947 619 2009 ejus,
633 1957 660 1996 et
674 1948 825 1997 sacerdotes
839 1957 866 1996 et
878 1948 1033 2010 propbetas,
1047 1964 1143 1997 omnes
1156 1950 1202 1997 hab

239 2022 339 2061 ratores
353 2011 558 2075 Hierosolymae
570 2011 719 2062 ebrietate”
731 2013 795 2073 (xiii.
809 2025 847 2070 12,
861 2016 914 2074 13):
1117 2024 1121 2029 “

110 2164 169 2224 per
189 2144 356 2206 “vinum’'
375 2145 428 2206 hic
453 2165 585 2226 quoque
604 2143 812 2225 significatur
830 2145 962 2218 salsum,
984 2154 1020 2208 et
1044 2167 1105 2226 per
1126 2153 1202 2208 “om

110 2256 186 2300 nem
205 2248 314 2301 utrem
330 2240 385 2320 qui
402 2238 596 2319 implebitur
611 2240 691 2300 virro
699 2239 713 2262 ”
729 2237 938 2319 significatur
955 2258 1053 2301 mens
1069 2239 1202 2302 homini!

109 2334 268 2414 quoniam
292 2332 349 2394 illa
376 2344 429 2396 est
460 2334 623 2414 repriens
647 2334 716 2395 veri
738 2343 797 2396 aut
824 2332 908 2406 falsi,
929 2334 1018 2397 sicut
1042 2343 1119 2396 uter
1136 2336 1201 2397 vini

111 2447 169 2506 per
184 2433 202 2457 ‘⁴
212 2447 309 2507 reges
322 2427 483 2490 sedentes
497 2427 618 2489 Davidi
631 2448 731 2508 super
744 2427 869 2490 throno
885 2426 956 2506 ejus
964 2427 978 2451 ”
991 2427 1202 2509 significantu

109 2522 164 2602 qui
187 2521 310 2602 alioqui
334 2521 443 2584 forent
467 2523 500 2583 in
524 2522 654 2584 Divinis
677 2523 783 2597 veris;
815 2542 874 2603 per
898 2523 1151 2585 “sacerdotes''
1170 2544 1202 2604 qr

110 2616 143 2676 in
167 2614 298 2677 Divinis
321 2617 440 2690 bonis;
472 2637 531 2697 per
556 2614 792 2698 “prophetas'’
815 2617 870 2697 qui
897 2616 930 2676 in
958 2613 1136 2692 dottrina3
1169 2636 1202 2698 pe

111 2709 351 2771 “habitatores
380 2708 664 2789 Hierosolymae''
688 2729 806 2771 omnes
833 2710 888 2790 qui
918 2710 962 2771 ab
991 2710 1161 2786 ecclesia;
1190 2731 1202 2773 e

109 2824 168 2884 per
189 2803 442 2866 '‘ebrietatem''
460 2824 525 2885 qua
545 2803 773 2885 implebuntur
790 2802 998 2884 significatur
1012 2805 1175 2867 InsanitIo
1192 2806 1200 2866 i

109 2898 345 2978 spiritualibus.
391 2896 494 2979 Apud
513 2898 670 2971 eundem,

160 3036 177 3054 ‘¹
186 3028 282 3080 Fadius
294 3045 353 3079 sum
366 3032 433 3080 sicut
451 3031 548 3088 ebriuS,
563 3041 589 3079 et
607 3032 674 3079 sicut
687 3031 727 3078 vir
739 3045 816 3093 quem
835 3008 985 3091 penetravit
998 3034 1102 3087 vinum,
1118 3041 1202 3159 prppu

240 3096 370 3161 Jehovam
384 3107 410 3144 et
423 3106 531 3158 propter
542 3098 650 3145 verbum
663 3093 813 3145 sandlitatIs
827 3095 922 3157 Ipsius,
934 3095 997 3158 quia
1005 3096 1137 3145 adulteris

238 3172 279 3211 est
292 3174 362 3211 terra
369 3161 383 3180 ''
395 3163 478 3221 lxxiii.
491 3176 514 3223 o,
528 3165 582 3220 lol:

109 3290 312 3353 lamentatio
329 3289 412 3351 haec
431 3300 483 3352 est
500 3309 599 3370 super
615 3288 898 3351 adulterationem
915 3289 994 3350 boni
1014 3297 1050 3351 et
1068 3287 1202 3353 falsifica

110 3387 237 3448 tionem
266 3385 336 3448 veri
362 3386 396 3446 lrl
424 3383 588 3460 ecclesia;
622 3383 687 3447 hoc
716 3380 925 3463 significatur
947 3402 1007 3463 per
1033 3384 1202 3448 “adulteri

110 3480 211 3561 plena
238 3489 291 3541 est
320 3489 411 3542 terra
424 3478 449 3556 ;”
479 3478 557 3540 illae
587 3498 646 3559 per
674 3476 892 3539 “adulteria'‘
919 3475 1168 3556 significantur,
1192 3499 1202 3542 r

110 3573 253 3636 ecclesia
273 3593 332 3655 per
350 3579 504 3636 “terram
518 3573 543 3634 :”
567 3572 725 3634 insanitio
744 3572 775 3632 in
796 3568 1023 3651 spiritualibus
1043 3591 1104 3652 per
1122 3574 1202 3636 ratic

111 3669 300 3731 cinationes
317 3689 361 3730 ex
379 3667 476 3728 malis
492 3679 612 3730 contra
629 3665 751 3727 Diuina
767 3666 867 3738 bona,
881 3674 916 3727 et
933 3685 977 3725 ex
993 3663 1088 3726 salsis
1105 3677 1202 3729 contr

111 3761 233 3824 Divina
252 3783 342 3835 vera,
363 3760 571 3841 significatur
597 3781 656 3841 per
677 3757 811 3821 “lactus
838 3777 911 3819 sum
931 3759 1019 3821 sicut
1048 3758 1173 3835 ebrius,
1192 3781 1202 3823 r

110 3856 196 3918 sicut
211 3856 258 3916 vir
271 3875 370 3938 quem
385 3854 575 3936 penetravit
590 3854 715 3924 vinum,
727 3861 866 3934 propter
876 3850 1054 3933 Jehovam,
1069 3863 1106 3915 et
1125 3873 1202 3936 prop

110 3959 163 4012 ter
185 3950 323 4012 verbum
348 3946 539 4011 santlitatis
559 3947 666 4028 Ipsius
679 3946 703 4022 ;”
729 3946 827 4009 “fieri
846 3947 933 4009 sicut
952 3945 1063 4008 ebrius
1087 3957 1124 4011 et
1140 3949 1202 4010 sicr

111 4043 159 4104 vir
192 4063 291 4125 quern
324 4043 518 4124 penetravit
552 4039 697 4113 vinum,”
730 4039 897 4121 significat
933 4040 1202 4122 perturbationes

111 4138 235 4200 mentis
268 4146 303 4199 et
334 4137 616 4198 insanitionema
646 4135 829 4198 ratiociniis
858 4155 903 4197 ex
927 4133 1025 4197 malis
1055 4143 1091 4197 et
1114 4134 1202 4197 salsis

112 4239 281 4313 “propter
312 4230 502 4312 Jehovam”
532 4228 701 4310 significat
733 4239 870 4310 propter
900 4227 1024 4290 Divina
1052 4227 1154 4302 bona,
1184 4248 1202 4290 a

111 4331 280 4407 “propter
298 4326 438 4386 verbum
458 4321 649 4387 sanstitatis
670 4323 800 4406 Ipsius''
818 4321 986 4404 significat
1005 4331 1144 4404 propter
1164 4321 1203 4384 Di

109 4421 187 4480 vina
207 4439 294 4481 vera.
341 4418 444 4500 Apud
463 4417 616 4492 Esaiam,
