2684 4988
119 504 197 569 1302
416 501 671 552 ¹APOCALYPSIS
695 500 920 551 EXPLICATA.

243 671 266 720 si
279 686 325 720 rea
336 671 423 727 fuerit.
436 685 519 734 aquae
533 672 593 720 illae
606 671 699 720 fierent
711 672 738 720 iu
751 671 797 720 illa
808 671 835 719 in
845 670 1042 729 amaritudines,
1051 684 1078 719 ae
1087 677 1177 718 nutat·

243 747 283 786 ret
295 747 397 793 venter,
411 749 438 785 et
451 738 602 786 concideret
613 736 701 786 femur
712 736 806 797 (Num.
818 751 844 786 v.
856 736 962 799 12-29);

112 858 148 923 in
169 859 383 941 Apocalypsi,

166 973 245 1038 Quod
258 974 363 1023 libellus
375 989 408 1022 ex
420 974 548 1022 mandato
559 974 702 1022 devoratus
716 988 733 1021 a
747 971 889 1034 Propheta.
903 973 930 1021 in
946 986 992 1020 ore
1005 971 1060 1033 ejus
1072 969 1134 1018 inerit
1142 966 1183 1016 dii·

179 1057 182 1064 ·
241 1040 279 1087 cis
295 1039 380 1087 instar
393 1039 488 1094 mellis.
502 1039 550 1088 sed
563 1053 597 1088 ex
611 1038 657 1087 illo
669 1047 763 1087 venter
776 1038 895 1087 redditus
906 1034 1138 1098 amarus(x.n,10):

111 1190 245 1262 praeter
267 1180 355 1242 alibi.
401 1180 465 1242 Hic
489 1191 614 1253 autem,
639 1181 693 1243 ubi
716 1180 837 1243 dicitur
858 1179 950 1261 quod
971 1178 1090 1241 “multi
1107 1174 1184 1240 honi-

111 1295 171 1337 nes
190 1275 312 1337 mortui
332 1275 398 1336 sint
417 1295 461 1336 ex
480 1276 575 1356 aquis
593 1294 679 1357 quae
697 1293 830 1336 amarae
849 1269 957 1335 iactae
977 1270 1078 1345 sunt,”
1093 1266 1184 1332 intelli-

110 1370 200 1449 gitur
215 1368 404 1430 amaritudo
420 1369 588 1441 absinthii,
603 1388 661 1448 per
676 1388 774 1449 quam
791 1367 1047 1429 amaritudinem
1061 1363 1126 1446 quid
1137 1363 1185 1442 sig·

111 1462 273 1535 nificatur,
294 1462 501 1542 explicatum
521 1464 622 1526 estin
642 1482 728 1525 nunc
749 1461 1037 1543 praecedentibus.

593 1717 696 1755 VERSUS
709 1719 746 1755 12.

168 1832 265 1938 δίᾳ.
293 1838 327 1880 “f
328 1841 338 1880 t
348 1842 440 1890 navtur
451 1842 542 1890 anacim
552 1840 642 1886 errant
653 1841 676 1880 τί
685 1849 791 1889 mmm
802 1840 838 1880 cet
848 1839 917 1879 tertia
927 1849 981 1888 ματα
991 1833 1141 1885 natiuitatis
1147 1839 1186 1880 Μ

109 1898 180 1945 ium.
192 1900 216 1939 τί
238 1899 295 1940 ττίία
307 1909 362 1949 ματα
375 1901 495 1946 mattarum.
510 1902 533 1941 τί
545 1899 728 1941 attentabatur
741 1899 808 1940 ίατίία
821 1909 876 1948 ματα
888 1899 981 1946 ittam,
992 1901 1017 1940 ut
1029 1899 1073 1939 ίίττ
1083 1906 1118 1938 ττι
1127 1893 1187 1934 Μ

109 1955 178 1996 ίττίία
187 1958 252 2005 μανία
262 1955 317 2006 τίνι,
329 1959 352 1997 τί
362 1968 405 1998 aar
415 1957 544 1998 rinmun'·

129 2082 167 2120 12.
193 2071 240 2124 Ἐί
252 2077 361 2138 adarim
373 2075 481 2139 anquirit
494 2073 609 2131 dinarii!
621 2073 744 2137 significet
757 2074 886 2138 iustarum
899 2075 996 2130 eraclo,
1007 2081 1031 2121 et
1039 2078 1137 2136 quartam
1144 2065 1188 2114 τ’ττίτ

243 2141 403 2187 niuationaem
415 2141 454 2206 [n.
465 2139 542 2205 524];
562 2144 741 2255 “attractum
751 2144 793 2190 eat
801 2139 879 2190 ίοτίία
885 2154 952 2204 pars
960 2139 1031 2195 solis,
1041 2143 1065 2189 τί
1073 2135 1187 2197 tarium

243 2205 325 2262 lunae,
339 2209 367 2256 τί
383 2204 459 2256 tertia
473 2219 538 2270 pais
555 2206 608 2256 sta!
616 2207 712 2261 nram?
725 2204 845 2269 significat
858 2207 926 2269 quod
935 2207 1040 2269 pm'ern
1052 2219 1112 2250 omne
1120 2201 1188 2270 aaa

242 2273 342 2329 amaa,
362 2287 433 2319 amne
451 2273 540 2318 honum
559 2279 688 2319 eruerunt
700 2272 774 2335 fidei.
793 2279 817 2318 et
833 2272 914 2318 anenri
932 2272 1036 2346 cognitio
1054 2269 1104 2316 boni
1117 2272 1135 2313 τί
1145 2276 1186 2336 tea

245 2337 283 2402 [n.
293 2336 371 2401 525];
386 2341 428 2388 “ot
436 2337 648 2388 obtenebrabitur
655 2337 732 2388 ίττίία
739 2351 805 2402 parc
813 2336 937 2392 τ’ίίοτιττττ.”
944 2334 1186 2406 ειςαιίίωίφατίττττυ

243 2404 287 2451 illa
299 2420 416 2451 conversa
428 2405 480 2451 sint
491 2404 596 2468 insalsa
609 2405 705 2451 maliet
715 2405 743 2450 in
756 2403 897 2468 malasalri
910 2403 948 2468 [n.
960 2401 1035 2466 526];
1054 2403 1092 2450 'tri
1101 2398 1142 2448 dm
1150 2404 1186 2442 Μ

243 2469 341 2519 luceret
352 2468 513 2533 tertianam
526 2469 589 2533 olus.
603 2473 631 2519 οί
640 2483 689 2519 nor
701 2468 840 2524 similiter,”
849 2467 971 2531 significat
983 2469 1049 2531 quod
1056 2461 1146 2513 aaran
1151 2465 1185 2521 ni

242 2537 343 2582 rr'tualis
354 2543 377 2582 τί
386 2537 434 2582 lux
445 2537 500 2582 veri
510 2537 637 2582 naturalis
643 2544 748 2598 prorsus
759 2536 896 2582 exstinctae
906 2537 960 2582 sint
972 2535 1011 2600 [n.
1025 2531 1090 2597 527].

168 2687 265 2755 5²4·
288 2689 369 2747 [νινε.
381 2690 427 2747 12.]
446 2673 505 2735 “ft
520 2679 650 2754 auctius
667 2674 797 2753 angelus
815 2671 963 2743 aldarit‚''
980 2669 1130 2751 significat
1147 2660 1185 2722 in·

102 2758 237 2838 fltcxum
252 2784 269 2823 a
283 2762 369 2822 caela
383 2772 415 2823 et
429 2773 587 2842 quartam
602 2763 680 2823 inde
695 2762 920 2833 titulationem,
939 2770 975 2821 ut
994 2778 1088 2840 supra
1101 2774 1127 2828 (n.
1137 2760 1186 2829 502·

109 2858 132 2895 et
144 2853 246 2908 postea).

167 2945 264 3012 525.
293 2930 351 2991 “fr
360 2949 515 3010 percursa
530 2924 581 2991 art
594 2930 687 2991 ίοτίία
698 2949 776 3010 pur-r
786 2929 872 3000 solis,
889 2934 921 2990 οί
935 2928 1027 2991 teriia
1034 2944 1103 3007 ραττ
1114 2922 1187 2982 lanio,

19 3074 25 3091 .
111 3028 145 3084 οί
157 3025 250 3085 teriia
258 3045 334 3105 pars
349 3023 685 3104 stellarum.''—Quod
700 3024 868 3104 significet
883 3024 974 3104 quad
977 3021 1114 3102 perierit
1124 3025 1189 3107 atnnf

110 3115 226 3177 bonum
244 3117 379 3189 arnart's,
399 3138 491 3178 attiae
513 3117 630 3177 bonum
652 3126 683 3177 et
701 3138 814 3177 aarum
824 3116 921 3197 fidei,
942 3125 974 3177 et
995 3113 1094 3176 omnis
1110 3116 1188 3185 cogm·

108 3208 153 3268 tio
166 3209 285 3270 boniet
300 3210 380 3282 acri,
396 3221 531 3272 constat
549 3231 592 3272 ex
607 3209 852 3290 significatione
870 3210 993 3271 tertiae
1011 3208 1115 3289 partis,
1126 3187 1189 3279 quod

108 3299 152 3359 sit
172 3320 272 3361 omne
292 3317 511 3374 (aequantium.
525 3301 617 3380 5o6);
641 3323 685 3362 ex
706 3300 963 3380 significatione
981 3296 1113 3369 “solia'’
1126 3277 1190 3370 quod

108 3387 152 3446 sit
167 3387 294 3449 bonum
311 3400 345 3451 et
358 3410 474 3450 verum
492 3389 568 3451 fidei
585 3410 604 3450 a
622 3389 773 3451 Domino
790 3405 831 3461 (de
840 3406 929 3461 quibus
938 3418 1018 3462 supra.
1028 3418 1051 3449 n.
1060 3386 1191 3470 aona-iii}

108 3498 152 3538 ex
176 3481 420 3559 significatione
446 3481 679 3552 “stellarum’'
703 3482 792 3562 quod
822 3483 889 3541 sint
914 3483 1119 3561 cognitiones
1138 3472 1192 3562 b⁰¹J¹

108 3579 143 3628 et
162 3572 242 3641 veri,
260 3573 364 3633 etiam
384 3593 402 3632 a
423 3573 572 3633 Domino
589 3590 813 3644 (dequasupran.
824 3587 981 3649 72.402);
1006 3581 1041 3633 et
1060 3591 1099 3632 ex
1116 3565 1192 3639 sigffl·

108 3657 263 3722 ficatione
288 3663 475 3741 “percuti‘’
498 3683 573 3725 cum
602 3664 643 3725 de
672 3665 769 3726 bonis
796 3666 920 3724 amoris
949 3675 984 3725 et
1014 3663 1097 3732 fidei,
1117 3672 1148 3719 ac
1165 3643 1193 3703 de

109 3755 358 3830 cognitionibus
382 3757 459 3817 boni
484 3767 518 3817 et
543 3759 622 3827 veri,
647 3758 737 3837 quod
762 3758 805 3818 sit
831 3759 959 3835 perire:
992 3778 1036 3818 ex
1061 3756 1105 3817 his
1125 3742 1193 3829 patet

108 3847 197 3924 quod
215 3867 272 3925 per
288 3849 377 3928 quod
396 3856 581 3928 “percussa
597 3852 640 3912 sit
658 3852 759 3911 tertia
777 3871 852 3929 pars
870 3850 964 3922 solis,
982 3861 1017 3912 et
1038 3848 1128 3912 tertia
1141 3844 1193 3934 ΡΨ

109 3936 217 4011 lunae,
242 3952 275 4002 et
301 3943 400 4003 tertia
424 3963 500 4022 pars
525 3944 730 4015 stellarum,’'
749 3944 958 4023 significetur
981 3944 1070 4025 quod
1092 3930 1192 4027 perierit

109 4050 208 4092 omne
224 4033 348 4095 bonum
366 4037 498 4107 amoris,
516 4038 758 4098 omnebonum
776 4047 810 4098 et
828 4057 944 4098 verum
962 4036 1050 4106 fidei,
1067 4045 1098 4096 et
1113 4033 1191 4122 omss}⁵

108 4127 259 4202 cognitio
272 4127 349 4188 boni
363 4139 397 4190 et
408 4130 486 4190 veri.
520 4130 608 4191 Per⁶¹
619 4130 756 4200 solem‚’'
766 4138 784 4161 ‘¹
795 4130 982 4203 lunam‚”et
993 4115 1191 4194 “stellas''hu

111 4235 177 4276 non
194 4218 426 4298 intelliguntur
442 4223 504 4292 sol,
523 4222 601 4284 luna
617 4235 651 4286 et
669 4224 800 4294 stellae,
816 4244 901 4304 quae
919 4225 951 4285 in
970 4224 1092 4285 mundo
1106 4218 1192 4279 nostro

112 4307 210 4369 solari
221 4330 332 4372 coram
345 4315 448 4374 oculis
459 4317 630 4377 hominum
642 4328 806 4397 apparent
820 4339 826 4392 ;
845 4318 904 4378 sed
916 4316 986 4390 Sol,
999 4317 1090 4379 Luna
1099 4295 1192 4399 etstelj

111 4401 163 4461 lae
183 4421 268 4482 quae
291 4406 322 4465 in
348 4409 473 4469 mundo
496 4411 657 4488 spirituali
682 4430 794 4472 coram
815 4411 921 4474 oculis
940 4410 1142 4491 angelorum:
1161 4391 1191 4455 ib¹
