2684 4988
340 470 424 522 cnr.
440 470 501 530 vr..
517 469 620 520 vans.
642 455 768 519 16.—n.
783 454 917 538 412[d].
1124 454 1186 537 985

128 638 234 692 Locutus
248 650 288 690 est
298 639 424 704 Jehovah
439 639 472 688 ad
487 638 593 694 Mosen,
607 637 725 686 “Facies
738 652 814 686 meae
826 637 910 692 ibunt.
922 636 1008 684 donec
1017 635 1133 698 quietem
1144 634 1190 685 de·

197 707 262 755 dero
276 706 325 754 tibi
333 704 359 754 :”
377 715 441 754 tunc
455 705 521 753 dixit
537 704 638 761 Moses,
654 703 706 751 “Si
722 718 776 751 non
791 703 873 750 facies
887 712 947 751 tuae
961 710 1035 759 eunt,
1049 715 1083 750 ne
1097 715 1190 749 ucen-

198 773 261 820 dere
273 771 357 820 iacias
370 785 421 819 nos
434 768 552 818 exhinc”
563 769 657 832 (ΕΜ.
669 768 760 817 xxxiii.
774 780 812 826 14,
829 769 884 827 15):

105 921 139 964 roc
153 899 276 965 diuum
294 911 346 964 est
364 902 408 964 ad
426 901 558 975 Mosen,
575 899 651 982 quia
666 899 755 980 apud
771 907 911 980 gentem
928 895 1020 959 illam
1037 893 1189 960 Verbum

107 997 352 1059 onscribendum
368 1005 453 1070 erat,
470 1005 505 1058 et
524 1014 656 1077 quoque
675 994 707 1056 in
725 993 892 1056 historicis
905 990 1010 1055 Verbi
1026 990 1068 1054 de
1084 1001 1189 1073 gente

105 1088 152 1166 lla;
174 1091 250 1173 quia
272 1090 362 1170 apud
387 1089 478 1152 illam
498 1088 641 1151 ecclesia
664 1087 872 1150 instituenda
890 1095 974 1158 erat,
993 1105 1080 1167 quae
1103 1083 1190 1147 foret

105 1183 227 1248 Ecclesia
247 1184 565 1265 Repraesentativa,
583 1183 773 1245 consistens
792 1182 825 1243 in
841 1181 994 1244 externis
1012 1200 1099 1262 quae
1114 1198 1190 1242 cor·

105 1278 326 1359 espondebant
350 1278 511 1355 internis,
535 1287 673 1357 propter
696 1276 779 1338 haec
803 1275 925 1338 dicitur
946 1274 1036 1356 quod
1061 1273 1190 1337 “iacies

105 1387 172 1432 neae
202 1368 325 1432 ibunt'’
354 1386 396 1444 (ae
412 1385 584 1443 quibuspiam
599 1384 725 1429 videantur
738 1384 763 1428 in
777 1382 881 1428 Arcana
898 1382 1045 1434 emarus,
1062 1394 1086 1428 n.
1105 1381 1188 1438 10567.

106 1461 282 1521 instaurata
292 1465 497 1523 explicausonr).
529 1446 597 1511 Sed
609 1448 688 1530 quia
700 1466 786 1528 gens
797 1446 856 1509 iila
867 1445 978 1507 solum
992 1446 1025 1507 in
1035 1445 1191 1507 externis

105 1537 190 1615 Verbi,
208 1541 373 1604 ecclesiae
391 1551 427 1604 et
447 1540 558 1603 cultus
578 1550 662 1612 erat,
682 1550 716 1601 et
741 1558 875 1619 prorsus
894 1557 961 1599 non
985 1538 1019 1599 in
1038 1536 1189 1610 internis,

105 1633 154 1697 deo
171 1635 257 1697 Mosi
275 1655 343 1697 non
363 1635 481 1697 datum
500 1645 554 1698 est
572 1635 686 1697 videre
705 1634 824 1695 faciem
842 1632 988 1703 Domini,
1006 1631 1065 1693 sed
1081 1630 1190 1694 solum

106 1746 219 1810 trgum,
238 1730 424 1793 secundum
444 1730 527 1792 haec
546 1729 636 1810 apud
654 1728 781 1800 Mosen,

133 1862 247 1912 ‘'Dixit''
256 1862 576 1919 Moses,'⁴0stendemihi
585 1876 685 1925 quaeso
692 1861 806 1922 gloriam
815 1869 887 1908 tuam
898 1873 904 1917 ;
917 1859 958 1908 cui
966 1858 1041 1916 dixit,
1051 1857 1108 1921 Ego
1117 1872 1191 1921 prae·

205 1930 285 1978 terire
299 1929 394 1980 taciem
409 1943 491 1976 omne
504 1930 604 1977 bonum
617 1941 706 1976 meum
719 1939 809 1974 coram
828 1934 862 1981 te,
876 1934 904 1973 et
918 1925 1077 1986 praedicabo
1092 1937 1190 1972 nomen

205 1993 324 2059 Jehovae
342 2008 431 2042 coram
451 2004 614 2052 te;....non
632 1993 732 2055 poteris
750 1992 840 2039 videre
858 1990 941 2039 iacies
959 2005 1042 2047 meas,
1061 1989 1124 2051 quia
1135 2003 1190 2036 noo

205 2059 305 2107 videbit
316 2058 361 2106 Me
373 2059 455 2106 homo
464 2068 491 2108 et
503 2059 575 2107 vivet
584 2075 603 2108 :.
614 2095 620 2107 .
630 2095 636 2107 .
647 2071 756 2119 ponam
770 2066 797 2105 te
809 2056 837 2103 in
850 2055 982 2103 toramine
995 2063 1093 2116 petrae,
1105 2063 1132 2102 et
1144 2055 1181 2102 ob

205 2133 294 2185 tegam
308 2139 417 2173 manum
431 2138 518 2172 meam
531 2137 610 2186 super
623 2132 648 2172 te
661 2121 819 2185 usquedum
833 2120 1021 2182 praeterivero,
1036 2129 1062 2168 et
1079 2133 1139 2167 cum
1152 2133 1192 2167 re-

205 2204 316 2237 movero
328 2203 437 2236 manum
448 2203 535 2238 meam
546 2189 649 2237 videbis
667 2188 817 2250 posteriora
834 2201 902 2243 mea,
914 2195 941 2234 at
953 2184 1035 2234 iacies
1048 2199 1123 2233 meae
1136 2198 1191 2232 non

204 2253 386 2303 videbuntur''
398 2253 490 2314 (ΕΜ.
502 2253 593 2304 xxxiii.
607 2252 710 2314 18-23):

104 2373 137 2439 tic
153 2377 426 2458 repraesentabat
449 2377 564 2440 Moses
586 2387 726 2458 gentem
750 2375 855 2447 illam,
880 2374 986 2457 qualis
1005 2384 1057 2438 est
1080 2373 1192 2456 quoad

104 2470 286 2535 atelleStum
303 2472 419 2545 Verbi,
433 2482 467 2534 et
484 2473 562 2534 inde
574 2471 685 2554 quoad
699 2471 877 2534 ecclesiam
895 2479 929 2533 et
947 2469 1085 2542 cultum,
1101 2470 1193 2552 quod

104 2578 198 2646 tempe
215 2566 324 2629 solum
341 2567 373 2627 in
390 2567 541 2629 externis
558 2566 683 2648 absque
700 2567 850 2628 internis.
886 2564 1042 2627 Externa
1058 2583 1192 2644 reprae-

104 2662 298 2724 entabantur
308 2671 343 2723 et
354 2661 628 2741 significabantur
638 2659 1096 2742 per⁴‘posteriora”Jehovae
1106 2679 1193 2740 quae

104 2751 152 2816 isa
166 2755 261 2829 Mosi,
279 2776 316 2818 ac
338 2757 469 2818 interna
487 2775 545 2836 per
560 2757 729 2818 anteriora
745 2766 778 2817 et
796 2774 855 2835 per
872 2760 890 2786 ‘⁴
900 2752 1047 2816 faciem.”
1091 2752 1193 2835 Quod

104 2858 209 2913 ntema
224 2872 311 2932 quae
327 2853 440 2912 insunt
456 2842 609 2913 externis
623 2849 739 2922 Verbi,
756 2849 918 2911 ecclesiae
936 2858 970 2910 et
988 2846 1108 2920 cultus,
1125 2868 1194 2910 non

104 2941 152 3005 tisa
171 2947 236 3007 sint
260 2964 323 3007 nec
347 2945 452 3007 videri
480 2944 650 3025 potuerint
674 2945 769 3025 genti
796 2943 852 3013 ilii,
877 2942 1194 3022 repraesentabatur

103 3044 124 3096 et
145 3037 391 3118 significabatur
414 3057 472 3118 per
496 3037 586 3119 quod
607 3037 752 3099 “Moses
776 3038 906 3118 positus
933 3036 1030 3098 suerit
1053 3037 1084 3098 in
1106 3034 1194 3098 sora·

103 3129 169 3192 nine
184 3131 329 3212 petrae,”
345 3141 380 3193 et
397 3150 456 3212 per
472 3128 730 3193 “obtettionem
747 3150 865 3192 manus
882 3150 985 3212 usque
1002 3129 1080 3191 dum
1098 3148 1195 3209 prae·

104 3221 231 3284 'triverit
242 3220 429 3301 Jehovah.”
464 3237 524 3295 (Sed
532 3237 592 3282 baec
600 3238 703 3295 amplius
711 3237 829 3295 explicata
837 3245 892 3282 sunt
901 3237 925 3281 in
934 3236 1039 3282 Arcanir
1049 3236 1196 3293 Caelestihr,

103 3321 150 3359 aru
189 3327 217 3360 -1
250 3318 264 3361 8

147 3317 422 3466 [sassPiieterea
440 3383 571 3447 “facies
586 3383 739 3464 Jehovae
750 3381 765 3406 ”
781 3402 840 3444 seu
858 3382 1008 3455 Domini,
1021 3382 1099 3464 quia
1115 3391 1196 3443 sunt

105 3480 211 3537 uterna
223 3475 340 3548 Verbi,
351 3475 515 3538 ecclesiae
529 3485 563 3538 et
580 3475 701 3548 cultus,
716 3484 794 3536 sunt
811 3475 989 3554 praecipue
1003 3484 1147 3535 externa
1162 3473 1195 3534 in

103 3567 198 3643 quibus
215 3569 359 3641 interna,
379 3570 537 3651 quoniam
558 3570 690 3630 interna
709 3589 744 3629 se
764 3564 908 3648 speetari
928 3567 1054 3629 faciunt
1077 3568 1109 3628 in
1133 3586 1195 3628 ex-

103 3662 196 3734 ternis,
215 3663 300 3725 sicut
321 3663 454 3724 interna
477 3661 621 3724 hominis
643 3662 676 3723 in
699 3661 783 3723 facie
802 3672 836 3724 et
857 3660 1004 3724 vultibus
1024 3659 1112 3740 ejus:
1136 3659 1196 3722 sed

103 3763 168 3826 gens
191 3755 330 3836 Judaica
351 3754 430 3818 talis
452 3765 524 3818 erat
553 3764 590 3817 ut
621 3755 723 3817 modo
747 3766 893 3817 externa
920 3751 1135 3834 speetaverit,
1161 3762 1197 3815 et

103 3856 213 3918 prorsus
233 3868 301 3912 non
322 3851 478 3925 interna;
501 3858 536 3911 et
556 3858 700 3910 externa
718 3845 871 3929 speetare
891 3858 926 3911 et
947 3867 1013 3909 non
1032 3846 1130 3909 simul
1147 3848 1197 3907 in·

103 3943 189 4015 terna,
205 3963 262 4005 seu
278 3953 424 4005 externa
441 3943 566 4023 absque
585 3942 736 4020 internis,
754 3952 805 4004 est
822 3943 908 4004 sicut
925 3937 1078 4022 speeiare
1095 3942 1197 4002 simu·

105 4022 229 4099 lachrum
252 4037 399 4100 hominis
425 4036 515 4117 quod
542 4035 669 4117 absque
692 4035 784 4109 vita;
817 4046 853 4097 at
876 4046 1022 4097 externa
1044 4031 1198 4114 speetare
1268 4044 1274 4053 '

107 4132 138 4182 et
152 4129 236 4193 simul
266 4133 401 4194 interna
424 4150 482 4192 seu
505 4138 651 4191 externa
673 4128 717 4191 ab
740 4127 891 4202 internis,
916 4137 968 4190 est
991 4128 1077 4190 sicut
1101 4146 1198 4207 spec·

109 4217 163 4280 t²re
183 4222 350 4287 hominem
380 4223 514 4285 vivum:
549 4221 615 4286 hoc
645 4223 759 4304 itaque
789 4230 842 4284 est
872 4221 904 4284 in
935 4221 1070 4302 proprio
1099 4239 1200 4281 sensu

111 4305 220 4381 “videre
242 4318 362 4381 faciem
384 4314 564 4397 Jehovae,”
582 4337 640 4379 seu
661 4315 863 4396 “deprecari
886 4314 986 4378 facies
1010 4311 1147 4394 Ipsius,’'
1165 4312 1200 4373 in

113 4391 172 4469 locis
192 4431 289 4492 supra
314 4408 479 4474 adduttis.
533 4408 702 4491 Quoniam
733 4411 866 4472 interna
891 4407 1006 4482 Verbi,
1035 4405 1201 4469 ecclesiae
