2684 4988
122 487 202 555 1050
427 488 676 540 APOCALYPSIS
698 487 923 538 EXPLICATA.

118 655 266 718 creditur
282 677 355 719 esse
371 656 454 721 fides
470 679 556 740 quae
571 657 682 722 salvat
700 658 885 729 hominem,
902 675 943 718 ac
961 673 1029 717 non
1045 651 1125 714 velle
1137 647 1190 713 illud

117 759 152 812 et
171 748 280 812 lacere
297 751 389 824 illud,
407 751 472 814 hoc
489 761 552 825 est,
570 752 684 814 vivere
700 751 884 814 secundum
901 748 996 820 illud,
1015 747 1125 809 existit
1138 744 1191 806 hae·

117 843 200 905 resis
216 843 381 907 damnosa
396 845 487 926 quod
507 844 579 908 sola
595 845 678 908 fides
694 845 804 907 salvet
820 842 1064 926 qualiscunque
1079 840 1138 900 vita
1148 844 1190 905 est,

117 945 152 999 et
174 937 265 1019 quod
289 938 388 1001 detur
410 938 492 1001 fides
515 939 641 1020 absque
663 940 753 1015 vita;
781 956 858 1000 cum
882 947 1001 999 tamen
1030 934 1061 996 id
1086 950 1142 993 non
1157 939 1191 1035 est

117 1028 209 1103 fides,
235 1032 294 1093 sed
323 1032 425 1094 modo
448 1032 590 1095 scientia
612 1032 762 1095 residens
785 1041 886 1094 extra
909 1029 1081 1091 hominem
1101 1027 1191 1102 ineps

117 1126 289 1199 memoria,
314 1136 349 1188 et
373 1146 440 1188 non
466 1115 555 1189 ir'rtra
581 1126 674 1188 illum
702 1127 734 1188 in
758 1125 848 1199 vita;
876 1133 911 1185 et
935 1123 962 1184 si
986 1121 1067 1184 illud
1088 1127 1191 1180 vocatur

117 1216 210 1290 fides,
230 1229 283 1281 est
307 1218 390 1281 fides
413 1219 583 1293 historica,
604 1239 690 1301 quae
709 1217 791 1281 fides
810 1227 863 1280 est
882 1216 966 1279 fides
986 1214 1118 1277 alterius
1133 1207 1191 1316 apud

116 1330 172 1388 se,
195 1322 231 1375 et
251 1331 318 1374 non
338 1314 427 1394 prius
446 1314 551 1375 vitam
571 1314 705 1395 accipit,
725 1331 826 1394 quam
849 1329 925 1373 cum
950 1309 983 1370 id
1007 1308 1093 1390 quod
1114 1305 1192 1367 hausit

17 1466 19 1469 ,
116 1405 187 1485 ipse
203 1406 297 1468 videt
316 1406 406 1486 quod
425 1426 540 1469 verum
559 1407 614 1478 sit,
631 1416 666 1468 et
686 1415 766 1468 tunc
786 1406 929 1486 primum
949 1402 1043 1464 videt
1062 1419 1130 1462 curn
1143 1393 1191 1458 vult

116 1497 198 1560 illud
222 1518 297 1561 cum
324 1499 403 1562 facit
431 1498 523 1561 illud.
569 1498 654 1562 Cum
677 1497 735 1560 illa
758 1497 907 1560 haeresis
935 1494 1118 1566 invalescit,
1137 1499 1191 1552 tunc

116 1591 322 1655 annihilatur
340 1593 489 1655 charitas
508 1613 593 1675 quae
612 1601 664 1654 est
689 1591 815 1654 bonum
834 1592 937 1661 vitae,
958 1599 994 1652 et
1019 1588 1144 1651 tandem
1157 1601 1191 1644 re

112 1685 225 1765 jicitur
244 1687 330 1749 sicut
350 1706 416 1748 non
440 1686 630 1749 essentialis
649 1685 693 1748 ad
716 1684 882 1747 salutem:
908 1683 973 1745 hoc
995 1686 1191 1763 repraesenta·

117 1788 189 1839 tum
208 1789 260 1841 est
278 1800 336 1860 per
354 1779 444 1861 quod
465 1778 589 1842 Cainus
607 1779 769 1841 occiderit
787 1776 936 1840 Abelem
955 1776 1091 1838 fratrem
1108 1787 1191 1875 suurn

117 1871 199 1934 fides
216 1873 305 1934 enim
322 1883 356 1935 et
374 1873 533 1945 charitas,
548 1892 606 1934 seu
623 1891 738 1934 verum
755 1870 831 1933 fidei
847 1880 882 1933 et
900 1870 1029 1931 bonum
1042 1867 1191 1930 charitatis.

116 1966 273 2027 dicuntur
293 1965 466 2028 “fratres’'
485 1966 518 2028 in
538 1965 665 2039 Verbo,
683 1975 719 2027 ut
743 1985 844 2046 supra
868 1960 997 2053 dictum
1021 1971 1081 2025 est.
1122 1952 1191 2038 Quod

118 2058 299 2140 “Jehovah
313 2061 461 2140 posuerit
479 2057 586 2122 Caino
598 2059 733 2140 signum
750 2078 792 2120 ne
808 2055 1051 2130 occideretur,”
1060 2049 1191 2134 significat

115 2153 205 2233 quod
224 2153 419 2215 distinxerit
443 2152 486 2213 ab
504 2151 588 2226 aliis,
607 2161 642 2214 et
660 2151 751 2232 quod
772 2151 1038 2222 conservaverit,
1055 2148 1125 2230 quia
1136 2142 1192 2207 ides

116 2245 264 2308 salvifica
281 2265 348 2307 non
365 2246 435 2307 dari
452 2255 567 2326 potest
585 2245 646 2306 nisi
659 2244 842 2326 praecedat
859 2242 944 2305 fides
958 2243 1124 2314 historica,
1134 2252 1192 2318 quae

116 2349 168 2401 est
192 2340 344 2420 cognitio
367 2357 476 2400 rerum
500 2337 664 2400 ecclesiae
687 2347 722 2400 et
747 2337 832 2400 caeli
854 2337 898 2399 ab
921 2336 1017 2413 aliis;
1044 2334 1143 2404 verbo,
1157 2336 1192 2390 est

115 2433 256 2494 scientia
280 2431 398 2494 talium
421 2451 507 2513 quae
531 2439 652 2511 postea
675 2428 752 2493 fidei
776 2440 895 2506 erunt;
928 2431 992 2491 nisi
1016 2430 1101 2492 enim
1121 2426 1193 2488 hono

114 2545 158 2586 ex
171 2524 311 2586 infantia
324 2525 456 2587 hauriat
469 2545 548 2586 vera
561 2545 605 2586 ex
617 2523 744 2596 Verbo,
759 2524 812 2586 vel
826 2544 872 2585 ex
885 2520 1042 2585 doctrina
1054 2517 1191 2584 ecclesiae.

113 2617 166 2680 vel
183 2639 228 2681 ex
246 2619 508 2700 praedicatione,
523 2617 609 2680 foret
627 2636 773 2692 vacuus;
798 2626 832 2679 et
850 2617 882 2677 in
898 2616 1072 2678 hominem
1088 2622 1193 2675 vacuum

114 2731 181 2773 non
197 2713 288 2774 cadit
306 2713 459 2793 operatio
475 2721 510 2773 et
528 2730 595 2772 non
612 2711 713 2772 datur
726 2710 871 2771 influxus
884 2731 903 2771 e
916 2708 1015 2772 caelo
1032 2730 1051 2770 a
1065 2704 1193 2769 uomitu

113 2815 271 2885 operatur
287 2807 376 2868 enim
401 2815 435 2868 et
459 2804 566 2867 influit
587 2803 754 2866 Dominus
773 2824 832 2885 per
852 2804 980 2866 bonum
999 2804 1032 2864 in
1048 2821 1121 2863 vera
1133 2788 1193 2876 apud

112 2896 295 2971 hominem,
316 2909 350 2960 et
382 2898 556 2978 conjungit
584 2897 652 2970 illa,
672 2908 707 2960 et
736 2898 816 2960 iacit
844 2907 880 2959 ut
910 2897 1061 2959 charitas
1086 2904 1118 2955 et
1138 2887 1194 2950 fides

112 3010 213 3052 unum
237 2994 323 3053 sint:
356 3013 400 3053 ex
430 2991 481 3053 his
505 3002 663 3053 constare
690 3001 807 3072 potest
835 2990 916 3072 quid
945 2988 1112 3070 significat
1133 2974 1194 3063 quod

114 3082 295 3162 “Jehovah
315 3087 464 3164 posuerit
485 3083 592 3147 Caino
612 3085 757 3164 signum,
779 3103 821 3146 ne
845 3085 920 3164 quis
940 3083 1101 3145 occiderit
1122 3076 1194 3173 illum,

111 3178 224 3257 etqui
252 3178 413 3240 occiderit
441 3177 636 3258 septuplum
660 3176 918 3239 vindicaretur.”
976 3177 1143 3239 Praeterea
1164 3161 1195 3228 ill

111 3269 165 3348 qui
185 3269 292 3330 solum
311 3272 343 3330 in
362 3269 426 3332 fide
443 3270 608 3332 historica
624 3280 714 3342 sunt,
733 3268 798 3332 hoc
818 3280 882 3343 est,
901 3271 936 3331 in
953 3271 1096 3331 scientia
1112 3261 1194 3328 talium

110 3381 195 3441 quae
211 3361 298 3434 fidei,
316 3364 371 3443 qui
390 3375 470 3425 sunt
491 3362 669 3426 “Cainus”
688 3384 748 3425 seu
767 3383 855 3445 quae
871 3373 925 3425 est
945 3360 1125 3431 “Cainus,”
1139 3370 1194 3418 con·

110 3464 286 3515 servantur
305 3456 409 3517 etiam
428 3458 505 3536 quia
524 3457 646 3519 docere
664 3470 807 3538 possunt
828 3456 914 3518 alios
932 3478 1015 3520 vera
1039 3477 1082 3519 ex
1101 3448 1194 3516 Verbo,

109 3544 234 3606 docent
254 3548 342 3607 enim
363 3569 408 3609 ex
429 3551 600 3611 memoria.

170 3634 232 3715 [ln]
265 3636 436 3714 Quoniam
461 3638 606 3700 “frons''
631 3640 883 3720 correspondet
911 3642 1008 3704 bono
1035 3639 1153 3704 amoris,
1169 3645 1193 3691 ac

109 3723 184 3785 ideo
199 3725 364 3787 Dominus
380 3750 424 3790 ex
440 3730 562 3792 Divino
576 3730 705 3792 Amore
722 3733 844 3811 aspicit
862 3733 1013 3813 angelos
1026 3744 1060 3795 et
1077 3727 1194 3794 homines

108 3816 141 3875 in
166 3816 287 3892 fronte,
317 3830 352 3881 ut
382 3842 481 3902 supra
509 3819 635 3884 dictum
663 3835 728 3895 est,
758 3825 836 3887 ideo
868 3827 1073 3890 mandatum
1099 3830 1151 3889 est,
1170 3819 1194 3873 ll

108 3906 243 3970 bractea
260 3932 304 3971 ex
322 3933 404 3990 puro
420 3935 511 3987 auro,
530 3935 630 3995 super
645 3937 711 3996 qua
730 3920 897 3999 scriptum
917 3931 1014 3983 esset
1033 3911 1194 3982 “saunitas

107 3998 285 4076 Jehovae,”
299 4017 480 4083 poneretur
493 4028 593 4087 super
605 4010 709 4070 cidari
724 4010 900 4073 Aharonis
913 4033 932 4076 e
946 4016 1087 4095 regione
1099 4002 1194 4074 frontis,

107 4090 150 4151 de
168 4111 233 4170 qua
253 4095 300 4154 ita
320 4099 409 4174 apud
428 4099 555 4172 Mosen,

158 4222 174 4242 ‘⁴
184 4220 275 4269 Facies
285 4223 429 4281 bradteam,
440 4243 534 4276 aurum
549 4245 653 4290 purum,
665 4243 692 4281 et
705 4235 813 4296 sculpes
826 4251 909 4297 super
919 4238 967 4286 illa
979 4238 1119 4301 sculpturis
1128 4220 1193 4296 §illul

236 4286 371 4336 Sanctitas
381 4291 500 4351 jehovae
511 4308 516 4348 ;
534 4304 561 4342 et
575 4310 660 4355 pones
669 4312 729 4346 eam
741 4314 822 4360 super
832 4301 878 4349 filo
888 4303 1062 4363 hyacinthini
1065 4337 1126 4358 .....
1130 4300 1195 4348 Μ’·

236 4365 288 4397 one
303 4352 429 4402 facierum
445 4358 542 4405 cidaris
556 4361 614 4417 erit,
631 4371 660 4409 ut
675 4364 710 4410 sit
725 4378 806 4424 super
817 4365 910 4414 fronte
927 4369 1088 4422 Aharonis..
1098 4361 1194 4428 ..dllllfi

236 4428 315 4472 super
329 4416 418 4465 fronte
432 4421 491 4480 ejus
505 4421 613 4482 jugiter,
626 4426 653 4472 in
669 4428 869 4489 beneplacitum
883 4428 967 4482 [lillis
983 4449 1074 4483 coram
1085 4421 1180 4497 Jelovu

235 4476 328 4535 (Exod.
340 4482 431 4531 xxviii.
445 4486 550 4545 36-38):
