2684 4988
303 437 383 538 cm.
400 489 474 550 vu„
493 489 596 540 vens.
616 489 725 558 5.—u.
739 475 862 561 433[e].
1063 480 1142 560 1087

104 656 127 717 >d
146 675 211 718 non
234 656 269 718 in
294 666 421 720 terram
440 656 637 723 Canaanem
657 656 840 722 introduffi
862 659 984 723 fuerint
1004 670 1144 742 propter

104 771 169 813 uam
185 751 299 814 cordis
315 752 507 815 bonitatem
523 762 558 816 et
571 752 749 834 justitiam,
767 753 828 816 sed
844 764 983 836 propter
999 756 1142 836 promis·

104 867 152 908 em
171 844 295 909 saetam
315 848 468 927 patribus
487 867 614 922 eorum,
634 848 724 929 apud
741 847 868 923 Mosen,

104 977 160 1027 Non
170 988 280 1041 propter
288 979 418 1041 justitiam
431 989 514 1036 tunm,
525 989 552 1029 et
564 990 674 1043 propter
685 977 870 1031 rectitudinem
880 982 969 1033 cordis
981 983 1018 1032 tui
1031 991 1059 1031 tu
1069 983 1143 1032 veni·

150 1059 199 1093 ens
208 1045 244 1093 ad
253 1046 447 1106 possidendum
459 1055 557 1094 tetrum
560 1082 631 1103 .....
636 1047 683 1095 sed
692 1057 721 1096 ut
733 1048 851 1096 stabiliat
861 1049 971 1096 verbum
981 1049 1053 1111 quod
1063 1047 1143 1113 Jeito-

150 1111 202 1158 vah
214 1109 314 1172 juravit
329 1111 448 1172 patribus
463 1111 523 1168 tuis,
538 1111 701 1169 Abraham,
717 1111 795 1161 Isaeo
807 1121 833 1161 et
844 1111 961 1177 Jacobo:
981 1128 1062 1176 quare
1075 1115 1142 1163 scito

150 1176 221 1238 quod
235 1190 291 1224 non
304 1184 413 1237 propter
424 1176 555 1238 justitiam
568 1186 640 1224 tuam
653 1175 774 1241 Jehovah
792 1175 864 1226 Deus
880 1188 940 1227 tuus
951 1178 1019 1227 dans
1032 1179 1078 1227 tibi
1092 1188 1143 1227 ter-

150 1254 207 1288 tam
217 1243 317 1289 bonam
331 1242 399 1290 hanc
411 1242 446 1290 ad
459 1242 652 1303 possidendum
664 1257 733 1301 enm,
744 1243 807 1306 quia
819 1243 934 1305 populus
946 1243 1029 1292 durus
1040 1243 1143 1293 cervice

150 1315 179 1355 tu
187 1305 201 1323 ”
210 1306 314 1367 (Dente.
327 1307 362 1356 ix.
376 1318 398 1366 5,
410 1307 444 1368 ὁ).

104 1436 123 1499 d
141 1436 235 1499 nulla
254 1437 421 1500 ecclesiae
439 1458 519 1501 vera
543 1446 578 1502 et
600 1438 692 1502 bona
714 1438 836 1502 fuerint
859 1438 949 1521 apud
972 1439 1059 1515 illos,
1080 1442 1140 1504 sed

104 1581 106 1589 ,
124 1540 158 1595 et
177 1531 279 1606 mala,
298 1542 396 1613 patet
415 1552 460 1594 ex
477 1532 594 1595 Verbo
610 1533 665 1595 ubi
681 1534 794 1614 agitur
813 1533 857 1596 de
874 1534 1141 1602 scortationibus

104 1625 249 1688 iulteriis
267 1646 386 1689 eorum

104 1759 167 1872 ipat}
179 1758 329 1887 J)eremiam‚
343 1774 401 1822 cap.
415 1759 453 1810 iii.
468 1771 479 1807 1
493 1760 528 1809 ad
543 1759 600 1819 fin.;
618 1769 645 1809 et
659 1761 730 1824 apud
741 1760 906 1820 Ezechielem,
920 1776 978 1825 cap.
992 1762 1065 1814 xxiii.
1081 1775 1093 1812 1
1107 1764 1141 1812 ad

168 1840 194 1873 n.
217 1841 222 1874 :

104 1958 358 2020 “scortationes
369 1957 384 1981 '‘
403 1967 438 2022 et
464 1957 685 2022 “adulteria''
707 1959 740 2021 in
764 1957 882 2023 Verbo
904 1960 1141 2042 intelliguntur

104 2047 275 2112 ficationes
291 2050 363 2111 veri
382 2059 416 2111 et
433 2049 707 2113 adulterationes
725 2049 807 2113 boni
823 2067 1061 2127 (videatursupran.
1074 2069 1140 2130 141.

108 2158 115 2200 :
137 2149 349 2221 quapropter
367 2159 387 2200 a
406 2137 557 2201 Domino
575 2149 746 2202 vocantur

104 2268 241 2318 Generatio
253 2270 376 2318 adultera
382 2268 397 2287 '’
408 2268 517 2330 (Mami.
528 2270 574 2318 xii.
587 2281 633 2332 393
651 2271 736 2321 Marc.
749 2271 803 2321 viii.
816 2271 873 2333 38):

104 2345 225 2399 tquoque
238 2335 276 2384 illi
290 2337 306 2357 “
314 2335 387 2398 pieni
399 2336 542 2398 hypocrisi,
555 2336 695 2400 iniquitate
704 2345 731 2385 et
743 2337 911 2386 immunditie
920 2336 934 2356 '’
945 2336 1054 2398 (Mane.
1064 2338 1137 2387 xxiii.

104 2401 437 2592 ‘qffggivimditiffm
455 2480 517 2514 suas
535 2465 738 2516 falsificavetint
755 2466 874 2516 Verbum
892 2466 1001 2530 (Μαῖα.
1015 2483 1060 2518 xv.
1076 2468 1140 2526 1-6;

183 2548 235 2581 arc.
247 2546 293 2580 vn.
308 2543 371 2590 1-14
390 2548 395 2580 :

104 2645 201 2726 pertis
216 2644 329 2708 verbis
348 2644 437 2725 apud
457 2644 657 2720 Jolmnnem,

104 2759 153 2810 Vos
164 2774 197 2809 ex
210 2770 287 2822 patre
299 2761 407 2809 diabolo
419 2762 493 2818 estis,
508 2772 534 2810 et
546 2761 679 2810 desideria
691 2763 773 2824 patris
785 2762 867 2811 vestri
880 2763 960 2812 vultis
973 2762 1078 2822 iacere;
1096 2765 1140 2814 ilie

150 2827 285 2874 homicida
299 2836 356 2875 erat
370 2828 404 2874 ab
419 2827 504 2884 initio,
519 2836 546 2875 et
560 2828 587 2874 in
603 2829 713 2875 veritate
728 2843 782 2876 non
798 2828 880 2886 stetit,
895 2829 957 2891 quia
971 2843 1026 2877 non
1041 2830 1140 2880 veritas

151 2891 178 2940 in
188 2892 235 2940 illo
245 2906 251 2949 ;
267 2892 374 2954 quando
384 2891 500 2954 loquitur
510 2893 687 2949 mendacium,
697 2906 730 2941 ex
738 2893 853 2955 propriis
863 2894 986 2957 loquitur,
996 2894 1059 2959 quia
1066 2910 1141 2944 men·
1152 2921 1155 2926 ·

150 2958 254 3005 dacium
268 2957 382 3019 loquens
393 2966 470 3006 estet
483 2966 558 3019 pater
570 2957 629 3020 ejus
638 2957 652 2976 '’
664 2958 729 3018 (viii.
742 2960 799 3020 44):

104 3087 365 3153 “mendacium‘'
384 3089 586 3170 intelligitur
608 3089 728 3153 falsum
751 3110 796 3152 ex
816 3090 929 3168 malo;
960 3112 1019 3174 per
1040 3092 1140 3156 “dia-

104 3183 160 3247 m’'
175 3181 361 3247 exstintfiio
377 3185 487 3247 omnis
506 3185 605 3261 boni;
630 3205 689 3266 per
706 3190 725 3216 ‘⁶
737 3184 943 3248 homicidam
954 3186 969 3210 ”
986 3187 1139 3250 exstinc-

105 3281 206 3342 omnis
233 3280 324 3356 veri;
355 3299 413 3361 pet
441 3278 626 3361 “patrem”
652 3278 890 3361 intelliguntur
917 3290 988 3343 tam
1015 3282 1071 3362 qui
1097 3283 1141 3344 ab

104 3393 271 3457 tunquam
290 3374 346 3456 qui
369 3393 389 3435 a
412 3373 634 3454 generatione
658 3373 724 3435 ista
747 3375 835 3455 prius
859 3395 963 3455 usque
986 3395 1006 3436 a
1025 3376 1140 3456 primis

105 3469 231 3549 poribus
254 3469 434 3544 vixerunt;
467 3473 540 3530 “ex
564 3468 706 3549 propriis
729 3466 846 3550 loqui”
864 3479 917 3531 est
942 3490 986 3532 ex
1009 3470 1139 3532 innato.
1217 3492 1223 3508 ·

104 3563 192 3626 tdsic
212 3582 315 3626 omne
338 3561 504 3625 ecclesiae
523 3562 611 3643 apud
636 3561 712 3624 illos
735 3561 948 3644 deperditum
969 3563 1079 3639 suerit,
1100 3584 1138 3627 ac

104 3657 241 3741 ›tejedti
261 3666 401 3722 constat
420 3656 509 3739 apud
526 3656 680 3732 Esaiam,

108 3790 230 3843 Dominus
240 3789 388 3856 1¹1Jehovah
401 3791 519 3840 Zebaoth
532 3806 676 3840 removens
686 3805 719 3839 ex
733 3790 925 3854 Hierosolyma
936 3801 963 3840 et
975 3806 1008 3840 ex
1017 3790 1139 3856 Jehudah

151 3861 272 3909 baculum
285 3871 313 3908 et
325 3856 507 3920 (decipientem.
522 3872 630 3905 omnem
645 3857 766 3905 baculum
780 3858 865 3919 panis,
880 3868 906 3905 et
921 3872 1030 3906 omnem
1043 3859 1140 3920 scipio-

151 3941 209 3974 nem
220 3940 315 3988 aqnne,
328 3924 424 3972 fortem
437 3935 463 3971 et
473 3925 557 3971 virum
569 3923 639 3978 belli,
650 3922 767 3984 judicem
780 3932 806 3970 et
819 3923 986 3985 prophetam,
999 3933 1025 3971 et
1037 3924 1140 3972 divina-

150 4002 233 4040 torem
244 4001 272 4039 et
284 4005 377 4039 senem
389 4007 407 4038 :.
418 4027 424 4038 .
435 4027 441 4039 .
451 4003 524 4038 .nam
539 3989 648 4050 impegit
664 3988 853 4050 Hierosolyma
864 3998 891 4036 et
900 3986 1022 4052 Jehudah
1035 3989 1136 4046 cecidit.

149 4059 210 4120 quia
222 4058 316 4119 lingua
327 4070 419 4103 eorum
430 4066 455 4103 et
468 4070 550 4116 opera
559 4068 651 4102 eorum
664 4064 758 4102 contra
766 4053 898 4118 Jehovam
908 4054 942 4102 ad
955 4054 1138 4104 rebellandum

149 4123 232 4172 oculis
245 4121 348 4184 gloriae
362 4120 449 4184 Ipsius
457 4120 471 4138 '’
483 4122 528 4181 (iii.
544 4133 564 4177 1,
577 4132 600 4178 2,
613 4120 651 4181 8):

104 4273 221 4317 novere
245 4273 385 4316 omnem
408 4252 564 4315 baculum
588 4253 684 4334 panis
708 4261 743 4314 et
767 4270 903 4314 omnem
924 4248 1137 4333 ¹¹¹scipi0nem

106 4351 146 4414 e’'
169 4348 342 4432 signifieat
370 4368 470 4410 omne
498 4348 624 4409 bonum
652 4348 776 4408 amoris
804 4356 838 4408 et
863 4366 979 4409 verum
1006 4345 1094 4421 fidei,
1119 4367 1139 4409 a

104 4467 133 4521 ts
161 4447 236 4509 vita
270 4443 474 4525 spiritualis3
515 4441 662 4524 “panis”
692 4451 744 4504 est
779 4440 906 4504 bonum
936 4441 1070 4517 amoris,
1102 4449 1138 4504 et
