2684 4988
377 465 468 519 cnr.
485 467 547 532 v1.,
563 468 667 521 vans.
682 458 794 523 orn.
813 460 932 545 37⁶[eJ.
1155 482 1219 550 779

121 631 254 696 neudum
272 643 334 697 est
355 635 456 717 quod
479 637 596 700 omnia
614 639 777 703 miracula
796 662 816 704 a
840 642 988 707 Domino
1011 643 1110 721 sacta,
1130 649 1216 712 sicut

124 728 202 791 onnia
217 728 389 793 miracula
412 730 459 793 ab
483 730 625 812 Ipso.de
644 734 763 814 quibus
786 737 819 798 in
839 736 959 801 Veteri
978 738 1215 820 Testamento,

126 821 355 904 significaverint
382 825 469 889 talia
487 846 574 907 quae
595 826 681 890 caeli
703 840 739 892 et
762 829 928 894 ecclesiae
951 843 1041 907 sunt,
1062 832 1127 898 hoc
1151 847 1215 907 est,

128 917 188 998 quod
201 919 285 980 intus
306 921 548 983 continuerint
567 919 635 994 illa,
656 931 692 985 et
710 925 801 1005 quod
824 925 902 987 inde
921 926 1084 989 miracula
1108 928 1216 1009 Ipsius

131 1008 216 1071 lllvlna
224 1009 351 1073 luerint
363 1026 516 1082 (viduarum
524 1028 628 1074 Armis
636 1031 782 1083 caelestibus,
788 1045 812 1076 n.
818 1045 887 1089 7337,
895 1033 962 1090 8364,
970 1030 1079 1093 l¹l9051);
1096 1018 1214 1079 simill-

132 1100 220 1163 terhoc
231 1102 434 1165 miraculum
447 1124 455 1178 ;
471 1113 507 1166 et
518 1124 577 1184 per
586 1109 605 1135 ‘⁸
615 1107 751 1186 nuptias
759 1105 774 1129 '’
785 1107 828 1168 ibi
839 1101 1048 1187 significatur
1058 1109 1214 1179 ecclesia.

133 1204 155 1255 u
165 1197 270 1275 passim
287 1195 369 1258 alibi
386 1198 420 1259 in
438 1196 576 1274 Verb03
603 1199 664 1260 “in
681 1198 784 1262 Kana
801 1199 975 1263 Galilaeae
983 1201 998 1225 ”
1016 1200 1213 1283 [significat]

133 1289 192 1370 apud
206 1299 344 1370 gentes;
369 1299 405 1353 et
425 1311 485 1372 per
502 1292 676 1372 “aquam’'
692 1292 900 1374 significatur
912 1315 1031 1376 ‘verum
1051 1294 1215 1358 ecclesiae

133 1394 260 1447 externae
285 1384 389 1466 quale
418 1383 481 1448 suit
506 1405 624 1448 verum
652 1386 830 1450 Ecclesiae
855 1387 1015 1467 Judaicae
1043 1409 1087 1450 ex
1116 1409 1215 1450 sensu

135 1474 234 1539 litterae
249 1476 365 1550 Verbi,
383 1488 419 1541 et
435 1500 496 1561 per
513 1485 532 1510 “
543 1481 655 1542 vinum
665 1481 679 1503 ”
695 1479 904 1561 significatur
919 1500 1034 1544 verum
1051 1481 1214 1544 ecclesiae

134 1569 261 1644 internae,
274 1571 375 1654 quale
388 1581 442 1635 est
455 1592 570 1635 verum
587 1572 764 1636 Ecclesiae
778 1573 991 1637 Christianae
1004 1596 1012 1652 ;
1035 1574 1113 1638 inde
1125 1577 1215 1657 quod

135 1660 265 1726 Dominus
279 1670 430 1748 “aquam
447 1665 564 1729 lecerit
576 1666 714 1729 vinum”
726 1667 896 1749 significat
910 1669 999 1750 quod
1013 1690 1091 1731 vera
1104 1668 1213 1731 eccle-

134 1757 181 1819 siae
204 1769 362 1821 externae
392 1758 509 1822 secerit
537 1781 616 1823 vera
645 1762 811 1824 ecclesiae
841 1763 1004 1835 internae,
1033 1762 1215 1843 aperiendo

134 1849 233 1914 interna
251 1874 334 1936 quae
357 1854 391 1916 in
411 1853 477 1915 illis
497 1854 687 1919 latuerunt:
712 1878 771 1937 per
793 1856 958 1936 “hydrias
978 1876 1039 1917 sex
1064 1855 1214 1936 lapideas

133 1947 231 2025 positas
238 1947 336 2028 juxta
349 1948 606 2012 mundationem
617 1948 821 2030 ludaeorum
830 1949 845 1973 '’
858 1948 1089 2031 significantur
1102 1949 1214 2010 omnia

132 2039 174 2102 illa
185 2041 211 2103 in
222 2041 336 2105 Verbo
351 2052 387 2105 et
402 2042 482 2105 inde
498 2043 531 2104 in
548 2042 705 2106 Ecclesia
719 2043 859 2124 Judaica
875 2053 911 2106 et
928 2042 998 2123 ejus
1010 2041 1114 2114 cultu,
1129 2062 1214 2123 quae

133 2137 217 2197 omnia
233 2148 328 2198 erant
347 2137 639 2218 repraesentativa
658 2146 693 2199 et
712 2136 936 2218 significativa
961 2136 1157 2199 Divinorum
1182 2137 1213 2196 in

133 2223 250 2291 Domino
275 2239 310 2292 et
336 2250 357 2291 a
385 2229 545 2304 Domino,
569 2250 654 2311 quae
678 2230 902 2293 continebant
930 2230 1082 2306 interna;
1112 2250 1214 2311 quare

134 2322 208 2384 etiam
233 2323 363 2387 fuerunt
392 2330 484 2386 “sex
511 2345 556 2387 ex
586 2323 697 2406 lapide
724 2325 856 2405 positae
886 2324 929 2386 ad
959 2324 1213 2387 mundationem

131 2411 299 2491 ludaeorum
313 2416 340 2495 ;”
355 2437 513 2480 numerus
525 2424 544 2449 “
553 2438 615 2480 sex
623 2416 638 2440 ”
648 2416 817 2498 significat
830 2419 943 2480 omnia
956 2427 990 2480 et
1003 2418 1215 2499 praedicatur

135 2506 249 2585 deveris,
260 2511 396 2594 “lapis''
407 2510 575 2592 significat
586 2531 712 2584 verum,
724 2532 762 2575 ac
775 2518 793 2543 ‘⁶
804 2511 979 2575 mundatio
988 2511 1190 2592 Judaeorum
1199 2511 1215 2534 '’

135 2601 267 2682 significat
293 2603 563 2689 purificationem
590 2626 610 2668 a
636 2606 799 2686 peccatis,
823 2606 872 2667 ita
898 2606 1011 2667 omnia
1039 2604 1214 2668 Ecclesiae

135 2692 277 2777 Judaicae;
305 2719 384 2763 nam
408 2698 553 2763 ecclesia
576 2695 708 2781 spectat
730 2697 998 2780 purificationem
1022 2719 1041 2759 a
1065 2700 1215 2779 peccatis

136 2798 161 2851 ut
169 2812 251 2859 omne
264 2815 371 2869 suum,
382 2803 547 2878 quantum
560 2794 649 2856 enim
659 2793 732 2875 quis
745 2791 935 2874 purificatur
948 2792 1068 2855 abillis
1082 2803 1214 2855 tantum
1283 2867 1287 2875 ¹

137 2888 325 2953 estecclesia:
342 2886 707 2971 per“architriclinum
715 2886 731 2909 ''
741 2886 978 2967 intelliguntur
988 2887 1043 2968 qui
1054 2887 1086 2948 in
1097 2889 1214 2968 cogni-

137 2977 249 3044 tionibus
260 2985 330 3046 veri
344 2992 423 3046 sunt
436 3004 444 3060 ;
463 2981 553 3064 quod
566 2982 689 3043 dixerit
703 2981 746 3043 ad
763 3000 935 3062 sponsum,
951 2986 970 3011 ‘⁴
981 2978 1101 3043 Omnis
1114 2981 1217 3044 homo

137 3072 214 3151 pino
239 3076 364 3140 bonum
391 3077 505 3138 vinum
533 3075 685 3157 apponit,
712 3084 747 3137 et
775 3074 911 3155 quando
941 3084 995 3137 sat
1025 3075 1215 3147 habuerint,

138 3164 223 3250 vllius;
246 3182 283 3237 tu
304 3170 488 3235 reservasti
514 3171 640 3233 bonum
663 3169 776 3230 vinum
803 3167 867 3232 huc
892 3168 1025 3251 usque,”
1049 3167 1217 3249 significat

139 3264 201 3337 quod
216 3267 320 3331 omnis
339 3265 486 3329 ecclesia
508 3264 646 3327 incohet
666 3284 687 3325 a
704 3262 791 3324 veris
810 3283 854 3325 ex
878 3263 979 3336 bono,
1001 3263 1060 3324 sed
1083 3263 1217 3325 desinat

141 3349 231 3421 intera
241 3381 307 3424 non
320 3359 413 3433 boni,
428 3367 463 3421 et
477 3359 565 3441 quod
578 3379 682 3440 usque
695 3376 783 3419 nunc
797 3357 830 3418 in
847 3355 911 3418 fine
924 3355 1089 3419 ecclesiae
1102 3375 1217 3418 verum

142 3465 170 3509 ex
188 3451 267 3519 bono
291 3474 352 3519 seu
380 3452 564 3535 genuinum
587 3471 703 3515 verum
731 3451 838 3522 detur,
864 3470 986 3531 nempe
1013 3471 1033 3512 a
1060 3450 1217 3512 Domino.

144 3535 274 3620 Quoniam
293 3545 464 3610 “vinum'’
482 3544 650 3628 significat
669 3565 785 3615 verum
805 3543 981 3618 ecclesiae,
1002 3554 1036 3607 et
1056 3542 1196 3606 “oleum
1204 3543 1219 3569 ''

144 3631 233 3705 haum
247 3641 327 3722 ejus,
340 3641 420 3705 ideo
436 3640 519 3704 dicit
536 3640 702 3702 Dominus
718 3640 751 3700 in
768 3638 929 3720 parabola
945 3638 988 3702 de
1003 3637 1063 3701 illo
1075 3638 1130 3720 qui
1146 3637 1219 3699 vul-

146 3740 244 3800 neratus
261 3747 312 3800 est
331 3757 352 3800 a
370 3734 569 3808 latronibus,

181 3878 241 3940 mou
251 3882 383 3932 &manta
390 3880 518 3931 infuderit
526 3881 615 3932 oleum
629 3890 655 3929 et
664 3881 756 3929 vinum
768 3880 795 3928 in
805 3880 916 3927 vulnera
924 3878 983 3940 ejus
993 3877 1066 3939 (Luc.
1076 3892 1101 3927 x.
1112 3890 1151 3938 3³.
1163 3880 1204 3939 34)
1216 3895 1221 3934 ;

149 4017 184 4082 “bl
197 4044 243 4104 per
260 4029 502 4093 “vulneratum
522 4047 541 4089 a
560 4025 747 4090 latronibus
756 4024 770 4049 ”
789 4024 1026 4105 intelliguntur
1043 4024 1098 4105 qui
1120 4024 1220 4087 inses-

151 4120 270 4185 tutaret
281 4124 393 4206 quoad
408 4122 654 4185 conscientiam
667 4120 858 4197 sauciantur
871 4138 891 4180 a
907 4117 1004 4179 malis
1017 4116 1218 4188 hominibus,

151 4209 256 4284 quisunt
271 4217 422 4281 latrones
434 4237 442 4294 ;
462 4225 499 4279 et
511 4237 570 4297 per
584 4222 603 4247 ‘⁶
612 4213 815 4278 Samaritam
824 4213 838 4237 ”
850 4210 1087 4291 intelliguntur
1099 4220 1222 4290 gentes

153 4315 209 4376 (ΙΨ
225 4309 253 4371 in
272 4312 361 4376 bono
384 4311 583 4387 charitatis;
608 4310 686 4373 inde
710 4329 768 4390 per
791 4307 880 4389 quod
902 4305 1086 4367 “infuderit
1110 4302 1222 4366 oleum

155 4403 178 4454 et
195 4401 283 4469 vinum
310 4409 342 4470 in
371 4394 513 4470 vulnera
541 4405 612 4486 ejus
623 4404 638 4426 ”
665 4402 897 4484 significantur
925 4399 1109 4480 spiritualia
1136 4417 1221 4478 quae
