2684 4988
173 470 239 535 ⁶⁶6
486 481 736 548 aeocnuvesrs
759 483 983 541 expuent-n.

174 649 266 734 quod
279 648 413 712 dicatur
425 649 468 711 de
478 670 570 713 vero.
600 661 1293 724 (Quod''equus··significetineueotuueeousmpom

174 737 533 797 ulliiflquaeulhtaetostensa
538 747 594 783 sunt
600 738 648 784 ino
665 738 749 784 usculo
758 739 873 796 DeEquo
880 738 956 789 Albo:
973 745 995 783 et
1004 739 1071 794 quod
1079 738 1194 783 '‘album''
1202 740 1293 786 dicatur

172 813 205 869 de
215 812 397 870 retentantur
407 825 487 870 supra,
498 826 522 858 n.
536 796 615 876 196.)
648 752 785 858 bicitur
800 797 891 878 quod
908 802 1045 877 “equus
1060 794 1184 859 albus”
1199 798 1291 861 visus

175 888 219 965 sit
231 888 368 970 quando
381 887 504 971 Agnus
520 890 650 970 aperuit
667 890 807 969 primum
825 887 982 969 sigillum,
996 899 1030 950 et
1051 888 1141 970 quod
1159 894 1291 971 “equus

173 981 286 1057 rulus”
318 1001 394 1051 cum
427 983 623 1059 secundum,
653 988 786 1064 “equus
819 981 940 1063 niger’‘'
972 1003 1047 1044 cum
1079 984 1228 1059 tertium,
1257 994 1291 1047 et

175 1080 308 1159 “equus
337 1076 503 1158 pallidus''
529 1097 605 1140 cum
639 1088 816 1159 quartum;
852 1086 887 1139 et
917 1078 993 1158 quia
1027 1097 1086 1157 per
1116 1078 1292 1160 “equum'’

174 1169 381 1252 significatur
410 1169 652 1245 intelledtuale,
680 1172 713 1233 in
740 1170 990 1253 specie'quoad
1023 1169 1185 1246 Verbum,
1213 1172 1291 1235 inde

173 1274 330 1339 constare
359 1275 474 1346 potest
501 1266 592 1347 quod
618 1262 813 1328 intellectus
836 1265 905 1326 veri
931 1284 976 1327 ex
1004 1263 1131 1339 Verbo,
1156 1276 1190 1328 et
1220 1265 1291 1347 ejus

172 1357 272 1442 quale
288 1359 376 1440 apud
392 1358 546 1421 homines
562 1359 737 1433 ecclesiae,
755 1379 814 1440 per
828 1364 962 1440 “equos
970 1357 984 1382 ’¹
1000 1358 1053 1421 hic
1071 1359 1290 1424 describatur.

172 1449 250 1527 Sive
268 1453 360 1514 dicas
379 1452 469 1534 quod
488 1452 521 1514 id
538 1452 757 1526 describatur,
775 1473 833 1515 seu
850 1452 898 1514 illi
913 1453 968 1533 qui
988 1453 1075 1514 ineo
1091 1462 1180 1526 sunt,
1201 1454 1290 1516 idem

172 1556 247 1624 est;
270 1566 349 1609 nam
368 1546 532 1620 homines,
549 1548 685 1627 spiritus
704 1558 739 1609 et
758 1547 871 1627 angeli
891 1544 1040 1626 subjedta
1059 1558 1147 1618 sunt,
1164 1548 1197 1609 in
1218 1548 1290 1629 qui·

172 1640 233 1702 bus
252 1641 295 1703 id.
342 1640 425 1704 Inde
440 1641 516 1703 sciri
532 1651 646 1722 potest
663 1641 741 1722 quid
761 1641 794 1702 in
810 1641 874 1703 hoc
892 1641 1012 1721 capite,
1030 1651 1064 1702 et
1084 1643 1115 1701 in
1136 1643 1291 1722 proxime

171 1736 400 1818 sequentibus
429 1736 461 1796 in
495 1754 596 1797 sensu
630 1736 764 1797 interno
797 1755 856 1797 seu
885 1735 1048 1815 spirituali
1079 1734 1289 1806 describitur,

170 1829 262 1912 quod
277 1847 398 1910 nempe
411 1828 562 1890 Verbum
576 1828 687 1910 quoad
700 1827 921 1891 intelledium.
952 1828 1033 1890 ¹Hoc
1048 1849 1180 1909 quoque
1194 1839 1290 1910 patet

172 1916 217 1996 eac
235 1943 334 1985 versu
359 1943 450 1985 nono
473 1921 569 2003 hujus
592 1924 722 2005 capitis,
743 1924 807 1996 ubi,
827 1933 1005 2005 postquam
1026 1924 1086 1985 visi
1109 1934 1188 1986 sunt
1208 1945 1289 2005 qua·

171 2027 248 2085 tuor
273 2016 321 2080 illi
347 2018 433 2098 equi,
457 2026 492 2080 et
520 2027 600 2080 tunc
625 2029 779 2098 apertum
807 2017 953 2099 sigillum
980 2019 1145 2098 quintum,
1169 2018 1291 2081 dicitur

171 2112 261 2195 quod
282 2111 431 2173 “viderit
451 2112 580 2173 animas
600 2112 787 2173 occisorum
807 2122 945 2192 propter
961 2111 1111 2174 Verbum
1133 2110 1197 2174 Dei
1210 2111 1236 2173 :”
1256 2122 1289 2174 et

171 2200 304 2290 quoque
323 2226 367 2269 ex
387 2207 499 2287 capite
518 2207 591 2268 xix.
611 2205 708 2287 hujus
727 2205 829 2279 Libri,
850 2206 905 2267 ubi
924 2206 1046 2268 dicitur
1064 2207 1154 2288 quod

223 2354 328 2404 Nomen
340 2353 405 2416 Ejus
417 2355 462 2418 qui
474 2354 543 2403 sedit
556 2368 636 2417 super
643 2369 712 2418 equo
721 2354 784 2404 albo
793 2363 903 2404 vocetur
915 2354 1056 2404 “Verbum
1068 2353 1118 2404 Dei
1126 2353 1140 2373 ''
1149 2354 1230 2416 (vers.
1240 2355 1287 2416 13).

171 2507 272 2591 Quod
288 2506 517 2581 intellectuale
532 2530 590 2590 per
604 2514 754 2590 “equum
763 2509 778 2534 ”
795 2507 1012 2591 significetur,
1030 2518 1064 2571 et
1081 2509 1171 2590 quod
1188 2509 1287 2573 intel-

171 2602 278 2671 lectus
296 2606 365 2667 veri
384 2625 429 2667 ex
449 2602 566 2667 Verbo
585 2624 644 2685 per
665 2611 816 2686 “equum
840 2603 983 2675 album,”
1002 2615 1175 2665 ostensum
1196 2605 1287 2666 vide-

171 2708 247 2762 atur
268 2699 301 2761 in
321 2697 483 2780 opusculo
501 2718 600 2778 supra
620 2699 727 2767 citato
745 2697 797 2769 De
813 2697 908 2778 Equo
930 2698 1040 2770 Alb0,·
1063 2699 1122 2761 sed
1146 2699 1224 2779 quia
1245 2699 1287 2760 ibi

170 2791 278 2855 solum
306 2812 412 2873 pauca
439 2791 514 2856 loca
543 2813 589 2854 ex
613 2791 731 2855 Verbo
756 2789 905 2854 addudia
938 2804 1027 2863 sunt,
1055 2791 1288 2856 confirmantia

163 2888 260 2969 .quod
280 2893 413 2969 “equus
423 2886 438 2909 '⁹
456 2885 624 2966 significet
644 2884 885 2960 intelleSiualo
906 2887 981 2949 idco
998 2887 1098 2948 velim
1121 2887 1174 2949 hic
1195 2887 1288 2970 plura

170 2981 347 3055 adducere,
365 2992 400 3043 ut
418 2980 518 3063 plena
534 2982 578 3045 sit
594 2980 827 3058 confirmatio;
851 2992 1030 3062 quaesunt
1048 2983 1226 3062 sequentia
1237 3001 1288 3044 :-

171 3074 277 3157 Apud
293 3074 509 3149 Ezechielem,

221 3214 415 3278 ¹⁸>Congregare
425 3230 474 3264 vos
483 3231 499 3264 a
508 3216 617 3264 circuitu
627 3230 707 3277 super
716 3214 873 3264 sacrificium
884 3229 972 3263 meum
983 3215 1054 3276 quod
1066 3214 1185 3264 sacrifico
1195 3215 1272 3265 vobit
1282 3230 1287 3263 :

303 3281 526 3331 ....satiabimini
536 3295 616 3343 super
625 3295 720 3329 mensa
731 3295 799 3337 mea,
815 3294 884 3343 equo
896 3291 922 3328 et
934 3295 1020 3336 curru,
1033 3279 1094 3328 lorti
1108 3289 1134 3328 et
1146 3281 1221 3330 omni
1231 3281 1288 3329 viro

299 3346 361 3395 belli
371 3360 389 3405 ς.
400 3383 406 3396 .
416 3383 422 3396 .
433 3347 482 3396 ‚sic
493 3347 564 3395 dabo
577 3347 691 3409 gloriam
704 3360 791 3394 meam
804 3346 873 3394 inter
884 3356 980 3408 gentes
988 3344 1002 3363 '’
1015 3346 1115 3405 (xxxix.
1128 3357 1168 3404 17,
1180 3358 1220 3404 πο,
1233 3345 1287 3406 21):

169 3490 280 3572 agitur
299 3490 343 3552 ibi
362 3490 405 3552 de
424 3489 670 3552 convocatione
690 3490 839 3551 omnium
857 3489 900 3550 ad
924 3508 1064 3568 regnum
1085 3487 1232 3560 Domini,
1254 3497 1288 3551 et

169 3585 203 3647 in
226 3585 337 3665 specie
361 3584 403 3646 de
426 3585 671 3647 instauratione
694 3583 859 3646 ecclesiae
884 3583 972 3664 apud
1000 3593 1142 3663 gentes;
1176 3584 1290 3663 agitur

169 3678 259 3742 enim
277 3679 320 3741 de
339 3679 538 3759 captivitate
558 3677 732 3759 spirituali,
750 3679 782 3738 in
802 3698 867 3759 qua
887 3677 1020 3739 fuerunt
1041 3687 1174 3755 gentes,
1192 3686 1227 3739 et
1247 3677 1289 3739 de

170 3771 368 3835 liberatione
391 3771 434 3833 ab
457 3769 533 3832 illa:
567 3792 625 3852 per
649 3769 874 3833 “sacrificium
884 3771 898 3794 ’'
922 3770 1011 3851 quod
1035 3768 1288 3842 sacrificaretur,

168 3866 376 3947 significatur
392 3866 501 3927 omnis
516 3865 627 3929 cultus
640 3887 708 3947 quo
724 3865 846 3928 colitur
860 3865 1045 3939 Dominus;
1070 3885 1128 3945 per
1146 3866 1289 3927 “satiari

168 3981 268 4044 super
298 3980 414 4023 mensa
441 3958 546 4033 mea,”
569 3958 778 4040 significatur
805 3961 896 4021 omni
923 3960 998 4021 cibo
1028 3958 1201 4039 spirituali,
1233 3962 1289 4041 qui

168 4058 246 4138 quia
272 4066 324 4119 est
353 4050 546 4117 intellectus
574 4055 644 4116 veri
671 4075 716 4117 ex
744 4053 862 4117 Verbo
889 4064 924 4116 et
953 4074 997 4114 ex
1025 4052 1178 4115 doctrina
1198 4054 1288 4128 inde,

169 4151 290 4213 dicitur
309 4155 425 4230 “equo
448 4159 483 4210 et
506 4168 601 4211 curru
617 4147 643 4226 ;”
673 4169 732 4229 per
756 4154 908 4230 “equum
920 4148 934 4170 ”
958 4147 1163 4227 significatur
1187 4147 1288 4210 intel-

169 4242 276 4308 lectus
292 4244 361 4306 veri
380 4264 425 4305 ex
442 4241 570 4316 Verbo,
585 4252 621 4305 et
639 4262 699 4322 per
713 4247 872 4304 “currum
881 4242 895 4265 '’
911 4241 1118 4322 significatur
1133 4238 1289 4311 docirina

167 4338 265 4415 inde;
292 4347 327 4400 et
348 4356 481 4418 quoque
504 4336 625 4398 dicitur
646 4335 750 4398 “forti
773 4345 807 4398 et
831 4337 923 4398 omni
946 4336 1017 4397 viro
1040 4334 1149 4409 belli,”
1168 4346 1204 4397 et
1228 4355 1288 4416 per

170 4430 342 4496 ‘'sortem”
360 4429 567 4512 significatur
582 4449 699 4493 verum
715 4450 759 4492 ex
776 4429 867 4493 bono
883 4429 974 4511 quod
987 4430 1131 4503 destruit
1146 4429 1285 4503 malum,
