<?xml version="1.0" encoding="UTF-8"?>
<!DOCTYPE html PUBLIC "-//W3C//DTD XHTML 1.0 Transitional//EN"
    "http://www.w3.org/TR/xhtml1/DTD/xhtml1-transitional.dtd">
<html xmlns="http://www.w3.org/1999/xhtml" xml:lang="en" lang="en">
 <head>
  <title>
</title>
<meta http-equiv="Content-Type" content="text/html;charset=utf-8" />
  <meta name='ocr-system' content='tesseract 3.04.00' />
  <meta name='ocr-capabilities' content='ocr_page ocr_carea ocr_par ocr_line ocrx_word'/>
</head>
<body>
  <div class='ocr_page' id='page_1' title='image "./apocalypsisexpl00swedgoog_0517.png"; bbox 0 0 2684 4988; ppageno 0'>
   <div class='ocr_carea' id='block_1_1' title="bbox 338 458 1163 541">
    <p class='ocr_par' dir='ltr' id='par_1_1' title="bbox 338 458 1163 541">
     <span class='ocr_line' id='line_1_1' title="bbox 338 458 1163 541; baseline -0.001 -20"><span class='ocrx_word' id='word_1_1' title='bbox 338 470 419 521; x_wconf 76' lang='lat' dir='ltr'>cnr.</span> <span class='ocrx_word' id='word_1_2' title='bbox 437 470 512 533; x_wconf 73' lang='lat' dir='ltr'>vn,</span> <span class='ocrx_word' id='word_1_3' title='bbox 530 470 634 521; x_wconf 78' lang='lat' dir='ltr'>vans.</span> <span class='ocrx_word' id='word_1_4' title='bbox 655 470 783 536; x_wconf 77' lang='lat' dir='ltr'>14—rr.</span> <span class='ocrx_word' id='word_1_5' title='bbox 798 472 871 538; x_wconf 88' lang='lat'><strong>473.</strong></span> <span class='ocrx_word' id='word_1_6' title='bbox 1080 458 1163 541; x_wconf 19' lang='lat'>1181·</span> 
     </span>
    </p>
   </div>
   <div class='ocr_carea' id='block_1_2' title="bbox 103 638 1163 4044">
    <p class='ocr_par' dir='ltr' id='par_1_2' title="bbox 104 638 1161 995">
     <span class='ocr_line' id='line_1_2' title="bbox 104 638 1160 725; baseline -0.003 -21"><span class='ocrx_word' id='word_1_7' title='bbox 104 661 134 715; x_wconf 84' lang='lat' dir='ltr'>re,</span> <span class='ocrx_word' id='word_1_8' title='bbox 147 650 180 704; x_wconf 92' lang='lat' dir='ltr'>et</span> <span class='ocrx_word' id='word_1_9' title='bbox 195 662 333 723; x_wconf 89' lang='lat' dir='ltr'>quoque</span> <span class='ocrx_word' id='word_1_10' title='bbox 351 640 435 705; x_wconf 88' lang='lat' dir='ltr'>lerre</span> <span class='ocrx_word' id='word_1_11' title='bbox 451 660 551 722; x_wconf 90' lang='lat' dir='ltr'>opem</span> <span class='ocrx_word' id='word_1_12' title='bbox 571 661 616 704; x_wconf 90' lang='lat' dir='ltr'>ex</span> <span class='ocrx_word' id='word_1_13' title='bbox 635 639 881 704; x_wconf 86' lang='lat' dir='ltr'>misericordia:</span> <span class='ocrx_word' id='word_1_14' title='bbox 905 639 984 702; x_wconf 91' lang='lat' dir='ltr'>inde</span> <span class='ocrx_word' id='word_1_15' title='bbox 999 638 1160 725; x_wconf 89' lang='lat' dir='ltr'>estquod</span> 
     </span>
     <span class='ocr_line' id='line_1_3' title="bbox 104 730 1161 817; baseline 0.002 -25"><span class='ocrx_word' id='word_1_16' title='bbox 104 753 209 814; x_wconf 83' lang='lat' dir='ltr'>ponsa,</span> <span class='ocrx_word' id='word_1_17' title='bbox 221 755 310 817; x_wconf 91' lang='lat' dir='ltr'>quae</span> <span class='ocrx_word' id='word_1_18' title='bbox 323 735 478 798; x_wconf 89' lang='lat' dir='ltr'>dicuntur</span> <span class='ocrx_word' id='word_1_19' title='bbox 491 734 533 797; x_wconf 91' lang='lat' dir='ltr'>de</span> <span class='ocrx_word' id='word_1_20' title='bbox 547 733 706 809; x_wconf 90' lang='lat' dir='ltr'>Domino,</span> <span class='ocrx_word' id='word_1_21' title='bbox 720 732 911 815; x_wconf 87' lang='lat' dir='ltr'>significent</span> <span class='ocrx_word' id='word_1_22' title='bbox 924 730 1161 814; x_wconf 82' lang='lat' dir='ltr'>perceptiones</span> 
     </span>
     <span class='ocr_line' id='line_1_4' title="bbox 115 825 1160 910; baseline 0 -20"><span class='ocrx_word' id='word_1_23' title='bbox 115 827 240 891; x_wconf 87' lang='lat' dir='ltr'>influxu.</span> <span class='ocrx_word' id='word_1_24' title='bbox 287 826 469 891; x_wconf 87' lang='lat' dir='ltr'>Sciendum</span> <span class='ocrx_word' id='word_1_25' title='bbox 488 837 541 891; x_wconf 91' lang='lat' dir='ltr'>est</span> <span class='ocrx_word' id='word_1_26' title='bbox 560 826 651 910; x_wconf 96' lang='lat' dir='ltr'>quod</span> <span class='ocrx_word' id='word_1_27' title='bbox 669 825 826 910; x_wconf 91' lang='lat' dir='ltr'>quicquid</span> <span class='ocrx_word' id='word_1_28' title='bbox 848 827 883 889; x_wconf 93' lang='lat' dir='ltr'>in</span> <span class='ocrx_word' id='word_1_29' title='bbox 906 827 1160 908; x_wconf 86' lang='lat' dir='ltr'>perceptionem</span> 
     </span>
     <span class='ocr_line' id='line_1_5' title="bbox 104 920 676 995; baseline 0 -12"><span class='ocrx_word' id='word_1_30' title='bbox 104 921 227 985; x_wconf 81' lang='lat' dir='ltr'>Domino</span> <span class='ocrx_word' id='word_1_31' title='bbox 246 923 350 995; x_wconf 89' lang='lat' dir='ltr'>venit,</span> <span class='ocrx_word' id='word_1_32' title='bbox 371 922 503 985; x_wconf 91' lang='lat' dir='ltr'>dicatur</span> <span class='ocrx_word' id='word_1_33' title='bbox 520 920 676 984; x_wconf 86' lang='lat' dir='ltr'>influxus.</span> 
     </span>
    </p>

    <p class='ocr_par' dir='ltr' id='par_1_3' title="bbox 103 1010 1163 3211">
     <span class='ocr_line' id='line_1_6' title="bbox 111 1010 1162 1096; baseline -0.004 -18"><span class='ocrx_word' id='word_1_34' title='bbox 111 1026 190 1096; x_wconf 72' lang='lat'>472.</span> <span class='ocrx_word' id='word_1_35' title='bbox 215 1010 1162 1095; x_wconf 54' lang='lat' dir='ltr'>‘Hiindutieiolirnlbisquinamsunt,otundovenatuum—</span> 
     </span>
     <span class='ocr_line' id='line_1_7' title="bbox 104 1101 1161 1187; baseline 0 -21"><span class='ocrx_word' id='word_1_36' title='bbox 104 1105 144 1167; x_wconf 80' lang='lat' dir='ltr'>rod</span> <span class='ocrx_word' id='word_1_37' title='bbox 160 1104 328 1186; x_wconf 85' lang='lat' dir='ltr'>significet</span> <span class='ocrx_word' id='word_1_38' title='bbox 346 1105 387 1168; x_wconf 84' lang='lat' dir='ltr'>de</span> <span class='ocrx_word' id='word_1_39' title='bbox 408 1104 478 1168; x_wconf 85' lang='lat' dir='ltr'>illis</span> <span class='ocrx_word' id='word_1_40' title='bbox 497 1105 557 1187; x_wconf 83' lang='lat' dir='ltr'>qui</span> <span class='ocrx_word' id='word_1_41' title='bbox 577 1125 661 1167; x_wconf 86' lang='lat' dir='ltr'>nunc</span> <span class='ocrx_word' id='word_1_42' title='bbox 682 1104 717 1166; x_wconf 83' lang='lat' dir='ltr'>in</span> <span class='ocrx_word' id='word_1_43' title='bbox 739 1103 830 1167; x_wconf 83' lang='lat' dir='ltr'>ueris</span> <span class='ocrx_word' id='word_1_44' title='bbox 852 1114 932 1167; x_wconf 82' lang='lat' dir='ltr'>sunt</span> <span class='ocrx_word' id='word_1_45' title='bbox 952 1114 985 1166; x_wconf 81' lang='lat' dir='ltr'>et</span> <span class='ocrx_word' id='word_1_46' title='bbox 1005 1103 1040 1166; x_wconf 82' lang='lat' dir='ltr'>in</span> <span class='ocrx_word' id='word_1_47' title='bbox 1058 1101 1161 1166; x_wconf 83' lang='lat' dir='ltr'>tutela</span> 
     </span>
     <span class='ocr_line' id='line_1_8' title="bbox 104 1196 1160 1281; baseline 0.001 -22"><span class='ocrx_word' id='word_1_48' title='bbox 104 1199 183 1273; x_wconf 79' lang='lat' dir='ltr'>mirri,</span> <span class='ocrx_word' id='word_1_49' title='bbox 199 1199 316 1280; x_wconf 81' lang='lat' dir='ltr'>quales</span> <span class='ocrx_word' id='word_1_50' title='bbox 331 1208 410 1262; x_wconf 82' lang='lat' dir='ltr'>sunt</span> <span class='ocrx_word' id='word_1_51' title='bbox 426 1208 458 1261; x_wconf 83' lang='lat' dir='ltr'>et</span> <span class='ocrx_word' id='word_1_52' title='bbox 476 1198 590 1281; x_wconf 83' lang='lat' dir='ltr'>quales</span> <span class='ocrx_word' id='word_1_53' title='bbox 599 1199 753 1278; x_wconf 81' lang='lat' dir='ltr'>fuerunt,</span> <span class='ocrx_word' id='word_1_54' title='bbox 771 1208 908 1261; x_wconf 90' lang='lat' dir='ltr'>constat</span> <span class='ocrx_word' id='word_1_55' title='bbox 927 1219 972 1261; x_wconf 90' lang='lat' dir='ltr'>ex</span> <span class='ocrx_word' id='word_1_56' title='bbox 990 1196 1160 1279; x_wconf 84' lang='lat' dir='ltr'>significa·</span> 
     </span>
     <span class='ocr_line' id='line_1_9' title="bbox 104 1290 1161 1375; baseline 0 -21"><span class='ocrx_word' id='word_1_57' title='bbox 104 1311 138 1354; x_wconf 85' lang='lat' dir='ltr'>ne</span> <span class='ocrx_word' id='word_1_58' title='bbox 153 1293 376 1356; x_wconf 91' lang='lat' dir='ltr'>“indutorum</span> <span class='ocrx_word' id='word_1_59' title='bbox 396 1293 494 1356; x_wconf 92' lang='lat' dir='ltr'>stolis</span> <span class='ocrx_word' id='word_1_60' title='bbox 512 1290 627 1367; x_wconf 91' lang='lat' dir='ltr'>albis,&#39;’</span> <span class='ocrx_word' id='word_1_61' title='bbox 642 1291 733 1375; x_wconf 90' lang='lat' dir='ltr'>quod</span> <span class='ocrx_word' id='word_1_62' title='bbox 752 1292 820 1355; x_wconf 91' lang='lat' dir='ltr'>sint</span> <span class='ocrx_word' id='word_1_63' title='bbox 839 1293 895 1374; x_wconf 92' lang='lat' dir='ltr'>qui</span> <span class='ocrx_word' id='word_1_64' title='bbox 914 1311 1003 1355; x_wconf 91' lang='lat' dir='ltr'>nunc</span> <span class='ocrx_word' id='word_1_65' title='bbox 1021 1292 1056 1353; x_wconf 93' lang='lat' dir='ltr'>in</span> <span class='ocrx_word' id='word_1_66' title='bbox 1074 1291 1161 1354; x_wconf 87' lang='lat' dir='ltr'>veris</span> 
     </span>
     <span class='ocr_line' id='line_1_10' title="bbox 104 1382 1160 1462; baseline 0.001 -20"><span class='ocrx_word' id='word_1_67' title='bbox 104 1392 127 1445; x_wconf 88' lang='lat' dir='ltr'>nt</span> <span class='ocrx_word' id='word_1_68' title='bbox 142 1392 173 1445; x_wconf 90' lang='lat' dir='ltr'>et</span> <span class='ocrx_word' id='word_1_69' title='bbox 195 1385 228 1445; x_wconf 94' lang='lat' dir='ltr'>in</span> <span class='ocrx_word' id='word_1_70' title='bbox 252 1382 365 1446; x_wconf 91' lang='lat' dir='ltr'>tutela</span> <span class='ocrx_word' id='word_1_71' title='bbox 388 1383 528 1446; x_wconf 91' lang='lat' dir='ltr'>Domini</span> <span class='ocrx_word' id='word_1_72' title='bbox 551 1399 593 1458; x_wconf 75' lang='lat' dir='ltr'>(de</span> <span class='ocrx_word' id='word_1_73' title='bbox 609 1412 659 1456; x_wconf 82' lang='lat' dir='ltr'>qua</span> <span class='ocrx_word' id='word_1_74' title='bbox 675 1411 755 1456; x_wconf 79' lang='lat' dir='ltr'>supra,</span> <span class='ocrx_word' id='word_1_75' title='bbox 772 1411 796 1444; x_wconf 85' lang='lat' dir='ltr'>n.</span> <span class='ocrx_word' id='word_1_76' title='bbox 813 1396 923 1462; x_wconf 59' lang='lat' dir='ltr'>395[u]*¹</span> <span class='ocrx_word' id='word_1_77' title='bbox 937 1396 1034 1462; x_wconf 84' lang='grc'>457);</span> <span class='ocrx_word' id='word_1_78' title='bbox 1060 1390 1096 1445; x_wconf 89' lang='lat' dir='ltr'>et</span> <span class='ocrx_word' id='word_1_79' title='bbox 1114 1401 1160 1444; x_wconf 86' lang='lat' dir='ltr'>ex</span> 
     </span>
     <span class='ocr_line' id='line_1_11' title="bbox 104 1472 1160 1555; baseline 0.002 -21"><span class='ocrx_word' id='word_1_80' title='bbox 104 1473 285 1549; x_wconf 69' lang='lat' dir='ltr'>plicatione</span> <span class='ocrx_word' id='word_1_81' title='bbox 306 1474 482 1555; x_wconf 85' lang='lat' dir='ltr'>“Quinam</span> <span class='ocrx_word' id='word_1_82' title='bbox 505 1485 583 1538; x_wconf 92' lang='lat' dir='ltr'>sunt</span> <span class='ocrx_word' id='word_1_83' title='bbox 607 1484 643 1538; x_wconf 91' lang='lat' dir='ltr'>et</span> <span class='ocrx_word' id='word_1_84' title='bbox 666 1472 755 1535; x_wconf 90' lang='lat' dir='ltr'>unde</span> <span class='ocrx_word' id='word_1_85' title='bbox 774 1483 940 1537; x_wconf 91' lang='lat' dir='ltr'>venerunt</span> <span class='ocrx_word' id='word_1_86' title='bbox 951 1472 981 1535; x_wconf 83' lang='lat'>?&#39;&#39;</span> <span class='ocrx_word' id='word_1_87' title='bbox 1003 1472 1093 1555; x_wconf 96' lang='lat' dir='ltr'>quod</span> <span class='ocrx_word' id='word_1_88' title='bbox 1116 1473 1160 1536; x_wconf 93' lang='lat' dir='ltr'>sit</span> 
     </span>
     <span class='ocr_line' id='line_1_12' title="bbox 105 1565 1160 1650; baseline 0.002 -23"><span class='ocrx_word' id='word_1_89' title='bbox 105 1565 158 1629; x_wconf 89' lang='lat' dir='ltr'>ales</span> <span class='ocrx_word' id='word_1_90' title='bbox 173 1580 252 1631; x_wconf 92' lang='lat' dir='ltr'>sunt</span> <span class='ocrx_word' id='word_1_91' title='bbox 270 1580 305 1631; x_wconf 90' lang='lat' dir='ltr'>et</span> <span class='ocrx_word' id='word_1_92' title='bbox 318 1567 435 1650; x_wconf 89' lang='lat' dir='ltr'>quales</span> <span class='ocrx_word' id='word_1_93' title='bbox 448 1568 602 1636; x_wconf 81' lang='lat' dir='ltr'>luerunt:</span> <span class='ocrx_word' id='word_1_94' title='bbox 626 1567 716 1650; x_wconf 92' lang='lat' dir='ltr'>quod</span> <span class='ocrx_word' id='word_1_95' title='bbox 732 1566 907 1648; x_wconf 90' lang='lat' dir='ltr'>“Quinam</span> <span class='ocrx_word' id='word_1_96' title='bbox 924 1576 1002 1630; x_wconf 90' lang='lat' dir='ltr'>sunt</span> <span class='ocrx_word' id='word_1_97' title='bbox 1020 1575 1056 1629; x_wconf 91' lang='lat' dir='ltr'>et</span> <span class='ocrx_word' id='word_1_98' title='bbox 1072 1567 1160 1629; x_wconf 91' lang='lat' dir='ltr'>unde</span> 
     </span>
     <span class='ocr_line' id='line_1_13' title="bbox 103 1659 1162 1744; baseline 0 -22"><span class='ocrx_word' id='word_1_99' title='bbox 103 1673 204 1725; x_wconf 87' lang='lat' dir='ltr'>uerunt</span> <span class='ocrx_word' id='word_1_100' title='bbox 215 1661 244 1724; x_wconf 86' lang='lat'>?’&#39;</span> <span class='ocrx_word' id='word_1_101' title='bbox 261 1660 430 1744; x_wconf 87' lang='lat' dir='ltr'>significet</span> <span class='ocrx_word' id='word_1_102' title='bbox 446 1661 563 1744; x_wconf 92' lang='lat' dir='ltr'>quales</span> <span class='ocrx_word' id='word_1_103' title='bbox 578 1673 658 1724; x_wconf 87' lang='lat' dir='ltr'>sunt</span> <span class='ocrx_word' id='word_1_104' title='bbox 674 1670 710 1724; x_wconf 87' lang='lat' dir='ltr'>et</span> <span class='ocrx_word' id='word_1_105' title='bbox 725 1660 842 1743; x_wconf 91' lang='lat' dir='ltr'>quales</span> <span class='ocrx_word' id='word_1_106' title='bbox 858 1659 1001 1734; x_wconf 84' lang='lat' dir='ltr'>fuerunt,</span> <span class='ocrx_word' id='word_1_107' title='bbox 1015 1670 1069 1724; x_wconf 88' lang='lat' dir='ltr'>est</span> <span class='ocrx_word' id='word_1_108' title='bbox 1084 1660 1162 1743; x_wconf 90' lang='lat' dir='ltr'>quia</span> 
     </span>
     <span class='ocr_line' id='line_1_14' title="bbox 110 1754 1161 1837; baseline 0 -21"><span class='ocrx_word' id='word_1_109' title='bbox 110 1757 219 1819; x_wconf 90' lang='lat' dir='ltr'>mundo</span> <span class='ocrx_word' id='word_1_110' title='bbox 239 1755 403 1836; x_wconf 88' lang='lat' dir='ltr'>spirituali</span> <span class='ocrx_word' id='word_1_111' title='bbox 422 1757 465 1818; x_wconf 90' lang='lat' dir='ltr'>ab</span> <span class='ocrx_word' id='word_1_112' title='bbox 480 1754 623 1837; x_wconf 86' lang='lat' dir='ltr'>angelis,</span> <span class='ocrx_word' id='word_1_113' title='bbox 643 1754 722 1817; x_wconf 94' lang='lat' dir='ltr'>dum</span> <span class='ocrx_word' id='word_1_114' title='bbox 741 1754 826 1817; x_wconf 91' lang='lat' dir='ltr'>alios</span> <span class='ocrx_word' id='word_1_115' title='bbox 844 1755 962 1817; x_wconf 92' lang='lat' dir='ltr'>vident</span> <span class='ocrx_word' id='word_1_116' title='bbox 981 1764 1016 1818; x_wconf 91' lang='lat' dir='ltr'>et</span> <span class='ocrx_word' id='word_1_117' title='bbox 1035 1773 1161 1817; x_wconf 89' lang='lat' dir='ltr'>conve-</span> 
     </span>
     <span class='ocr_line' id='line_1_15' title="bbox 104 1847 1161 1932; baseline 0.003 -24"><span class='ocrx_word' id='word_1_118' title='bbox 104 1860 327 1932; x_wconf 70' lang='lat' dir='ltr'>utnusquam</span> <span class='ocrx_word' id='word_1_119' title='bbox 343 1850 517 1932; x_wconf 88' lang='lat' dir='ltr'>inquiritur</span> <span class='ocrx_word' id='word_1_120' title='bbox 530 1850 665 1930; x_wconf 91' lang='lat' dir='ltr'>quinam</span> <span class='ocrx_word' id='word_1_121' title='bbox 681 1857 760 1911; x_wconf 90' lang='lat' dir='ltr'>sunt</span> <span class='ocrx_word' id='word_1_122' title='bbox 776 1858 811 1911; x_wconf 91' lang='lat' dir='ltr'>et</span> <span class='ocrx_word' id='word_1_123' title='bbox 828 1847 916 1910; x_wconf 90' lang='lat' dir='ltr'>unde</span> <span class='ocrx_word' id='word_1_124' title='bbox 933 1848 1084 1923; x_wconf 88' lang='lat' dir='ltr'>veniunt,</span> <span class='ocrx_word' id='word_1_125' title='bbox 1101 1848 1161 1911; x_wconf 91' lang='lat' dir='ltr'>sed</span> 
     </span>
     <span class='ocr_line' id='line_1_16' title="bbox 105 1939 1162 2027; baseline 0.003 -25"><span class='ocrx_word' id='word_1_126' title='bbox 105 1941 160 2006; x_wconf 84' lang='lat' dir='ltr'>ales</span> <span class='ocrx_word' id='word_1_127' title='bbox 180 1956 260 2007; x_wconf 88' lang='lat' dir='ltr'>sunt</span> <span class='ocrx_word' id='word_1_128' title='bbox 272 1965 281 2022; x_wconf 89' lang='lat'>;</span> <span class='ocrx_word' id='word_1_129' title='bbox 304 1965 407 2027; x_wconf 89' lang='lat' dir='ltr'>quare</span> <span class='ocrx_word' id='word_1_130' title='bbox 430 1943 494 2006; x_wconf 92' lang='lat' dir='ltr'>hoc</span> <span class='ocrx_word' id='word_1_131' title='bbox 518 1941 691 2024; x_wconf 90' lang='lat' dir='ltr'>spirituale</span> <span class='ocrx_word' id='word_1_132' title='bbox 714 1952 767 2005; x_wconf 88' lang='lat' dir='ltr'>est</span> <span class='ocrx_word' id='word_1_133' title='bbox 786 1942 876 2024; x_wconf 92' lang='lat' dir='ltr'>quod</span> <span class='ocrx_word' id='word_1_134' title='bbox 899 1939 963 2022; x_wconf 85' lang='lat' dir='ltr'>per‘</span> <span class='ocrx_word' id='word_1_135' title='bbox 980 1940 1039 2003; x_wconf 90' lang='lat' dir='ltr'>illa</span> <span class='ocrx_word' id='word_1_136' title='bbox 1059 1942 1162 2005; x_wconf 89' lang='lat' dir='ltr'>verba</span> 
     </span>
     <span class='ocr_line' id='line_1_17' title="bbox 104 2034 1161 2118; baseline 0.002 -22"><span class='ocrx_word' id='word_1_137' title='bbox 104 2036 256 2111; x_wconf 69' lang='lat' dir='ltr'>[nificatur.</span> <span class='ocrx_word' id='word_1_138' title='bbox 304 2036 404 2118; x_wconf 87' lang='lat' dir='ltr'>Quod</span> <span class='ocrx_word' id='word_1_139' title='bbox 422 2037 465 2099; x_wconf 91' lang='lat' dir='ltr'>ab</span> <span class='ocrx_word' id='word_1_140' title='bbox 477 2035 608 2118; x_wconf 84' lang='lat' dir='ltr'>angelis</span> <span class='ocrx_word' id='word_1_141' title='bbox 624 2055 692 2098; x_wconf 93' lang='lat' dir='ltr'>non</span> <span class='ocrx_word' id='word_1_142' title='bbox 705 2035 794 2098; x_wconf 87' lang='lat' dir='ltr'>aliud</span> <span class='ocrx_word' id='word_1_143' title='bbox 808 2055 908 2118; x_wconf 91' lang='lat' dir='ltr'>quam</span> <span class='ocrx_word' id='word_1_144' title='bbox 921 2034 1020 2117; x_wconf 88' lang='lat' dir='ltr'>quale</span> <span class='ocrx_word' id='word_1_145' title='bbox 1034 2055 1161 2111; x_wconf 88' lang='lat' dir='ltr'>eorum,</span> 
     </span>
     <span class='ocr_line' id='line_1_18' title="bbox 106 2128 1162 2215; baseline 0.004 -27"><span class='ocrx_word' id='word_1_146' title='bbox 106 2148 133 2190; x_wconf 91' lang='lat' dir='ltr'>os</span> <span class='ocrx_word' id='word_1_147' title='bbox 151 2132 277 2207; x_wconf 85' lang='lat' dir='ltr'>uident,</span> <span class='ocrx_word' id='word_1_148' title='bbox 297 2133 492 2215; x_wconf 90' lang='lat' dir='ltr'>inquiratur,</span> <span class='ocrx_word' id='word_1_149' title='bbox 517 2141 568 2193; x_wconf 91' lang='lat' dir='ltr'>est</span> <span class='ocrx_word' id='word_1_150' title='bbox 592 2131 670 2212; x_wconf 90' lang='lat' dir='ltr'>quia</span> <span class='ocrx_word' id='word_1_151' title='bbox 692 2129 921 2192; x_wconf 87' lang='lat' dir='ltr'>habitationes</span> <span class='ocrx_word' id='word_1_152' title='bbox 944 2129 1094 2191; x_wconf 92' lang='lat' dir='ltr'>omnium</span> <span class='ocrx_word' id='word_1_153' title='bbox 1116 2128 1162 2192; x_wconf 90' lang='lat' dir='ltr'>ibi</span> 
     </span>
     <span class='ocr_line' id='line_1_19' title="bbox 104 2220 1161 2307; baseline 0.005 -27"><span class='ocrx_word' id='word_1_154' title='bbox 104 2232 128 2284; x_wconf 88' lang='lat' dir='ltr'>nt</span> <span class='ocrx_word' id='word_1_155' title='bbox 152 2225 335 2288; x_wconf 89' lang='lat' dir='ltr'>secundum</span> <span class='ocrx_word' id='word_1_156' title='bbox 363 2224 462 2307; x_wconf 89' lang='lat' dir='ltr'>quale</span> <span class='ocrx_word' id='word_1_157' title='bbox 489 2220 704 2286; x_wconf 70' lang='lat' dir='ltr'>ailediionum</span> <span class='ocrx_word' id='word_1_158' title='bbox 731 2243 816 2304; x_wconf 90' lang='lat' dir='ltr'>quae</span> <span class='ocrx_word' id='word_1_159' title='bbox 843 2222 932 2303; x_wconf 92' lang='lat' dir='ltr'>apud</span> <span class='ocrx_word' id='word_1_160' title='bbox 963 2221 1059 2299; x_wconf 88' lang='lat' dir='ltr'>illos;</span> <span class='ocrx_word' id='word_1_161' title='bbox 1088 2232 1161 2285; x_wconf 93' lang='lat' dir='ltr'>tum</span> 
     </span>
     <span class='ocr_line' id='line_1_20' title="bbox 104 2312 1162 2400; baseline 0.005 -26"><span class='ocrx_word' id='word_1_162' title='bbox 104 2312 128 2376; x_wconf 85' lang='lat' dir='ltr'>ia&#39;</span> <span class='ocrx_word' id='word_1_163' title='bbox 140 2318 301 2400; x_wconf 88' lang='lat' dir='ltr'>inquirere</span> <span class='ocrx_word' id='word_1_164' title='bbox 319 2319 484 2399; x_wconf 80' lang='lat' dir='ltr'>“quinam</span> <span class='ocrx_word' id='word_1_165' title='bbox 503 2326 581 2379; x_wconf 92' lang='lat' dir='ltr'>sunt</span> <span class='ocrx_word' id='word_1_166' title='bbox 590 2316 605 2340; x_wconf 91' lang='lat'><strong>”</strong></span> <span class='ocrx_word' id='word_1_167' title='bbox 620 2315 763 2379; x_wconf 90' lang='lat' dir='ltr'>involvit</span> <span class='ocrx_word' id='word_1_168' title='bbox 782 2335 973 2397; x_wconf 89' lang='lat' dir='ltr'>personam,</span> <span class='ocrx_word' id='word_1_169' title='bbox 990 2324 1026 2378; x_wconf 94' lang='lat' dir='ltr'>et</span> <span class='ocrx_word' id='word_1_170' title='bbox 1044 2315 1162 2380; x_wconf 91' lang='lat' dir='ltr'>“unde</span> 
     </span>
     <span class='ocr_line' id='line_1_21' title="bbox 104 2408 1163 2492; baseline 0.004 -24"><span class='ocrx_word' id='word_1_171' title='bbox 104 2410 178 2474; x_wconf 88' lang='lat' dir='ltr'>niunt</span> <span class='ocrx_word' id='word_1_172' title='bbox 188 2413 203 2435; x_wconf 90' lang='lat'>’&#39;</span> <span class='ocrx_word' id='word_1_173' title='bbox 216 2412 359 2474; x_wconf 89' lang='lat' dir='ltr'>involvit</span> <span class='ocrx_word' id='word_1_174' title='bbox 376 2410 498 2485; x_wconf 89' lang='lat' dir='ltr'>locum,</span> <span class='ocrx_word' id='word_1_175' title='bbox 512 2421 547 2473; x_wconf 90' lang='lat' dir='ltr'>et</span> <span class='ocrx_word' id='word_1_176' title='bbox 563 2411 596 2472; x_wconf 92' lang='lat' dir='ltr'>in</span> <span class='ocrx_word' id='word_1_177' title='bbox 610 2410 819 2491; x_wconf 85' lang='lat' dir='ltr'>cogitatione</span> <span class='ocrx_word' id='word_1_178' title='bbox 835 2418 871 2472; x_wconf 93' lang='lat' dir='ltr'>et</span> <span class='ocrx_word' id='word_1_179' title='bbox 887 2410 964 2473; x_wconf 88' lang='lat' dir='ltr'>inde</span> <span class='ocrx_word' id='word_1_180' title='bbox 980 2410 1014 2472; x_wconf 92' lang='lat' dir='ltr'>in</span> <span class='ocrx_word' id='word_1_181' title='bbox 1028 2408 1163 2492; x_wconf 89' lang='lat' dir='ltr'>loquela</span> 
     </span>
     <span class='ocr_line' id='line_1_22' title="bbox 105 2503 1161 2587; baseline 0.006 -26"><span class='ocrx_word' id='word_1_182' title='bbox 105 2503 215 2578; x_wconf 86' lang='lat' dir='ltr'>rituali,</span> <span class='ocrx_word' id='word_1_183' title='bbox 234 2526 322 2587; x_wconf 92' lang='lat' dir='ltr'>quae</span> <span class='ocrx_word' id='word_1_184' title='bbox 340 2515 393 2567; x_wconf 93' lang='lat' dir='ltr'>est</span> <span class='ocrx_word' id='word_1_185' title='bbox 412 2504 554 2585; x_wconf 92' lang='lat' dir='ltr'>angelis,</span> <span class='ocrx_word' id='word_1_186' title='bbox 574 2523 643 2566; x_wconf 93' lang='lat' dir='ltr'>non</span> <span class='ocrx_word' id='word_1_187' title='bbox 665 2514 717 2567; x_wconf 90' lang='lat' dir='ltr'>est</span> <span class='ocrx_word' id='word_1_188' title='bbox 740 2504 816 2566; x_wconf 89' lang='lat' dir='ltr'>idea</span> <span class='ocrx_word' id='word_1_189' title='bbox 838 2522 1003 2583; x_wconf 89' lang='lat' dir='ltr'>personae</span> <span class='ocrx_word' id='word_1_190' title='bbox 1026 2513 1061 2567; x_wconf 93' lang='lat' dir='ltr'>et</span> <span class='ocrx_word' id='word_1_191' title='bbox 1085 2503 1161 2579; x_wconf 92' lang='lat' dir='ltr'>loci,</span> 
     </span>
     <span class='ocr_line' id='line_1_23' title="bbox 104 2593 1162 2680; baseline 0.001 -20"><span class='ocrx_word' id='word_1_192' title='bbox 104 2593 109 2654; x_wconf 88' lang='grc' dir='ltr'>Ι</span> <span class='ocrx_word' id='word_1_193' title='bbox 128 2619 185 2679; x_wconf 91' lang='lat' dir='ltr'>pro</span> <span class='ocrx_word' id='word_1_194' title='bbox 207 2600 273 2662; x_wconf 89' lang='lat' dir='ltr'>illis</span> <span class='ocrx_word' id='word_1_195' title='bbox 296 2599 373 2661; x_wconf 90' lang='lat' dir='ltr'>idea</span> <span class='ocrx_word' id='word_1_196' title='bbox 396 2600 441 2661; x_wconf 90' lang='lat' dir='ltr'>rei</span> <span class='ocrx_word' id='word_1_197' title='bbox 464 2610 500 2661; x_wconf 89' lang='lat' dir='ltr'>et</span> <span class='ocrx_word' id='word_1_198' title='bbox 524 2608 635 2662; x_wconf 88' lang='lat' dir='ltr'>status</span> <span class='ocrx_word' id='word_1_199' title='bbox 654 2597 766 2679; x_wconf 88' lang='lat' dir='ltr'>quoad</span> <span class='ocrx_word' id='word_1_200' title='bbox 789 2596 887 2680; x_wconf 89' lang='lat' dir='ltr'>quale</span> <span class='ocrx_word' id='word_1_201' title='bbox 900 2618 909 2675; x_wconf 88' lang='lat'>;</span> <span class='ocrx_word' id='word_1_202' title='bbox 933 2617 1034 2679; x_wconf 89' lang='lat' dir='ltr'>quare</span> <span class='ocrx_word' id='word_1_203' title='bbox 1058 2598 1162 2662; x_wconf 91' lang='lat' dir='ltr'>etiam</span> 
     </span>
     <span class='ocr_line' id='line_1_24' title="bbox 104 2688 1163 2772; baseline -0.002 -19"><span class='ocrx_word' id='word_1_204' title='bbox 104 2692 146 2753; x_wconf 85' lang='lat' dir='ltr'>vis</span> <span class='ocrx_word' id='word_1_205' title='bbox 163 2693 266 2753; x_wconf 91' lang='lat' dir='ltr'>datur</span> <span class='ocrx_word' id='word_1_206' title='bbox 289 2709 415 2753; x_wconf 93' lang='lat' dir='ltr'>nomen</span> <span class='ocrx_word' id='word_1_207' title='bbox 437 2690 482 2752; x_wconf 92' lang='lat' dir='ltr'>ibi</span> <span class='ocrx_word' id='word_1_208' title='bbox 504 2710 549 2752; x_wconf 90' lang='lat' dir='ltr'>ex</span> <span class='ocrx_word' id='word_1_209' title='bbox 568 2689 659 2772; x_wconf 90' lang='lat' dir='ltr'>quali</span> <span class='ocrx_word' id='word_1_210' title='bbox 680 2688 763 2769; x_wconf 87' lang='lat' dir='ltr'>ejus.</span> <span class='ocrx_word' id='word_1_211' title='bbox 806 2705 892 2763; x_wconf 80' lang='lat' dir='ltr'>(Quod</span> <span class='ocrx_word' id='word_1_212' title='bbox 905 2704 1163 2764; x_wconf 62' lang='lat' dir='ltr'>argencogirentauo</span> 
     </span>
     <span class='ocr_line' id='line_1_25' title="bbox 104 2784 1162 2844; baseline 0.003 -16"><span class='ocrx_word' id='word_1_213' title='bbox 104 2794 142 2831; x_wconf 78' lang='lat' dir='ltr'>ea</span> <span class='ocrx_word' id='word_1_214' title='bbox 154 2800 257 2844; x_wconf 85' lang='lat' dir='ltr'>persona</span> <span class='ocrx_word' id='word_1_215' title='bbox 267 2794 291 2831; x_wconf 88' lang='lat' dir='ltr'>et</span> <span class='ocrx_word' id='word_1_216' title='bbox 304 2800 320 2830; x_wconf 94' lang='lat' dir='ltr'>a</span> <span class='ocrx_word' id='word_1_217' title='bbox 332 2787 395 2838; x_wconf 89' lang='lat' dir='ltr'>loeo,</span> <span class='ocrx_word' id='word_1_218' title='bbox 405 2793 429 2829; x_wconf 88' lang='lat' dir='ltr'>et</span> <span class='ocrx_word' id='word_1_219' title='bbox 439 2787 507 2843; x_wconf 92' lang='lat' dir='ltr'>quod</span> <span class='ocrx_word' id='word_1_220' title='bbox 520 2786 576 2830; x_wconf 89' lang='lat' dir='ltr'>inde</span> <span class='ocrx_word' id='word_1_221' title='bbox 591 2785 635 2829; x_wconf 90' lang='lat' dir='ltr'>illis</span> <span class='ocrx_word' id='word_1_222' title='bbox 648 2785 771 2842; x_wconf 82' lang='lat' dir='ltr'>sapientia,</span> <span class='ocrx_word' id='word_1_223' title='bbox 782 2785 891 2830; x_wconf 79' lang='lat' dir='ltr'>videatur</span> <span class='ocrx_word' id='word_1_224' title='bbox 901 2798 981 2843; x_wconf 87' lang='lat' dir='ltr'>supra,</span> <span class='ocrx_word' id='word_1_225' title='bbox 992 2798 1016 2830; x_wconf 95' lang='lat' dir='ltr'>n.</span> <span class='ocrx_word' id='word_1_226' title='bbox 1073 2821 1078 2837; x_wconf 94' lang='lat'>,</span> <span class='ocrx_word' id='word_1_227' title='bbox 1094 2784 1162 2840; x_wconf 85' lang='lat'>100,</span> 
     </span>
     <span class='ocr_line' id='line_1_26' title="bbox 104 2786 1160 2931; baseline -0.001 -19"><span class='ocrx_word' id='word_1_228' title='bbox 104 2867 114 2914; x_wconf 70' lang='lat'>³.</span> <span class='ocrx_word' id='word_1_229' title='bbox 130 2866 251 2931; x_wconf 70' lang='lat'>325101.)</span> <span class='ocrx_word' id='word_1_230' title='bbox 295 2848 352 2910; x_wconf 85' lang='lat' dir='ltr'>Ex</span> <span class='ocrx_word' id='word_1_231' title='bbox 375 2848 427 2910; x_wconf 92' lang='lat' dir='ltr'>his</span> <span class='ocrx_word' id='word_1_232' title='bbox 450 2858 611 2910; x_wconf 87' lang='lat' dir='ltr'>constare</span> <span class='ocrx_word' id='word_1_233' title='bbox 637 2858 755 2930; x_wconf 90' lang='lat' dir='ltr'>potest</span> <span class='ocrx_word' id='word_1_234' title='bbox 782 2848 873 2930; x_wconf 94' lang='lat' dir='ltr'>quod</span> <span class='ocrx_word' id='word_1_235' title='bbox 901 2868 961 2930; x_wconf 91' lang='lat' dir='ltr'>per</span> <span class='ocrx_word' id='word_1_236' title='bbox 981 2786 1160 2930; x_wconf 49' lang='lat' dir='ltr'>“diluam</span> 
     </span>
     <span class='ocr_line' id='line_1_27' title="bbox 107 2938 1162 3021; baseline -0.002 -16"><span class='ocrx_word' id='word_1_237' title='bbox 107 2951 181 3005; x_wconf 91' lang='lat' dir='ltr'>tet</span> <span class='ocrx_word' id='word_1_238' title='bbox 208 2941 297 3004; x_wconf 90' lang='lat' dir='ltr'>unde</span> <span class='ocrx_word' id='word_1_239' title='bbox 318 2938 549 3003; x_wconf 74' lang='lat' dir='ltr'>1¹¹venerunt?”</span> <span class='ocrx_word' id='word_1_240' title='bbox 577 2941 609 3002; x_wconf 90' lang='lat' dir='ltr'>in</span> <span class='ocrx_word' id='word_1_241' title='bbox 637 2960 737 3002; x_wconf 91' lang='lat' dir='ltr'>sensu</span> <span class='ocrx_word' id='word_1_242' title='bbox 764 2940 928 3020; x_wconf 92' lang='lat' dir='ltr'>spirituali</span> <span class='ocrx_word' id='word_1_243' title='bbox 955 2938 1162 3021; x_wconf 87' lang='lat' dir='ltr'>significetur</span> 
     </span>
     <span class='ocr_line' id='line_1_28' title="bbox 104 3025 1161 3116; baseline -0.001 -19"><span class='ocrx_word' id='word_1_244' title='bbox 104 3034 156 3098; x_wconf 88' lang='lat' dir='ltr'>les</span> <span class='ocrx_word' id='word_1_245' title='bbox 175 3045 254 3098; x_wconf 90' lang='lat' dir='ltr'>sunt</span> <span class='ocrx_word' id='word_1_246' title='bbox 274 3045 309 3098; x_wconf 89' lang='lat' dir='ltr'>et</span> <span class='ocrx_word' id='word_1_247' title='bbox 325 3034 441 3116; x_wconf 90' lang='lat' dir='ltr'>quales</span> <span class='ocrx_word' id='word_1_248' title='bbox 457 3034 610 3097; x_wconf 86' lang='lat' dir='ltr'>luerunt:</span> <span class='ocrx_word' id='word_1_249' title='bbox 634 3033 733 3116; x_wconf 91' lang='lat' dir='ltr'>quale</span> <span class='ocrx_word' id='word_1_250' title='bbox 749 3035 852 3096; x_wconf 92' lang='lat' dir='ltr'>etiam</span> <span class='ocrx_word' id='word_1_251' title='bbox 868 3052 983 3096; x_wconf 91' lang='lat' dir='ltr'>eorum</span> <span class='ocrx_word' id='word_1_252' title='bbox 1002 3042 1055 3097; x_wconf 91' lang='lat' dir='ltr'>est</span> <span class='ocrx_word' id='word_1_253' title='bbox 1071 3025 1161 3116; x_wconf 92' lang='lat' dir='ltr'>quod</span> 
     </span>
     <span class='ocr_line' id='line_1_29' title="bbox 104 3127 648 3211; baseline -0.002 -21"><span class='ocrx_word' id='word_1_254' title='bbox 104 3146 180 3192; x_wconf 80' lang='lat' dir='ltr'>tunc</span> <span class='ocrx_word' id='word_1_255' title='bbox 200 3129 419 3211; x_wconf 90' lang='lat' dir='ltr'>sequentibus</span> <span class='ocrx_word' id='word_1_256' title='bbox 438 3127 648 3191; x_wconf 91' lang='lat' dir='ltr'>describitur.</span> 
     </span>
    </p>

    <p class='ocr_par' dir='ltr' id='par_1_4' title="bbox 104 3217 1161 4044">
     <span class='ocr_line' id='line_1_30' title="bbox 104 3217 1160 3304; baseline -0.005 -19"><span class='ocrx_word' id='word_1_257' title='bbox 104 3234 196 3304; x_wconf 72' lang='lat'>473·</span> <span class='ocrx_word' id='word_1_258' title='bbox 215 3236 296 3295; x_wconf 74' lang='lat' dir='ltr'>[Vm.</span> <span class='ocrx_word' id='word_1_259' title='bbox 310 3235 356 3294; x_wconf 42' lang='grc' dir='ltr'>ιφ]</span> <span class='ocrx_word' id='word_1_260' title='bbox 379 3219 437 3281; x_wconf 71' lang='lat' dir='ltr'>“fr</span> <span class='ocrx_word' id='word_1_261' title='bbox 448 3219 514 3281; x_wconf 77' lang='lat' dir='ltr'>diri</span> <span class='ocrx_word' id='word_1_262' title='bbox 524 3219 576 3290; x_wconf 81' lang='lat' dir='ltr'>illi,</span> <span class='ocrx_word' id='word_1_263' title='bbox 589 3218 721 3290; x_wconf 73' lang='lat' dir='ltr'>domino,</span> <span class='ocrx_word' id='word_1_264' title='bbox 737 3225 770 3281; x_wconf 77' lang='lat' dir='ltr'>iu</span> <span class='ocrx_word' id='word_1_265' title='bbox 784 3217 1037 3300; x_wconf 75' lang='lat' dir='ltr'>nosti.&#39;&#39;—Quod</span> <span class='ocrx_word' id='word_1_266' title='bbox 1054 3217 1160 3299; x_wconf 87' lang='lat' dir='ltr'>signi-</span> 
     </span>
     <span class='ocr_line' id='line_1_31' title="bbox 105 3310 1161 3394; baseline -0.001 -19"><span class='ocrx_word' id='word_1_267' title='bbox 105 3311 224 3394; x_wconf 86' lang='lat' dir='ltr'>tquoa&#39;</span> <span class='ocrx_word' id='word_1_268' title='bbox 235 3310 326 3375; x_wconf 85' lang='lat' dir='ltr'>solus</span> <span class='ocrx_word' id='word_1_269' title='bbox 341 3311 503 3373; x_wconf 86' lang='lat' dir='ltr'>Dominus</span> <span class='ocrx_word' id='word_1_270' title='bbox 519 3310 559 3372; x_wconf 82' lang='lat' dir='ltr'>r&#39;a&#39;</span> <span class='ocrx_word' id='word_1_271' title='bbox 573 3311 710 3385; x_wconf 81' lang='lat' dir='ltr'>noverit,</span> <span class='ocrx_word' id='word_1_272' title='bbox 728 3321 884 3374; x_wconf 90' lang='lat' dir='ltr'>constare</span> <span class='ocrx_word' id='word_1_273' title='bbox 904 3321 1019 3392; x_wconf 90' lang='lat' dir='ltr'>potest</span> <span class='ocrx_word' id='word_1_274' title='bbox 1035 3332 1079 3374; x_wconf 90' lang='lat' dir='ltr'>ex</span> <span class='ocrx_word' id='word_1_275' title='bbox 1096 3310 1161 3374; x_wconf 91' lang='lat' dir='ltr'>illis</span> 
     </span>
     <span class='ocr_line' id='line_1_32' title="bbox 104 3400 1160 3485; baseline 0.001 -22"><span class='ocrx_word' id='word_1_276' title='bbox 104 3423 129 3466; x_wconf 74' lang='grc' dir='ltr'>,ε</span> <span class='ocrx_word' id='word_1_277' title='bbox 147 3423 248 3485; x_wconf 91' lang='lat' dir='ltr'>supra</span> <span class='ocrx_word' id='word_1_278' title='bbox 268 3419 302 3475; x_wconf 88' lang='lat' dir='ltr'>(n.</span> <span class='ocrx_word' id='word_1_279' title='bbox 313 3417 389 3482; x_wconf 86' lang='lat'>471)</span> <span class='ocrx_word' id='word_1_280' title='bbox 407 3400 498 3465; x_wconf 76' lang='lat' dir='ltr'>didia</span> <span class='ocrx_word' id='word_1_281' title='bbox 516 3411 607 3476; x_wconf 92' lang='lat' dir='ltr'>sunt,</span> <span class='ocrx_word' id='word_1_282' title='bbox 627 3402 718 3483; x_wconf 91' lang='lat' dir='ltr'>quod</span> <span class='ocrx_word' id='word_1_283' title='bbox 741 3422 865 3484; x_wconf 91' lang='lat' dir='ltr'>nempe</span> <span class='ocrx_word' id='word_1_284' title='bbox 884 3422 944 3484; x_wconf 92' lang='lat' dir='ltr'>per</span> <span class='ocrx_word' id='word_1_285' title='bbox 963 3410 1096 3464; x_wconf 91' lang='lat' dir='ltr'>“unum</span> <span class='ocrx_word' id='word_1_286' title='bbox 1114 3423 1160 3464; x_wconf 90' lang='lat' dir='ltr'>ex</span> 
     </span>
     <span class='ocr_line' id='line_1_33' title="bbox 105 3493 1160 3577; baseline 0 -21"><span class='ocrx_word' id='word_1_287' title='bbox 105 3494 254 3568; x_wconf 85' lang='lat' dir='ltr'>loribus,”</span> <span class='ocrx_word' id='word_1_288' title='bbox 267 3495 322 3577; x_wconf 91' lang='lat' dir='ltr'>qui</span> <span class='ocrx_word' id='word_1_289' title='bbox 337 3501 356 3526; x_wconf 94' lang='lat'>“</span> <span class='ocrx_word' id='word_1_290' title='bbox 366 3493 571 3575; x_wconf 87' lang='lat' dir='ltr'>respondit,”</span> <span class='ocrx_word' id='word_1_291' title='bbox 584 3505 619 3557; x_wconf 90' lang='lat' dir='ltr'>et</span> <span class='ocrx_word' id='word_1_292' title='bbox 635 3495 677 3556; x_wconf 90' lang='lat' dir='ltr'>ad</span> <span class='ocrx_word' id='word_1_293' title='bbox 694 3514 793 3575; x_wconf 90' lang='lat' dir='ltr'>quern</span> <span class='ocrx_word' id='word_1_294' title='bbox 812 3514 899 3557; x_wconf 93' lang='lat' dir='ltr'>nunc</span> <span class='ocrx_word' id='word_1_295' title='bbox 916 3495 1046 3567; x_wconf 91' lang='lat' dir='ltr'>dicitur,</span> <span class='ocrx_word' id='word_1_296' title='bbox 1059 3501 1078 3525; x_wconf 93' lang='lat'>“</span> <span class='ocrx_word' id='word_1_297' title='bbox 1088 3494 1160 3556; x_wconf 92' lang='lat' dir='ltr'>Do-</span> 
     </span>
     <span class='ocr_line' id='line_1_34' title="bbox 104 3586 1160 3670; baseline 0.003 -22"><span class='ocrx_word' id='word_1_298' title='bbox 104 3607 143 3661; x_wconf 83' lang='lat' dir='ltr'>re,</span> <span class='ocrx_word' id='word_1_299' title='bbox 154 3600 190 3651; x_wconf 90' lang='lat' dir='ltr'>tu</span> <span class='ocrx_word' id='word_1_300' title='bbox 204 3589 324 3662; x_wconf 88' lang='lat' dir='ltr'>nosti,”</span> <span class='ocrx_word' id='word_1_301' title='bbox 334 3587 573 3668; x_wconf 89' lang='lat' dir='ltr'>intelligature</span> <span class='ocrx_word' id='word_1_302' title='bbox 586 3587 681 3650; x_wconf 92' lang='lat' dir='ltr'>caelo</span> <span class='ocrx_word' id='word_1_303' title='bbox 694 3608 713 3650; x_wconf 90' lang='lat' dir='ltr'>a</span> <span class='ocrx_word' id='word_1_304' title='bbox 726 3586 874 3650; x_wconf 92' lang='lat' dir='ltr'>Domino</span> <span class='ocrx_word' id='word_1_305' title='bbox 886 3609 894 3665; x_wconf 91' lang='lat'>;</span> <span class='ocrx_word' id='word_1_306' title='bbox 913 3606 990 3650; x_wconf 90' lang='lat' dir='ltr'>nam</span> <span class='ocrx_word' id='word_1_307' title='bbox 1004 3588 1160 3670; x_wconf 89' lang='lat' dir='ltr'>quicquid</span> 
     </span>
     <span class='ocr_line' id='line_1_35' title="bbox 104 3680 1160 3759; baseline 0.003 -16"><span class='ocrx_word' id='word_1_308' title='bbox 104 3681 154 3759; x_wconf 71' lang='lat' dir='ltr'>:eli</span> <span class='ocrx_word' id='word_1_309' title='bbox 170 3683 274 3745; x_wconf 89' lang='lat' dir='ltr'>locuti</span> <span class='ocrx_word' id='word_1_310' title='bbox 290 3694 368 3744; x_wconf 89' lang='lat' dir='ltr'>sunt</span> <span class='ocrx_word' id='word_1_311' title='bbox 384 3682 428 3744; x_wconf 88' lang='lat' dir='ltr'>ad</span> <span class='ocrx_word' id='word_1_312' title='bbox 444 3682 598 3745; x_wconf 90' lang='lat' dir='ltr'>homines</span> <span class='ocrx_word' id='word_1_313' title='bbox 614 3682 647 3744; x_wconf 91' lang='lat' dir='ltr'>in</span> <span class='ocrx_word' id='word_1_314' title='bbox 661 3681 787 3755; x_wconf 89' lang='lat' dir='ltr'>Verbo,</span> <span class='ocrx_word' id='word_1_315' title='bbox 802 3702 869 3744; x_wconf 94' lang='lat' dir='ltr'>non</span> <span class='ocrx_word' id='word_1_316' title='bbox 886 3681 933 3743; x_wconf 93' lang='lat' dir='ltr'>illi</span> <span class='ocrx_word' id='word_1_317' title='bbox 950 3680 1054 3744; x_wconf 91' lang='lat' dir='ltr'>locuti</span> <span class='ocrx_word' id='word_1_318' title='bbox 1071 3692 1160 3758; x_wconf 90' lang='lat' dir='ltr'>sunt,</span> 
     </span>
     <span class='ocr_line' id='line_1_36' title="bbox 104 3774 1161 3858; baseline 0.008 -26"><span class='ocrx_word' id='word_1_319' title='bbox 104 3819 108 3832; x_wconf 82' lang='lat'>.</span> <span class='ocrx_word' id='word_1_320' title='bbox 126 3775 288 3839; x_wconf 89' lang='lat' dir='ltr'>Dominus</span> <span class='ocrx_word' id='word_1_321' title='bbox 307 3795 365 3856; x_wconf 90' lang='lat' dir='ltr'>per</span> <span class='ocrx_word' id='word_1_322' title='bbox 384 3775 479 3853; x_wconf 90' lang='lat' dir='ltr'>illos;</span> <span class='ocrx_word' id='word_1_323' title='bbox 507 3796 609 3858; x_wconf 91' lang='lat' dir='ltr'>quare</span> <span class='ocrx_word' id='word_1_324' title='bbox 629 3777 732 3838; x_wconf 88' lang='lat' dir='ltr'>etiam</span> <span class='ocrx_word' id='word_1_325' title='bbox 751 3775 865 3858; x_wconf 89' lang='lat' dir='ltr'>angeli</span> <span class='ocrx_word' id='word_1_326' title='bbox 884 3777 939 3857; x_wconf 91' lang='lat' dir='ltr'>qui</span> <span class='ocrx_word' id='word_1_327' title='bbox 959 3774 1063 3838; x_wconf 91' lang='lat' dir='ltr'>locuti</span> <span class='ocrx_word' id='word_1_328' title='bbox 1082 3786 1161 3841; x_wconf 88' lang='lat' dir='ltr'>sunt</span> 
     </span>
     <span class='ocr_line' id='line_1_37' title="bbox 104 3868 1160 3951; baseline 0.002 -21"><span class='ocrx_word' id='word_1_329' title='bbox 104 3869 165 3932; x_wconf 59' lang='lat' dir='ltr'>ssim</span> <span class='ocrx_word' id='word_1_330' title='bbox 184 3871 227 3932; x_wconf 90' lang='lat' dir='ltr'>ibi</span> <span class='ocrx_word' id='word_1_331' title='bbox 246 3881 412 3932; x_wconf 91' lang='lat' dir='ltr'>vocantur</span> <span class='ocrx_word' id='word_1_332' title='bbox 429 3869 608 3951; x_wconf 91' lang='lat' dir='ltr'>“Jehovah</span> <span class='ocrx_word' id='word_1_333' title='bbox 620 3868 646 3947; x_wconf 86' lang='lat'>;”</span> <span class='ocrx_word' id='word_1_334' title='bbox 669 3880 704 3933; x_wconf 92' lang='lat' dir='ltr'>et</span> <span class='ocrx_word' id='word_1_335' title='bbox 723 3870 801 3932; x_wconf 91' lang='lat' dir='ltr'>inde</span> <span class='ocrx_word' id='word_1_336' title='bbox 820 3870 979 3951; x_wconf 89' lang='lat' dir='ltr'>estquod</span> <span class='ocrx_word' id='word_1_337' title='bbox 997 3870 1160 3944; x_wconf 88' lang='lat' dir='ltr'>Verbum,</span> 
     </span>
     <span class='ocr_line' id='line_1_38' title="bbox 104 3962 1161 4044; baseline 0.008 -24"><span class='ocrx_word' id='word_1_338' title='bbox 104 3979 146 4024; x_wconf 81' lang='lat' dir='ltr'>am</span> <span class='ocrx_word' id='word_1_339' title='bbox 164 3963 196 4025; x_wconf 92' lang='lat' dir='ltr'>id</span> <span class='ocrx_word' id='word_1_340' title='bbox 216 3962 330 4044; x_wconf 85' lang='lat' dir='ltr'>angeli</span> <span class='ocrx_word' id='word_1_341' title='bbox 349 3963 452 4026; x_wconf 89' lang='lat' dir='ltr'>locuti</span> <span class='ocrx_word' id='word_1_342' title='bbox 472 3975 562 4038; x_wconf 86' lang='lat' dir='ltr'>sunt,</span> <span class='ocrx_word' id='word_1_343' title='bbox 582 3965 625 4027; x_wconf 90' lang='lat' dir='ltr'>sit</span> <span class='ocrx_word' id='word_1_344' title='bbox 645 3962 824 4041; x_wconf 91' lang='lat' dir='ltr'>Divinum;</span> <span class='ocrx_word' id='word_1_345' title='bbox 849 3964 960 4026; x_wconf 88' lang='lat' dir='ltr'>nullus</span> <span class='ocrx_word' id='word_1_346' title='bbox 979 3966 1080 4039; x_wconf 90' lang='lat' dir='ltr'>enim,</span> <span class='ocrx_word' id='word_1_347' title='bbox 1098 3984 1161 4028; x_wconf 90' lang='lat' dir='ltr'>nec</span> 
     </span>
    </p>
   </div>
   <div class='ocr_carea' id='block_1_3' title="bbox 104 4055 1162 4328">
    <p class='ocr_par' dir='ltr' id='par_1_5' title="bbox 104 4055 1162 4328">
     <span class='ocr_line' id='line_1_39' title="bbox 104 4055 1162 4140; baseline 0.005 -23"><span class='ocrx_word' id='word_1_348' title='bbox 104 4055 192 4132; x_wconf 73' lang='lat' dir='ltr'>gelus,</span> <span class='ocrx_word' id='word_1_349' title='bbox 217 4078 262 4119; x_wconf 91' lang='lat' dir='ltr'>ex</span> <span class='ocrx_word' id='word_1_350' title='bbox 286 4078 322 4119; x_wconf 92' lang='lat' dir='ltr'>se</span> <span class='ocrx_word' id='word_1_351' title='bbox 346 4067 460 4137; x_wconf 91' lang='lat' dir='ltr'>potest</span> <span class='ocrx_word' id='word_1_352' title='bbox 485 4057 574 4140; x_wconf 92' lang='lat' dir='ltr'>loqui</span> <span class='ocrx_word' id='word_1_353' title='bbox 598 4057 666 4121; x_wconf 93' lang='lat' dir='ltr'>tale</span> <span class='ocrx_word' id='word_1_354' title='bbox 691 4057 850 4120; x_wconf 92' lang='lat' dir='ltr'>Divinum</span> <span class='ocrx_word' id='word_1_355' title='bbox 873 4057 963 4140; x_wconf 93' lang='lat' dir='ltr'>quod</span> <span class='ocrx_word' id='word_1_356' title='bbox 988 4059 1020 4120; x_wconf 93' lang='lat' dir='ltr'>in</span> <span class='ocrx_word' id='word_1_357' title='bbox 1044 4057 1162 4122; x_wconf 95' lang='lat' dir='ltr'>Verbo</span> 
     </span>
     <span class='ocr_line' id='line_1_40' title="bbox 109 4151 1159 4234; baseline -0.002 -17"><span class='ocrx_word' id='word_1_358' title='bbox 109 4160 163 4217; x_wconf 84' lang='lat' dir='ltr'>‚et</span> <span class='ocrx_word' id='word_1_359' title='bbox 184 4171 225 4213; x_wconf 90' lang='lat' dir='ltr'>ne</span> <span class='ocrx_word' id='word_1_360' title='bbox 249 4151 383 4233; x_wconf 90' lang='lat' dir='ltr'>quidem</span> <span class='ocrx_word' id='word_1_361' title='bbox 407 4151 542 4234; x_wconf 91' lang='lat' dir='ltr'>aliquod</span> <span class='ocrx_word' id='word_1_362' title='bbox 561 4171 678 4214; x_wconf 91' lang='lat' dir='ltr'>verum</span> <span class='ocrx_word' id='word_1_363' title='bbox 694 4151 785 4233; x_wconf 92' lang='lat' dir='ltr'>quod</span> <span class='ocrx_word' id='word_1_364' title='bbox 808 4153 841 4214; x_wconf 90' lang='lat' dir='ltr'>in</span> <span class='ocrx_word' id='word_1_365' title='bbox 861 4173 897 4214; x_wconf 92' lang='lat' dir='ltr'>se</span> <span class='ocrx_word' id='word_1_366' title='bbox 917 4161 970 4216; x_wconf 90' lang='lat' dir='ltr'>est</span> <span class='ocrx_word' id='word_1_367' title='bbox 990 4152 1159 4227; x_wconf 89' lang='lat' dir='ltr'>Divinum,</span> 
     </span>
     <span class='ocr_line' id='line_1_41' title="bbox 104 4238 1160 4328; baseline 0.003 -23"><span class='ocrx_word' id='word_1_368' title='bbox 104 4238 114 4296; x_wconf 89' lang='grc' dir='ltr'>Ι</span> <span class='ocrx_word' id='word_1_369' title='bbox 132 4243 216 4307; x_wconf 88' lang='lat' dir='ltr'>solus</span> <span class='ocrx_word' id='word_1_370' title='bbox 237 4245 402 4307; x_wconf 91' lang='lat' dir='ltr'>Dominus</span> <span class='ocrx_word' id='word_1_371' title='bbox 426 4265 484 4327; x_wconf 91' lang='lat' dir='ltr'>per</span> <span class='ocrx_word' id='word_1_372' title='bbox 501 4245 597 4322; x_wconf 88' lang='lat' dir='ltr'>illos;</span> <span class='ocrx_word' id='word_1_373' title='bbox 621 4266 666 4307; x_wconf 88' lang='lat' dir='ltr'>ex</span> <span class='ocrx_word' id='word_1_374' title='bbox 685 4246 735 4308; x_wconf 88' lang='lat' dir='ltr'>his</span> <span class='ocrx_word' id='word_1_375' title='bbox 755 4256 912 4309; x_wconf 89' lang='lat' dir='ltr'>constare</span> <span class='ocrx_word' id='word_1_376' title='bbox 936 4255 1052 4327; x_wconf 89' lang='lat' dir='ltr'>potest</span> <span class='ocrx_word' id='word_1_377' title='bbox 1070 4245 1160 4328; x_wconf 92' lang='lat' dir='ltr'>quod</span> 
     </span>
    </p>
   </div>
   <div class='ocr_carea' id='block_1_4' title="bbox 104 4337 1160 4496">
    <p class='ocr_par' dir='ltr' id='par_1_6' title="bbox 104 4337 1160 4496">
     <span class='ocr_line' id='line_1_42' title="bbox 104 4337 1160 4422; baseline -0.001 -22"><span class='ocrx_word' id='word_1_378' title='bbox 104 4337 310 4413; x_wconf 75' lang='lat' dir='ltr'>r‘·D0mine,</span> <span class='ocrx_word' id='word_1_379' title='bbox 336 4349 372 4402; x_wconf 90' lang='lat' dir='ltr'>tu</span> <span class='ocrx_word' id='word_1_380' title='bbox 399 4339 518 4415; x_wconf 89' lang='lat' dir='ltr'>nosti,’&#39;</span> <span class='ocrx_word' id='word_1_381' title='bbox 536 4337 742 4420; x_wconf 88' lang='lat' dir='ltr'>significetur</span> <span class='ocrx_word' id='word_1_382' title='bbox 765 4339 855 4422; x_wconf 94' lang='lat' dir='ltr'>quod</span> <span class='ocrx_word' id='word_1_383' title='bbox 879 4339 971 4403; x_wconf 92' lang='lat' dir='ltr'>solus</span> <span class='ocrx_word' id='word_1_384' title='bbox 994 4339 1160 4403; x_wconf 92' lang='lat' dir='ltr'>Dominus</span> 
     </span>
     <span class='ocr_line' id='line_1_43' title="bbox 104 4433 234 4496; baseline 0.046 -6"><span class='ocrx_word' id='word_1_385' title='bbox 104 4433 234 4496; x_wconf 83' lang='lat' dir='ltr'>noverit.</span> 
     </span>
    </p>
   </div>
   <div class='ocr_carea' id='block_1_5' title="bbox 0 0 1347 4988">
    <p class='ocr_par' dir='ltr' id='par_1_7' title="bbox 0 0 1347 4988">
     <span class='ocr_line' id='line_1_44' title="bbox 0 0 1347 4988; baseline 0 0"><span class='ocrx_word' id='word_1_386' title='bbox 0 0 1347 4988; x_wconf 95' lang='lat' dir='ltr'> </span> 
     </span>
    </p>
   </div>
  </div>
 </body>
</html>
