2684 4988
99 471 181 554 '936
429 487 677 538 nnocacvrsrs
700 488 924 539 uxrurcnrrl.

115 665 153 720 ut
182 661 333 738 “gentes
362 659 564 720 annuntient
592 659 625 720 in
652 658 768 721 insulis
794 680 814 722 e
841 657 1029 739 longinquo
1041 656 1066 734 ;’'
1085 658 1134 720 sed
1150 655 1187 719 hic

114 769 233 813 sensus
247 770 357 831 purus,
371 752 426 832 qui
442 762 495 813 est
509 751 649 831 angelis.
663 772 765 833 aegre
777 754 960 835 percipitur
971 753 1015 814 ab
1027 751 1188 824 hominibus,

114 847 272 928 quoniam
290 845 444 907 homines
456 864 559 925 aegre
571 847 723 926 cogitare
739 857 880 928 possunt
894 843 1093 909 abstrait&
1106 865 1188 927 penu·

113 941 165 1001 nis
178 950 213 1001 et
226 959 246 1000 a
260 939 352 1011 locis,
364 959 408 1000 ex
421 958 523 1001 causa
535 941 611 1020 quia
623 942 790 1021 cogitatio
801 941 976 1003 hominum
988 951 1041 1002 est
1055 938 1187 1010 naturalis.

113 1041 148 1095 et
168 1033 336 1112 cogitatio
354 1031 518 1096 naturalis
541 1033 574 1094 in
595 1052 637 1095 eo
655 1032 764 1097 differt
783 1054 803 1096 a
822 1035 1034 1114 cogitatione
1052 1031 1187 1114 spirituali

112 1127 203 1208 quod
226 1126 368 1206 alligata
389 1127 432 1190 sit
456 1126 540 1189 locis
562 1137 597 1189 et
621 1129 773 1208 personis
795 1137 830 1190 et
854 1129 932 1190 inde
956 1138 1008 1190 est
1032 1127 1118 1189 finita
1135 1145 1187 1206 pne

112 1218 297 1301 spirituali;
321 1241 407 1301 quae
424 1222 529 1283 etiam
546 1230 716 1284 causaest
733 1222 822 1302 quod
842 1221 937 1302 plura
953 1242 1039 1303 quae
1054 1220 1187 1302 explicata

112 1325 203 1386 sunt,
215 1334 316 1395 aegre
328 1314 415 1378 sorte
426 1315 552 1378 cadant
566 1317 598 1377 in
612 1316 705 1377 ideas
715 1316 936 1396 cogitationis
948 1316 1079 1377 illorum
1089 1317 1134 1396 qui
1142 1313 1186 1374 fixe

112 1417 233 1471 tenent
253 1410 360 1470 visum
380 1411 505 1471 mentis
524 1411 556 1471 in
576 1428 676 1471 sensu
695 1428 827 1472 vocum.
871 1407 977 1489 Apud
997 1409 1149 1478 Daruiiem,

163 1555 278 1618 “Reges
292 1556 471 1606 Tharachirclr
488 1566 516 1606 et
533 1556 680 1606 insularum
699 1571 796 1606 munus
810 1556 954 1614 adducent,
971 1571 1047 1618 reges
1064 1556 1185 1605 Schebaret

243 1621 326 1670 Sebae
338 1635 436 1671 munus
448 1622 571 1670 adferent
580 1621 594 1640 '⁹
605 1622 660 1683 (Ps.
672 1622 746 1671 lxxii.
760 1622 814 1681 10):

111 1761 195 1825 haec
215 1763 258 1825 de
278 1763 445 1839 Domino;
472 1775 508 1827 et
530 1784 589 1845 per
601 1769 757 1825 =“munus
778 1763 971 1827 adducere”
990 1774 1025 1826 et
1046 1756 1184 1825 “adferre'’

110 1856 314 1937 intelligitur
335 1857 467 1933 colere;
498 1868 533 1921 et
557 1878 616 1939 per
641 1864 767 1938 “reges
789 1857 1019 1920 Tharschisch
1042 1868 1074 1920 et
1095 1853 1184 1919 insula-

111 1950 208 2012 rum''
223 1950 460 2031 intelliguntur
475 1972 554 2013 vera
570 1952 730 2014 interiora
745 1961 780 2014 et
797 1953 969 2014 exteriora
985 1950 1132 2039 naturalis
1143 1947 1184 2008 hu·

112 2045 220 2117 minis,
241 2065 306 2126 per.
321 2052 448 2126 “reges
467 2044 719 2107 Tharschisch”
738 2065 817 2107 vera
836 2046 996 2107 interiora
1016 2045 1090 2125 ejus.
1104 2055 1132 2105 et
1145 2058 1184 2121 per

113 2137 268 2200 “insulas
276 2137 291 2161 '⁹
302 2158 380 2200 vera
393 2140 564 2201 exteriora
574 2137 657 2218 ejus;
678 2158 737 2219 per
747 2145 766 2169 “
775 2158 873 2219 reges
885 2137 1039 2201 Schebae
1048 2150 1080 2201 et
1090 2130 1184 2199 Sebae'

111 2231 349 2312 intelliguntur
365 2232 454 2295 bona
470 2233 630 2294 interiora
646 2242 680 2294 et
697 2233 868 2294 exteriora
885 2233 1048 2294 naturalis
1066 2226 1183 2297 hominis,

111 2345 170 2407 per
188 2324 406 2387 “Schebam”
426 2325 516 2388 bona
531 2326 692 2387 interiora
710 2324 791 2404 ejus,
808 2335 844 2387 et
864 2346 922 2406 per
942 2325 1108 2389 “Sebam”
1123 2324 1184 2384 bona

111 2421 282 2481 exteriora
309 2419 399 2498 ejus;
436 2440 495 2500 per
519 2439 597 2480 vera
625 2418 787 2480 naturalis
817 2418 963 2481 hominis
990 2420 1184 2498 intelliguntur

110 2514 324 2593 cognitiones
342 2513 421 2585 veri,
441 2522 476 2576 et
493 2533 552 2594 per
571 2512 660 2574 bona
680 2511 843 2574 naturalis
862 2513 1009 2575 hominis
1029 2512 1183 2590 intelligun·

110 2613 165 2665 tul'
176 2605 392 2683 cognitiones
404 2603 485 2666 boni
497 2625 504 2666 :
522 2621 651 2677 (quodhae
660 2633 703 2677 per
712 2615 725 2633 ‘¹
734 2621 853 2666 Schebam
861 2621 875 2635 ”
883 2631 906 2665 et
916 2619 929 2634 ‘⁸
938 2623 1025 2667 Sebnm
1035 2623 1047 2636 ''
1057 2621 1184 2675 intelligutur.

109 2699 218 2743 videatur
229 2712 251 2744 n.
266 2711 331 2754 1171,
343 2713 416 2756 3240:
433 2707 456 2744 et
471 2701 537 2756 quod
548 2700 602 2743 illae
615 2713 658 2757 per
668 2696 680 2711 '¹
689 2700 873 2751 Tnarsclrisch.''
889 2701 1008 2746 videbitur
1019 2715 1072 2746 mox
1085 2699 1150 2749 intrat)
1159 2681 1183 2737 el

109 2775 187 2855 quia
206 2773 283 2836 illae
302 2774 550 2855 intelliguntur,
571 2776 674 2836 etiarn
693 2775 931 2854 intelliguntur
952 2776 998 2838 illi
1015 2778 1067 2858 qui
1084 2777 1113 2836 in
1127 2784 1183 2846 cog·

110 2867 294 2930 ultionibus
314 2869 435 2930 veriet
456 2869 535 2930 boni
555 2879 643 2930 sunt.
690 2867 793 2949 Apud
812 2867 965 2942 Esarizm,

161 3010 238 3075 “Qui
257 3010 293 3058 illi
312 3011 379 3058 sicut
397 3011 482 3059 nubes
500 3011 636 3064 advolant.
656 3019 683 3059 et
701 3010 769 3059 sicut
786 3011 926 3059 columbae
939 3012 973 3060 ad
992 2998 1183 3060 fenestrarum?

240 3076 302 3138 quia
316 3075 383 3124 Mihi
396 3075 499 3124 insulae
511 3076 654 3132 confident.
668 3086 695 3124 et
708 3090 792 3124 naver
802 3076 981 3125 Tharschisch
994 3079 1022 3125 in
1035 3061 1183 3138 principiutl

239 3141 425 3189 adducendum
439 3141 508 3189 lilios
521 3151 580 3189 tuos
592 3156 607 3188 e
619 3140 789 3204 longinquo”
801 3142 846 3202 (lx.
859 3142 882 3199 8,
895 3143 934 3203 9):

109 3283 193 3347 haec
210 3304 342 3365 quoque
359 3283 401 3344 de
422 3282 569 3344 Domino
586 3280 677 3344 dicta
694 3294 771 3343 sunt
788 3303 795 3358 ;
815 3292 849 3344 et
867 3303 925 3362 per
942 3283 1000 3344 illa
1016 3279 1184 3363 significatu

109 3379 199 3461 quod
214 3378 327 3459 Ipsum
339 3378 506 3457 recepturi
519 3387 554 3439 et
565 3377 712 3456 agnituri
725 3378 779 3457 qui
793 3378 825 3438 in
836 3377 979 3457 simplici
993 3398 1071 3439 vero
1082 3385 1112 3438 et
1122 3373 1184 3433 bono

109 3483 199 3546 sunt,
211 3474 265 3554 qui
279 3481 356 3533 sunt
369 3472 424 3552 qui
438 3491 516 3533 vera
527 3471 631 3533 Verbi
645 3472 832 3551 percipiunt
847 3472 992 3533 naturali
1006 3471 1112 3539 modo.
1122 3452 1184 3545 q1¹⁰d

109 3577 161 3630 est
176 3567 360 3629 secundum
371 3585 505 3628 sensum
518 3565 663 3637 litterae,
675 3575 710 3627 et
721 3564 846 3627 faciunt
861 3564 917 3626 illa
933 3587 940 3641 ;
957 3574 976 3597 ‘⁸
988 3565 1109 3627 insulae
1117 3561 1129 3584 ”
1138 3554 1184 3630 Sll·

109 3659 247 3723 nificant
264 3660 339 3721 illos
356 3661 410 3740 qui
424 3658 575 3722 Verbum
589 3658 733 3721 naturali
748 3660 859 3731 modo,
874 3660 938 3721 hoc
957 3670 1022 3729 est,
1040 3651 1184 3752 secundlffl

109 3774 244 3816 sensum
258 3753 392 3815 litterae
406 3754 593 3834 percipiunt
607 3773 614 3828 ;
638 3762 672 3814 et
692 3758 710 3783 “
720 3773 823 3815 naves
836 3752 1065 3816 Tharschisch
1081 3754 1110 3814 in
1123 3756 1186 3847 pul]

108 3849 196 3929 cipio
207 3846 222 3872 ”
245 3856 323 3908 sunt
347 3846 436 3909 bona
459 3857 544 3928 quae
567 3846 677 3908 ferunt
701 3856 735 3908 et
760 3846 905 3922 faciunt3
939 3827 1180 3909 “Tharschisch'

108 3945 198 4004 enim
218 3940 385 4021 significat
406 3941 595 4003 naturalem
615 3940 786 4002 hominem
806 3941 918 4020 quoad
942 3944 1149 4022 cognitiones.
1163 3929 1188 3985 ‘l

111 4035 368 4098 “Tharschisch
402 4036 434 4097 in
469 4035 654 4116 principio”
684 4034 873 4097 naturalem
908 4034 1080 4097 hominem
1106 4011 1189 4113 quoad

109 4130 323 4210 cognitiones
347 4128 436 4202 boni,
456 4131 615 4210 quoniam
642 4128 675 4190 in
699 4128 927 4190 Tharschisch
952 4141 1025 4191 erat
1049 4141 1147 4191 aurum
1164 4115 1192 4173 et

108 4234 300 4304 argentum,
321 4231 355 4284 et
379 4241 482 4285 naves
502 4222 580 4284 inde
603 4221 786 4303 portabant
808 4221 865 4284 illa
886 4221 915 4302 (ι
938 4222 1021 4303 Rrg.
1041 4245 1074 4285 x.
1093 4218 1147 4299 22),
1160 4217 1194 4272 ²⁰

108 4320 142 4380 in
162 4317 327 4398 principio
346 4336 472 4390 aurum,
494 4338 551 4398 per
570 4317 660 4398 quod
684 4315 891 4397 significatur
913 4316 1063 4393 bonum;
1086 4326 1117 4379 et
1135 4301 1200 4391 qul²

107 4432 152 4476 ex
177 4410 268 4473 bono
290 4420 368 4472 sunt
392 4431 481 4485 vera,
502 4412 579 4474 ideo
602 4413 705 4474 etiam
729 4411 860 4484 dicitur,
888 4410 960 4472 “ad
984 4404 1204 4475 adducendum
