<?xml version="1.0" encoding="UTF-8"?>
<!DOCTYPE html PUBLIC "-//W3C//DTD XHTML 1.0 Transitional//EN"
    "http://www.w3.org/TR/xhtml1/DTD/xhtml1-transitional.dtd">
<html xmlns="http://www.w3.org/1999/xhtml" xml:lang="en" lang="en">
 <head>
  <title>
</title>
<meta http-equiv="Content-Type" content="text/html;charset=utf-8" />
  <meta name='ocr-system' content='tesseract 3.04.00' />
  <meta name='ocr-capabilities' content='ocr_page ocr_carea ocr_par ocr_line ocrx_word'/>
</head>
<body>
  <div class='ocr_page' id='page_1' title='image "./apocalypsisexpl00swedgoog_0422.png"; bbox 0 0 2684 4988; ppageno 0'>
   <div class='ocr_carea' id='block_1_1' title="bbox 120 479 924 544">
    <p class='ocr_par' dir='ltr' id='par_1_1' title="bbox 120 479 924 544">
     <span class='ocr_line' id='line_1_1' title="bbox 120 479 924 544; baseline 0.002 -2"><span class='ocrx_word' id='word_1_1' title='bbox 120 479 201 544; x_wconf 83' lang='lat'>1086</span> <span class='ocrx_word' id='word_1_2' title='bbox 428 491 677 543; x_wconf 74' lang='lat' dir='ltr'>nrocnuresrs</span> <span class='ocrx_word' id='word_1_3' title='bbox 700 493 924 544; x_wconf 75' lang='lat' dir='ltr'>axrmcnrn.</span> 
     </span>
    </p>
   </div>
   <div class='ocr_carea' id='block_1_2' title="bbox 113 661 1198 1686">
    <p class='ocr_par' dir='ltr' id='par_1_2' title="bbox 113 661 1198 1686">
     <span class='ocr_line' id='line_1_2' title="bbox 113 661 1188 746; baseline 0.001 -20"><span class='ocrx_word' id='word_1_4' title='bbox 113 665 328 746; x_wconf 82' lang='lat' dir='ltr'>Judaeorum,</span> <span class='ocrx_word' id='word_1_5' title='bbox 350 665 459 726; x_wconf 92' lang='lat' dir='ltr'>minus</span> <span class='ocrx_word' id='word_1_6' title='bbox 478 665 521 726; x_wconf 92' lang='lat' dir='ltr'>de</span> <span class='ocrx_word' id='word_1_7' title='bbox 544 661 741 727; x_wconf 67' lang='lat' dir='ltr'>redditione</span> <span class='ocrx_word' id='word_1_8' title='bbox 763 664 897 728; x_wconf 90' lang='lat' dir='ltr'>illorum</span> <span class='ocrx_word' id='word_1_9' title='bbox 920 666 952 728; x_wconf 91' lang='lat' dir='ltr'>in</span> <span class='ocrx_word' id='word_1_10' title='bbox 977 676 1094 729; x_wconf 89' lang='lat' dir='ltr'>terram</span> <span class='ocrx_word' id='word_1_11' title='bbox 1110 664 1188 730; x_wconf 81' lang='lat' dir='ltr'>Cana·</span> 
     </span>
     <span class='ocr_line' id='line_1_3' title="bbox 115 755 1192 839; baseline 0.003 -19"><span class='ocrx_word' id='word_1_12' title='bbox 115 778 225 822; x_wconf 92' lang='lat' dir='ltr'>anem.</span> <span class='ocrx_word' id='word_1_13' title='bbox 271 757 371 839; x_wconf 88' lang='lat' dir='ltr'>Quod</span> <span class='ocrx_word' id='word_1_14' title='bbox 395 778 481 839; x_wconf 84' lang='lat' dir='ltr'>gens</span> <span class='ocrx_word' id='word_1_15' title='bbox 502 757 642 838; x_wconf 91' lang='lat' dir='ltr'>Judaica</span> <span class='ocrx_word' id='word_1_16' title='bbox 665 759 698 820; x_wconf 95' lang='lat' dir='ltr'>in</span> <span class='ocrx_word' id='word_1_17' title='bbox 721 758 836 822; x_wconf 87' lang='lat' dir='ltr'>allatis</span> <span class='ocrx_word' id='word_1_18' title='bbox 859 759 943 822; x_wconf 90' lang='lat' dir='ltr'>locis</span> <span class='ocrx_word' id='word_1_19' title='bbox 966 781 1033 823; x_wconf 90' lang='lat' dir='ltr'>non</span> <span class='ocrx_word' id='word_1_20' title='bbox 1055 755 1192 823; x_wconf 74' lang='lat' dir='ltr'>intelledt</span> 
     </span>
     <span class='ocr_line' id='line_1_4' title="bbox 114 853 1191 936; baseline 0.001 -21"><span class='ocrx_word' id='word_1_21' title='bbox 114 853 223 926; x_wconf 84' lang='lat' dir='ltr'>suerit,</span> <span class='ocrx_word' id='word_1_22' title='bbox 235 862 395 915; x_wconf 87' lang='lat' dir='ltr'>constare</span> <span class='ocrx_word' id='word_1_23' title='bbox 405 853 509 915; x_wconf 91' lang='lat' dir='ltr'>etiam</span> <span class='ocrx_word' id='word_1_24' title='bbox 521 861 636 933; x_wconf 89' lang='lat' dir='ltr'>potest</span> <span class='ocrx_word' id='word_1_25' title='bbox 648 873 754 929; x_wconf 84' lang='lat' dir='ltr'>exeo,</span> <span class='ocrx_word' id='word_1_26' title='bbox 765 853 857 935; x_wconf 93' lang='lat' dir='ltr'>quod</span> <span class='ocrx_word' id='word_1_27' title='bbox 870 874 955 935; x_wconf 84' lang='lat' dir='ltr'>gens</span> <span class='ocrx_word' id='word_1_28' title='bbox 966 853 1191 936; x_wconf 79' lang='lat' dir='ltr'>pessimaiuerit.</span> 
     </span>
     <span class='ocr_line' id='line_1_5' title="bbox 114 945 1193 1029; baseline -0.001 -20"><span class='ocrx_word' id='word_1_29' title='bbox 114 956 150 1009; x_wconf 91' lang='lat' dir='ltr'>et</span> <span class='ocrx_word' id='word_1_30' title='bbox 170 947 273 1010; x_wconf 89' lang='lat' dir='ltr'>corde</span> <span class='ocrx_word' id='word_1_31' title='bbox 292 945 493 1024; x_wconf 89' lang='lat' dir='ltr'>idololatra3</span> <span class='ocrx_word' id='word_1_32' title='bbox 517 957 552 1009; x_wconf 88' lang='lat' dir='ltr'>et</span> <span class='ocrx_word' id='word_1_33' title='bbox 571 946 662 1029; x_wconf 93' lang='lat' dir='ltr'>quod</span> <span class='ocrx_word' id='word_1_34' title='bbox 686 966 754 1010; x_wconf 93' lang='lat' dir='ltr'>non</span> <span class='ocrx_word' id='word_1_35' title='bbox 775 947 969 1012; x_wconf 65' lang='lat' dir='ltr'>introducta</span> <span class='ocrx_word' id='word_1_36' title='bbox 986 950 1030 1011; x_wconf 90' lang='lat' dir='ltr'>sit</span> <span class='ocrx_word' id='word_1_37' title='bbox 1052 951 1083 1012; x_wconf 93' lang='lat' dir='ltr'>in</span> <span class='ocrx_word' id='word_1_38' title='bbox 1101 959 1193 1012; x_wconf 88' lang='lat' dir='ltr'>tenan</span> 
     </span>
     <span class='ocr_line' id='line_1_6' title="bbox 114 1039 1195 1123; baseline 0.001 -20"><span class='ocrx_word' id='word_1_39' title='bbox 114 1039 311 1104; x_wconf 91' lang='lat' dir='ltr'>Canaanem</span> <span class='ocrx_word' id='word_1_40' title='bbox 330 1051 469 1123; x_wconf 91' lang='lat' dir='ltr'>propter</span> <span class='ocrx_word' id='word_1_41' title='bbox 487 1039 635 1122; x_wconf 84' lang='lat' dir='ltr'>aliquam</span> <span class='ocrx_word' id='word_1_42' title='bbox 654 1041 765 1104; x_wconf 87' lang='lat' dir='ltr'>cordis</span> <span class='ocrx_word' id='word_1_43' title='bbox 787 1043 980 1107; x_wconf 87' lang='lat' dir='ltr'>bonitatem</span> <span class='ocrx_word' id='word_1_44' title='bbox 999 1053 1034 1107; x_wconf 90' lang='lat' dir='ltr'>et</span> <span class='ocrx_word' id='word_1_45' title='bbox 1053 1042 1195 1123; x_wconf 82' lang='lat' dir='ltr'>justitiam,</span> 
     </span>
     <span class='ocr_line' id='line_1_7' title="bbox 115 1132 1196 1217; baseline 0 -21"><span class='ocrx_word' id='word_1_46' title='bbox 115 1135 174 1197; x_wconf 89' lang='lat' dir='ltr'>sed</span> <span class='ocrx_word' id='word_1_47' title='bbox 193 1145 331 1216; x_wconf 91' lang='lat' dir='ltr'>propter</span> <span class='ocrx_word' id='word_1_48' title='bbox 347 1135 605 1215; x_wconf 83' lang='lat' dir='ltr'>promissionem</span> <span class='ocrx_word' id='word_1_49' title='bbox 621 1132 745 1198; x_wconf 70' lang='lat' dir='ltr'>{ailam</span> <span class='ocrx_word' id='word_1_50' title='bbox 762 1137 914 1217; x_wconf 89' lang='lat' dir='ltr'>patribus</span> <span class='ocrx_word' id='word_1_51' title='bbox 931 1157 1064 1212; x_wconf 91' lang='lat' dir='ltr'>eorum3</span> <span class='ocrx_word' id='word_1_52' title='bbox 1087 1146 1118 1199; x_wconf 89' lang='lat' dir='ltr'>et</span> <span class='ocrx_word' id='word_1_53' title='bbox 1131 1133 1196 1217; x_wconf 85' lang='lat' dir='ltr'>quod</span> 
     </span>
     <span class='ocr_line' id='line_1_8' title="bbox 115 1228 1197 1311; baseline 0 -22"><span class='ocrx_word' id='word_1_54' title='bbox 115 1228 206 1290; x_wconf 91' lang='lat' dir='ltr'>nulla</span> <span class='ocrx_word' id='word_1_55' title='bbox 223 1229 388 1292; x_wconf 89' lang='lat' dir='ltr'>ecclesiae</span> <span class='ocrx_word' id='word_1_56' title='bbox 405 1249 484 1292; x_wconf 87' lang='lat' dir='ltr'>vera</span> <span class='ocrx_word' id='word_1_57' title='bbox 503 1239 538 1292; x_wconf 90' lang='lat' dir='ltr'>et</span> <span class='ocrx_word' id='word_1_58' title='bbox 557 1229 649 1291; x_wconf 90' lang='lat' dir='ltr'>bona</span> <span class='ocrx_word' id='word_1_59' title='bbox 664 1229 787 1293; x_wconf 84' lang='lat' dir='ltr'>suerint</span> <span class='ocrx_word' id='word_1_60' title='bbox 802 1230 891 1311; x_wconf 93' lang='lat' dir='ltr'>apud</span> <span class='ocrx_word' id='word_1_61' title='bbox 910 1231 998 1303; x_wconf 84' lang='lat' dir='ltr'>illos,</span> <span class='ocrx_word' id='word_1_62' title='bbox 1016 1230 1074 1293; x_wconf 90' lang='lat' dir='ltr'>sed</span> <span class='ocrx_word' id='word_1_63' title='bbox 1091 1230 1160 1293; x_wconf 83' lang='lat' dir='ltr'>ialsa</span> <span class='ocrx_word' id='word_1_64' title='bbox 1173 1238 1197 1289; x_wconf 87' lang='lat' dir='ltr'>et</span> 
     </span>
     <span class='ocr_line' id='line_1_9' title="bbox 114 1320 1196 1405; baseline 0 -22"><span class='ocrx_word' id='word_1_65' title='bbox 114 1322 214 1395; x_wconf 86' lang='lat' dir='ltr'>mala,</span> <span class='ocrx_word' id='word_1_66' title='bbox 240 1332 275 1385; x_wconf 89' lang='lat' dir='ltr'>et</span> <span class='ocrx_word' id='word_1_67' title='bbox 298 1323 387 1405; x_wconf 91' lang='lat' dir='ltr'>quod</span> <span class='ocrx_word' id='word_1_68' title='bbox 413 1323 490 1386; x_wconf 91' lang='lat' dir='ltr'>ideo</span> <span class='ocrx_word' id='word_1_69' title='bbox 512 1320 626 1402; x_wconf 73' lang='lat' dir='ltr'>rejedti</span> <span class='ocrx_word' id='word_1_70' title='bbox 650 1333 686 1386; x_wconf 91' lang='lat' dir='ltr'>et</span> <span class='ocrx_word' id='word_1_71' title='bbox 708 1324 841 1405; x_wconf 86' lang='lat' dir='ltr'>expulsi</span> <span class='ocrx_word' id='word_1_72' title='bbox 869 1345 913 1387; x_wconf 89' lang='lat' dir='ltr'>ex</span> <span class='ocrx_word' id='word_1_73' title='bbox 938 1335 1028 1387; x_wconf 91' lang='lat' dir='ltr'>terra</span> <span class='ocrx_word' id='word_1_74' title='bbox 1050 1323 1196 1397; x_wconf 84' lang='lat' dir='ltr'>Canaane3</span> 
     </span>
     <span class='ocr_line' id='line_1_10' title="bbox 114 1417 1198 1500; baseline 0.001 -21"><span class='ocrx_word' id='word_1_75' title='bbox 114 1426 150 1479; x_wconf 93' lang='lat' dir='ltr'>ut</span> <span class='ocrx_word' id='word_1_76' title='bbox 170 1427 329 1480; x_wconf 89' lang='lat' dir='ltr'>constare</span> <span class='ocrx_word' id='word_1_77' title='bbox 346 1428 461 1500; x_wconf 91' lang='lat' dir='ltr'>potest</span> <span class='ocrx_word' id='word_1_78' title='bbox 481 1438 525 1480; x_wconf 85' lang='lat' dir='ltr'>ex</span> <span class='ocrx_word' id='word_1_79' title='bbox 542 1417 699 1480; x_wconf 91' lang='lat' dir='ltr'>omnibus</span> <span class='ocrx_word' id='word_1_80' title='bbox 714 1417 780 1481; x_wconf 90' lang='lat' dir='ltr'>illis</span> <span class='ocrx_word' id='word_1_81' title='bbox 796 1418 881 1481; x_wconf 92' lang='lat' dir='ltr'>locis</span> <span class='ocrx_word' id='word_1_82' title='bbox 895 1420 929 1482; x_wconf 94' lang='lat' dir='ltr'>in</span> <span class='ocrx_word' id='word_1_83' title='bbox 944 1418 1060 1482; x_wconf 91' lang='lat' dir='ltr'>Verbo</span> <span class='ocrx_word' id='word_1_84' title='bbox 1075 1419 1125 1481; x_wconf 90' lang='lat' dir='ltr'>ubi</span> <span class='ocrx_word' id='word_1_85' title='bbox 1137 1436 1198 1499; x_wconf 82' lang='lat' dir='ltr'>gens</span> 
     </span>
     <span class='ocr_line' id='line_1_11' title="bbox 113 1508 1198 1593; baseline 0.001 -21"><span class='ocrx_word' id='word_1_86' title='bbox 113 1509 170 1572; x_wconf 92' lang='lat' dir='ltr'>illa</span> <span class='ocrx_word' id='word_1_87' title='bbox 192 1510 402 1573; x_wconf 84' lang='lat' dir='ltr'>describitur.</span> <span class='ocrx_word' id='word_1_88' title='bbox 449 1508 569 1592; x_wconf 84' lang='lat' dir='ltr'>Qualis</span> <span class='ocrx_word' id='word_1_89' title='bbox 591 1510 650 1573; x_wconf 93' lang='lat' dir='ltr'>illa</span> <span class='ocrx_word' id='word_1_90' title='bbox 672 1531 758 1592; x_wconf 87' lang='lat' dir='ltr'>gens</span> <span class='ocrx_word' id='word_1_91' title='bbox 781 1512 842 1575; x_wconf 83' lang='lat' dir='ltr'>suit</span> <span class='ocrx_word' id='word_1_92' title='bbox 865 1522 900 1574; x_wconf 92' lang='lat' dir='ltr'>et</span> <span class='ocrx_word' id='word_1_93' title='bbox 925 1513 1036 1575; x_wconf 82' lang='lat' dir='ltr'>lutura</span> <span class='ocrx_word' id='word_1_94' title='bbox 1057 1522 1117 1587; x_wconf 89' lang='lat' dir='ltr'>est,</span> <span class='ocrx_word' id='word_1_95' title='bbox 1134 1508 1198 1593; x_wconf 89' lang='lat' dir='ltr'>quod</span> 
     </span>
     <span class='ocr_line' id='line_1_12' title="bbox 113 1604 1086 1686; baseline 0.002 -20"><span class='ocrx_word' id='word_1_96' title='bbox 113 1605 270 1686; x_wconf 86' lang='lat' dir='ltr'>pessima,</span> <span class='ocrx_word' id='word_1_97' title='bbox 291 1604 491 1668; x_wconf 88' lang='lat' dir='ltr'>describitur</span> <span class='ocrx_word' id='word_1_98' title='bbox 509 1625 529 1667; x_wconf 89' lang='lat' dir='ltr'>a</span> <span class='ocrx_word' id='word_1_99' title='bbox 549 1605 647 1668; x_wconf 86' lang='lat' dir='ltr'>Mose</span> <span class='ocrx_word' id='word_1_100' title='bbox 665 1606 698 1667; x_wconf 96' lang='lat' dir='ltr'>in</span> <span class='ocrx_word' id='word_1_101' title='bbox 718 1605 874 1681; x_wconf 89' lang='lat' dir='ltr'>Cantico,</span> <span class='ocrx_word' id='word_1_102' title='bbox 894 1606 947 1668; x_wconf 89' lang='lat' dir='ltr'>his</span> <span class='ocrx_word' id='word_1_103' title='bbox 965 1607 1086 1681; x_wconf 88' lang='lat' dir='ltr'>verbis,</span> 
     </span>
    </p>
   </div>
   <div class='ocr_carea' id='block_1_3' title="bbox 166 1714 1233 2329">
    <p class='ocr_par' dir='ltr' id='par_1_3' title="bbox 166 1714 1233 2329">
     <span class='ocr_line' id='line_1_13' title="bbox 166 1714 1233 1821; baseline -0.002 -27"><span class='ocrx_word' id='word_1_104' title='bbox 166 1748 183 1768; x_wconf 79' lang='lat'>‘⁸</span> <span class='ocrx_word' id='word_1_105' title='bbox 191 1745 336 1794; x_wconf 84' lang='lat' dir='ltr'>Occultabo</span> <span class='ocrx_word' id='word_1_106' title='bbox 344 1745 426 1795; x_wconf 79' lang='lat' dir='ltr'>iacies</span> <span class='ocrx_word' id='word_1_107' title='bbox 436 1760 510 1794; x_wconf 82' lang='lat' dir='ltr'>meas</span> <span class='ocrx_word' id='word_1_108' title='bbox 518 1747 553 1794; x_wconf 77' lang='lat' dir='ltr'>ab</span> <span class='ocrx_word' id='word_1_109' title='bbox 564 1745 625 1804; x_wconf 83' lang='lat' dir='ltr'>illis,</span> <span class='ocrx_word' id='word_1_110' title='bbox 635 1745 731 1794; x_wconf 86' lang='lat' dir='ltr'>videbo</span> <span class='ocrx_word' id='word_1_111' title='bbox 740 1747 803 1809; x_wconf 90' lang='lat' dir='ltr'>quid</span> <span class='ocrx_word' id='word_1_112' title='bbox 813 1747 956 1809; x_wconf 78' lang='lat' dir='ltr'>posteritas</span> <span class='ocrx_word' id='word_1_113' title='bbox 965 1761 1058 1795; x_wconf 90' lang='lat' dir='ltr'>eorum</span> <span class='ocrx_word' id='word_1_114' title='bbox 1068 1761 1074 1805; x_wconf 99' lang='lat'>3</span> <span class='ocrx_word' id='word_1_115' title='bbox 1090 1743 1197 1808; x_wconf 76' lang='lat' dir='ltr'>generatio</span> <span class='ocrx_word' id='word_1_116' title='bbox 1229 1714 1233 1821; x_wconf 62' lang='lat' dir='ltr'>i</span> 
     </span>
     <span class='ocr_line' id='line_1_14' title="bbox 242 1808 1195 1874; baseline 0 -16"><span class='ocrx_word' id='word_1_117' title='bbox 242 1812 314 1859; x_wconf 88' lang='lat' dir='ltr'>enim</span> <span class='ocrx_word' id='word_1_118' title='bbox 328 1811 529 1872; x_wconf 82' lang='lat' dir='ltr'>perversionum</span> <span class='ocrx_word' id='word_1_119' title='bbox 544 1808 617 1867; x_wconf 67' lang='lat' dir='ltr'>vlint,</span> <span class='ocrx_word' id='word_1_120' title='bbox 631 1811 677 1859; x_wconf 81' lang='lat' dir='ltr'>filii</span> <span class='ocrx_word' id='word_1_121' title='bbox 692 1812 718 1860; x_wconf 90' lang='lat' dir='ltr'>in</span> <span class='ocrx_word' id='word_1_122' title='bbox 734 1813 829 1874; x_wconf 88' lang='lat' dir='ltr'>quibus</span> <span class='ocrx_word' id='word_1_123' title='bbox 843 1812 957 1861; x_wconf 77' lang='lat' dir='ltr'>fidelitas</span> <span class='ocrx_word' id='word_1_124' title='bbox 970 1827 1025 1860; x_wconf 88' lang='lat' dir='ltr'>non</span> <span class='ocrx_word' id='word_1_125' title='bbox 1036 1829 1054 1861; x_wconf 80' lang='lat' dir='ltr'>z.</span> <span class='ocrx_word' id='word_1_126' title='bbox 1064 1810 1195 1866; x_wconf 70' lang='lat' dir='ltr'>...dixerint</span> 
     </span>
     <span class='ocr_line' id='line_1_15' title="bbox 245 1875 1197 1938; baseline -0.002 -15"><span class='ocrx_word' id='word_1_127' title='bbox 245 1875 276 1923; x_wconf 87' lang='lat' dir='ltr'>Io</span> <span class='ocrx_word' id='word_1_128' title='bbox 286 1886 421 1924; x_wconf 84' lang='lat' dir='ltr'>extremos</span> <span class='ocrx_word' id='word_1_129' title='bbox 430 1876 545 1938; x_wconf 81' lang='lat' dir='ltr'>angulos</span> <span class='ocrx_word' id='word_1_130' title='bbox 555 1876 658 1938; x_wconf 87' lang='lat' dir='ltr'>ejiciam</span> <span class='ocrx_word' id='word_1_131' title='bbox 670 1876 740 1934; x_wconf 83' lang='lat' dir='ltr'>illos,</span> <span class='ocrx_word' id='word_1_132' title='bbox 749 1892 854 1926; x_wconf 85' lang='lat' dir='ltr'>cessare</span> <span class='ocrx_word' id='word_1_133' title='bbox 863 1876 960 1926; x_wconf 77' lang='lat' dir='ltr'>faciam</span> <span class='ocrx_word' id='word_1_134' title='bbox 969 1880 1004 1925; x_wconf 85' lang='lat' dir='ltr'>ab</span> <span class='ocrx_word' id='word_1_135' title='bbox 1012 1877 1116 1926; x_wconf 87' lang='lat' dir='ltr'>homine</span> <span class='ocrx_word' id='word_1_136' title='bbox 1124 1888 1197 1924; x_wconf 86' lang='lat' dir='ltr'>meno·</span> 
     </span>
     <span class='ocr_line' id='line_1_16' title="bbox 243 1938 1217 2004; baseline -0.002 -15"><span class='ocrx_word' id='word_1_137' title='bbox 243 1941 309 1989; x_wconf 77' lang='lat' dir='ltr'>riam</span> <span class='ocrx_word' id='word_1_138' title='bbox 322 1956 414 1990; x_wconf 87' lang='lat' dir='ltr'>eorum</span> <span class='ocrx_word' id='word_1_139' title='bbox 424 1956 442 1996; x_wconf 84' lang='lat'>3.</span> <span class='ocrx_word' id='word_1_140' title='bbox 453 1979 459 1991; x_wconf 94' lang='lat'>.</span> <span class='ocrx_word' id='word_1_141' title='bbox 469 1979 474 1990; x_wconf 93' lang='lat'>.</span> <span class='ocrx_word' id='word_1_142' title='bbox 486 1956 559 1990; x_wconf 76' lang='lat' dir='ltr'>mam</span> <span class='ocrx_word' id='word_1_143' title='bbox 572 1956 640 2003; x_wconf 84' lang='lat' dir='ltr'>geos</span> <span class='ocrx_word' id='word_1_144' title='bbox 655 1943 757 2004; x_wconf 82' lang='lat' dir='ltr'>perdita</span> <span class='ocrx_word' id='word_1_145' title='bbox 768 1942 888 1991; x_wconf 88' lang='lat' dir='ltr'>consiliis</span> <span class='ocrx_word' id='word_1_146' title='bbox 900 1943 947 1999; x_wconf 91' lang='lat' dir='ltr'>illi,</span> <span class='ocrx_word' id='word_1_147' title='bbox 963 1957 1012 1990; x_wconf 89' lang='lat' dir='ltr'>nec</span> <span class='ocrx_word' id='word_1_148' title='bbox 1027 1942 1053 1991; x_wconf 89' lang='lat' dir='ltr'>in</span> <span class='ocrx_word' id='word_1_149' title='bbox 1068 1942 1116 1990; x_wconf 86' lang='lat' dir='ltr'>illis</span> <span class='ocrx_word' id='word_1_150' title='bbox 1128 1938 1196 1989; x_wconf 84' lang='lat' dir='ltr'>intelli·</span> <span class='ocrx_word' id='word_1_151' title='bbox 1214 1966 1217 1973; x_wconf 94' lang='lat'>·</span> 
     </span>
     <span class='ocr_line' id='line_1_17' title="bbox 242 2006 1194 2070; baseline -0.001 -15"><span class='ocrx_word' id='word_1_152' title='bbox 242 2006 334 2068; x_wconf 70' lang='lat' dir='ltr'>gentis</span> <span class='ocrx_word' id='word_1_153' title='bbox 343 2021 360 2060; x_wconf 80' lang='lat'>3.</span> <span class='ocrx_word' id='word_1_154' title='bbox 371 2043 377 2056; x_wconf 92' lang='lat'>.</span> <span class='ocrx_word' id='word_1_155' title='bbox 387 2044 393 2056; x_wconf 88' lang='lat'>.</span> <span class='ocrx_word' id='word_1_156' title='bbox 404 2007 448 2056; x_wconf 88' lang='lat' dir='ltr'>.de</span> <span class='ocrx_word' id='word_1_157' title='bbox 463 2007 517 2055; x_wconf 85' lang='lat' dir='ltr'>vite</span> <span class='ocrx_word' id='word_1_158' title='bbox 532 2006 665 2057; x_wconf 84' lang='lat' dir='ltr'>Sodomae</span> <span class='ocrx_word' id='word_1_159' title='bbox 680 2007 742 2056; x_wconf 86' lang='lat' dir='ltr'>vitis</span> <span class='ocrx_word' id='word_1_160' title='bbox 756 2022 858 2066; x_wconf 88' lang='lat' dir='ltr'>eorum,</span> <span class='ocrx_word' id='word_1_161' title='bbox 875 2017 902 2056; x_wconf 90' lang='lat' dir='ltr'>et</span> <span class='ocrx_word' id='word_1_162' title='bbox 919 2008 952 2056; x_wconf 89' lang='lat' dir='ltr'>de</span> <span class='ocrx_word' id='word_1_163' title='bbox 966 2011 1039 2070; x_wconf 79' lang='lat' dir='ltr'>agris</span> <span class='ocrx_word' id='word_1_164' title='bbox 1052 2006 1194 2060; x_wconf 65' lang='lat' dir='ltr'>Gomorrae.</span> 
     </span>
     <span class='ocr_line' id='line_1_18' title="bbox 242 2071 1195 2133; baseline -0.003 -13"><span class='ocrx_word' id='word_1_165' title='bbox 242 2086 311 2120; x_wconf 81' lang='lat' dir='ltr'>uvae</span> <span class='ocrx_word' id='word_1_166' title='bbox 320 2071 379 2133; x_wconf 84' lang='lat' dir='ltr'>ejus</span> <span class='ocrx_word' id='word_1_167' title='bbox 388 2086 457 2120; x_wconf 87' lang='lat' dir='ltr'>uvae</span> <span class='ocrx_word' id='word_1_168' title='bbox 467 2071 545 2128; x_wconf 80' lang='lat' dir='ltr'>tellis.</span> <span class='ocrx_word' id='word_1_169' title='bbox 557 2073 625 2120; x_wconf 80' lang='lat' dir='ltr'>botri</span> <span class='ocrx_word' id='word_1_170' title='bbox 635 2072 842 2121; x_wconf 72' lang='lat' dir='ltr'>amaritudinum</span> <span class='ocrx_word' id='word_1_171' title='bbox 853 2072 906 2121; x_wconf 83' lang='lat' dir='ltr'>illis</span> <span class='ocrx_word' id='word_1_172' title='bbox 917 2087 923 2131; x_wconf 86' lang='lat'>3</span> <span class='ocrx_word' id='word_1_173' title='bbox 941 2087 1074 2121; x_wconf 80' lang='lat' dir='ltr'>venenum</span> <span class='ocrx_word' id='word_1_174' title='bbox 1083 2072 1195 2120; x_wconf 78' lang='lat' dir='ltr'>draconun</span> 
     </span>
     <span class='ocr_line' id='line_1_19' title="bbox 242 2134 1194 2199; baseline -0.002 -15"><span class='ocrx_word' id='word_1_175' title='bbox 242 2137 334 2185; x_wconf 86' lang='lat' dir='ltr'>vinum</span> <span class='ocrx_word' id='word_1_176' title='bbox 347 2152 448 2191; x_wconf 85' lang='lat' dir='ltr'>eorum.</span> <span class='ocrx_word' id='word_1_177' title='bbox 460 2146 487 2186; x_wconf 87' lang='lat' dir='ltr'>et</span> <span class='ocrx_word' id='word_1_178' title='bbox 498 2137 534 2186; x_wconf 84' lang='lat' dir='ltr'>iel</span> <span class='ocrx_word' id='word_1_179' title='bbox 546 2138 669 2199; x_wconf 81' lang='lat' dir='ltr'>aspidum</span> <span class='ocrx_word' id='word_1_180' title='bbox 681 2137 797 2187; x_wconf 85' lang='lat' dir='ltr'>crudele.</span> <span class='ocrx_word' id='word_1_181' title='bbox 828 2134 955 2186; x_wconf 79' lang='lat' dir='ltr'>[¹lNonne</span> <span class='ocrx_word' id='word_1_182' title='bbox 967 2138 1032 2187; x_wconf 93' lang='lat' dir='ltr'>illud</span> <span class='ocrx_word' id='word_1_183' title='bbox 1044 2136 1194 2187; x_wconf 77' lang='lat' dir='ltr'>absconditum</span> 
     </span>
     <span class='ocr_line' id='line_1_20' title="bbox 243 2200 1195 2264; baseline -0.004 -14"><span class='ocrx_word' id='word_1_184' title='bbox 243 2203 313 2264; x_wconf 86' lang='lat' dir='ltr'>apud</span> <span class='ocrx_word' id='word_1_185' title='bbox 325 2202 379 2259; x_wconf 84' lang='lat' dir='ltr'>Me,</span> <span class='ocrx_word' id='word_1_186' title='bbox 390 2203 562 2263; x_wconf 77' lang='lat' dir='ltr'>obsignatum</span> <span class='ocrx_word' id='word_1_187' title='bbox 576 2203 603 2251; x_wconf 89' lang='lat' dir='ltr'>in</span> <span class='ocrx_word' id='word_1_188' title='bbox 616 2203 749 2252; x_wconf 82' lang='lat' dir='ltr'>thesauris</span> <span class='ocrx_word' id='word_1_189' title='bbox 761 2203 847 2253; x_wconf 82' lang='lat' dir='ltr'>meis?</span> <span class='ocrx_word' id='word_1_190' title='bbox 876 2202 944 2252; x_wconf 85' lang='lat' dir='ltr'>Mihi</span> <span class='ocrx_word' id='word_1_191' title='bbox 954 2201 1072 2253; x_wconf 72' lang='lat' dir='ltr'>vindicta</span> <span class='ocrx_word' id='word_1_192' title='bbox 1080 2213 1106 2252; x_wconf 85' lang='lat' dir='ltr'>et</span> <span class='ocrx_word' id='word_1_193' title='bbox 1115 2200 1195 2250; x_wconf 82' lang='lat' dir='ltr'>retribu·</span> 
     </span>
     <span class='ocr_line' id='line_1_21' title="bbox 242 2250 1233 2329; baseline 0.002 -13"><span class='ocrx_word' id='word_1_194' title='bbox 242 2267 301 2316; x_wconf 90' lang='lat' dir='ltr'>tio&#39;&#39;</span> <span class='ocrx_word' id='word_1_195' title='bbox 313 2268 416 2329; x_wconf 61' lang='grc' dir='ltr'>(θεαῖν.</span> <span class='ocrx_word' id='word_1_196' title='bbox 428 2268 510 2318; x_wconf 83' lang='lat' dir='ltr'>xxxii.</span> <span class='ocrx_word' id='word_1_197' title='bbox 522 2270 628 2329; x_wconf 75' lang='lat' dir='ltr'>20-35J:</span> <span class='ocrx_word' id='word_1_198' title='bbox 1229 2250 1233 2291; x_wconf 72' lang='grc' dir='ltr'>Ι</span> 
     </span>
    </p>
   </div>
   <div class='ocr_carea' id='block_1_4' title="bbox 112 2360 1233 2482">
    <p class='ocr_par' dir='ltr' id='par_1_4' title="bbox 112 2360 1233 2482">
     <span class='ocr_line' id='line_1_22' title="bbox 112 2360 1233 2482; baseline -0.002 -21"><span class='ocrx_word' id='word_1_199' title='bbox 112 2398 313 2462; x_wconf 87' lang='lat' dir='ltr'>describitur</span> <span class='ocrx_word' id='word_1_200' title='bbox 336 2398 380 2461; x_wconf 93' lang='lat' dir='ltr'>ibi</span> <span class='ocrx_word' id='word_1_201' title='bbox 403 2398 511 2481; x_wconf 89' lang='lat' dir='ltr'>qualis</span> <span class='ocrx_word' id='word_1_202' title='bbox 534 2398 679 2462; x_wconf 90' lang='lat' dir='ltr'>ecclesia</span> <span class='ocrx_word' id='word_1_203' title='bbox 702 2409 755 2463; x_wconf 91' lang='lat' dir='ltr'>est</span> <span class='ocrx_word' id='word_1_204' title='bbox 777 2400 865 2481; x_wconf 93' lang='lat' dir='ltr'>apud</span> <span class='ocrx_word' id='word_1_205' title='bbox 889 2398 978 2472; x_wconf 88' lang='lat' dir='ltr'>illos,</span> <span class='ocrx_word' id='word_1_206' title='bbox 1000 2399 1087 2482; x_wconf 93' lang='lat' dir='ltr'>quod</span> <span class='ocrx_word' id='word_1_207' title='bbox 1104 2413 1194 2475; x_wconf 86' lang='lat' dir='ltr'>nempe</span> <span class='ocrx_word' id='word_1_208' title='bbox 1227 2360 1233 2399; x_wconf 23' lang='grc' dir='ltr'>Ἰ</span> 
     </span>
    </p>
   </div>
   <div class='ocr_carea' id='block_1_5' title="bbox 110 2487 1194 3610">
    <p class='ocr_par' dir='ltr' id='par_1_5' title="bbox 110 2487 1194 3610">
     <span class='ocr_line' id='line_1_23' title="bbox 112 2487 1194 2576; baseline -0.006 -21"><span class='ocrx_word' id='word_1_209' title='bbox 112 2494 144 2555; x_wconf 94' lang='lat' dir='ltr'>in</span> <span class='ocrx_word' id='word_1_210' title='bbox 164 2495 243 2555; x_wconf 90' lang='lat' dir='ltr'>diris</span> <span class='ocrx_word' id='word_1_211' title='bbox 262 2493 353 2556; x_wconf 84' lang='lat' dir='ltr'>ialsis</span> <span class='ocrx_word' id='word_1_212' title='bbox 372 2515 416 2556; x_wconf 90' lang='lat' dir='ltr'>ex</span> <span class='ocrx_word' id='word_1_213' title='bbox 434 2494 544 2568; x_wconf 90' lang='lat' dir='ltr'>malo;</span> <span class='ocrx_word' id='word_1_214' title='bbox 568 2493 713 2556; x_wconf 91' lang='lat' dir='ltr'>ecclesia</span> <span class='ocrx_word' id='word_1_215' title='bbox 732 2494 821 2575; x_wconf 90' lang='lat' dir='ltr'>apud</span> <span class='ocrx_word' id='word_1_216' title='bbox 841 2494 918 2556; x_wconf 90' lang='lat' dir='ltr'>illos</span> <span class='ocrx_word' id='word_1_217' title='bbox 934 2494 1043 2576; x_wconf 89' lang='lat' dir='ltr'>qualis</span> <span class='ocrx_word' id='word_1_218' title='bbox 1057 2503 1106 2557; x_wconf 89' lang='lat' dir='ltr'>est</span> <span class='ocrx_word' id='word_1_219' title='bbox 1122 2487 1194 2554; x_wconf 89' lang='lat' dir='ltr'>intel·</span> 
     </span>
     <span class='ocr_line' id='line_1_24' title="bbox 112 2581 1194 2670; baseline -0.002 -21"><span class='ocrx_word' id='word_1_220' title='bbox 112 2588 226 2669; x_wconf 87' lang='lat' dir='ltr'>ligitur</span> <span class='ocrx_word' id='word_1_221' title='bbox 243 2609 301 2670; x_wconf 92' lang='lat' dir='ltr'>per</span> <span class='ocrx_word' id='word_1_222' title='bbox 317 2588 406 2670; x_wconf 94' lang='lat' dir='ltr'>quod</span> <span class='ocrx_word' id='word_1_223' title='bbox 426 2589 497 2650; x_wconf 87' lang='lat' dir='ltr'>“de</span> <span class='ocrx_word' id='word_1_224' title='bbox 513 2589 583 2650; x_wconf 91' lang='lat' dir='ltr'>vite</span> <span class='ocrx_word' id='word_1_225' title='bbox 602 2586 772 2651; x_wconf 86' lang='lat' dir='ltr'>Sodomae</span> <span class='ocrx_word' id='word_1_226' title='bbox 787 2588 865 2650; x_wconf 87' lang='lat' dir='ltr'>vitis</span> <span class='ocrx_word' id='word_1_227' title='bbox 882 2609 1011 2661; x_wconf 87' lang='lat' dir='ltr'>eorum,</span> <span class='ocrx_word' id='word_1_228' title='bbox 1029 2598 1062 2651; x_wconf 92' lang='lat' dir='ltr'>et</span> <span class='ocrx_word' id='word_1_229' title='bbox 1080 2587 1118 2649; x_wconf 93' lang='lat' dir='ltr'>de</span> <span class='ocrx_word' id='word_1_230' title='bbox 1130 2581 1194 2664; x_wconf 77' lang='lat' dir='ltr'>agris</span> 
     </span>
     <span class='ocr_line' id='line_1_25' title="bbox 112 2675 1192 2763; baseline -0.008 -18"><span class='ocrx_word' id='word_1_231' title='bbox 112 2682 324 2745; x_wconf 87' lang='lat' dir='ltr'>Gomorrhae</span> <span class='ocrx_word' id='word_1_232' title='bbox 337 2683 362 2759; x_wconf 88' lang='lat'>;”</span> <span class='ocrx_word' id='word_1_233' title='bbox 391 2683 521 2745; x_wconf 86' lang='lat' dir='ltr'>“vitis&#39;‘</span> <span class='ocrx_word' id='word_1_234' title='bbox 544 2682 713 2763; x_wconf 86' lang='lat' dir='ltr'>significat</span> <span class='ocrx_word' id='word_1_235' title='bbox 736 2683 939 2745; x_wconf 90' lang='lat' dir='ltr'>ecclesiam:</span> <span class='ocrx_word' id='word_1_236' title='bbox 967 2683 1051 2744; x_wconf 85' lang='lat' dir='ltr'>falsa</span> <span class='ocrx_word' id='word_1_237' title='bbox 1069 2702 1110 2744; x_wconf 90' lang='lat' dir='ltr'>ex</span> <span class='ocrx_word' id='word_1_238' title='bbox 1128 2675 1192 2741; x_wconf 84' lang='lat' dir='ltr'>nalo</span> 
     </span>
     <span class='ocr_line' id='line_1_26' title="bbox 111 2767 1192 2859; baseline -0.008 -20"><span class='ocrx_word' id='word_1_239' title='bbox 111 2798 196 2859; x_wconf 89' lang='lat' dir='ltr'>quae</span> <span class='ocrx_word' id='word_1_240' title='bbox 211 2777 275 2840; x_wconf 92' lang='lat' dir='ltr'>illis</span> <span class='ocrx_word' id='word_1_241' title='bbox 293 2777 529 2857; x_wconf 85' lang='lat' dir='ltr'>intelliguntur</span> <span class='ocrx_word' id='word_1_242' title='bbox 545 2799 604 2858; x_wconf 90' lang='lat' dir='ltr'>per</span> <span class='ocrx_word' id='word_1_243' title='bbox 616 2776 705 2858; x_wconf 91' lang='lat' dir='ltr'>quod</span> <span class='ocrx_word' id='word_1_244' title='bbox 721 2783 834 2839; x_wconf 83' lang='lat' dir='ltr'>“uvae</span> <span class='ocrx_word' id='word_1_245' title='bbox 847 2777 917 2856; x_wconf 91' lang='lat' dir='ltr'>ejus</span> <span class='ocrx_word' id='word_1_246' title='bbox 930 2798 1015 2839; x_wconf 90' lang='lat' dir='ltr'>uvae</span> <span class='ocrx_word' id='word_1_247' title='bbox 1028 2776 1118 2847; x_wconf 82' lang='lat' dir='ltr'>sellis,</span> <span class='ocrx_word' id='word_1_248' title='bbox 1129 2767 1192 2834; x_wconf 89' lang='lat' dir='ltr'>botri</span> 
     </span>
     <span class='ocr_line' id='line_1_27' title="bbox 110 2869 1192 2942; baseline -0.004 -9"><span class='ocrx_word' id='word_1_249' title='bbox 110 2871 371 2933; x_wconf 81' lang='lat' dir='ltr'>amaritudinum</span> <span class='ocrx_word' id='word_1_250' title='bbox 396 2872 471 2942; x_wconf 81' lang='lat' dir='ltr'>illis,</span> <span class='ocrx_word' id='word_1_251' title='bbox 495 2891 664 2934; x_wconf 90' lang='lat' dir='ltr'>venenum</span> <span class='ocrx_word' id='word_1_252' title='bbox 691 2872 875 2933; x_wconf 87' lang='lat' dir='ltr'>draconum</span> <span class='ocrx_word' id='word_1_253' title='bbox 899 2872 1015 2933; x_wconf 90' lang='lat' dir='ltr'>vinum</span> <span class='ocrx_word' id='word_1_254' title='bbox 1042 2886 1151 2939; x_wconf 87' lang='lat' dir='ltr'>eorum,</span> <span class='ocrx_word' id='word_1_255' title='bbox 1168 2869 1192 2924; x_wconf 83' lang='lat' dir='ltr'>et</span> 
     </span>
     <span class='ocr_line' id='line_1_28' title="bbox 111 2960 1192 3048; baseline -0.012 -20"><span class='ocrx_word' id='word_1_256' title='bbox 111 2965 154 3028; x_wconf 88' lang='lat' dir='ltr'>iel</span> <span class='ocrx_word' id='word_1_257' title='bbox 173 2965 328 3048; x_wconf 90' lang='lat' dir='ltr'>aspidum</span> <span class='ocrx_word' id='word_1_258' title='bbox 344 2965 480 3028; x_wconf 90' lang='lat' dir='ltr'>crudele</span> <span class='ocrx_word' id='word_1_259' title='bbox 493 2965 519 3042; x_wconf 89' lang='lat'>3”</span> <span class='ocrx_word' id='word_1_260' title='bbox 548 2963 682 3026; x_wconf 85' lang='lat' dir='ltr'>“uvae‘&#39;</span> <span class='ocrx_word' id='word_1_261' title='bbox 694 2961 886 3044; x_wconf 85' lang='lat' dir='ltr'>significant</span> <span class='ocrx_word' id='word_1_262' title='bbox 904 2961 993 3023; x_wconf 93' lang='lat' dir='ltr'>bona</span> <span class='ocrx_word' id='word_1_263' title='bbox 1006 2960 1158 3032; x_wconf 85' lang='lat' dir='ltr'>ecclesiae,</span> <span class='ocrx_word' id='word_1_264' title='bbox 1168 2961 1192 3016; x_wconf 83' lang='lat' dir='ltr'>at</span> 
     </span>
     <span class='ocr_line' id='line_1_29' title="bbox 113 3055 1192 3139; baseline -0.009 -17"><span class='ocrx_word' id='word_1_265' title='bbox 113 3068 226 3122; x_wconf 82' lang='lat' dir='ltr'>“uvae</span> <span class='ocrx_word' id='word_1_266' title='bbox 250 3059 336 3121; x_wconf 89' lang='lat' dir='ltr'>sellis</span> <span class='ocrx_word' id='word_1_267' title='bbox 359 3080 397 3122; x_wconf 93' lang='lat' dir='ltr'>ac</span> <span class='ocrx_word' id='word_1_268' title='bbox 422 3059 511 3122; x_wconf 92' lang='lat' dir='ltr'>botri</span> <span class='ocrx_word' id='word_1_269' title='bbox 540 3058 824 3122; x_wconf 87' lang='lat' dir='ltr'>amaritudinum”</span> <span class='ocrx_word' id='word_1_270' title='bbox 847 3058 1041 3139; x_wconf 84' lang='lat' dir='ltr'>significant</span> <span class='ocrx_word' id='word_1_271' title='bbox 1068 3055 1143 3119; x_wconf 87' lang='lat' dir='ltr'>mala</span> <span class='ocrx_word' id='word_1_272' title='bbox 1162 3067 1192 3112; x_wconf 83' lang='lat' dir='ltr'>ex</span> 
     </span>
     <span class='ocr_line' id='line_1_30' title="bbox 110 3152 1192 3234; baseline -0.012 -17"><span class='ocrx_word' id='word_1_273' title='bbox 110 3154 189 3217; x_wconf 91' lang='lat' dir='ltr'>diris</span> <span class='ocrx_word' id='word_1_274' title='bbox 208 3153 319 3230; x_wconf 85' lang='lat' dir='ltr'>falsis3</span> <span class='ocrx_word' id='word_1_275' title='bbox 349 3155 423 3234; x_wconf 91' lang='lat' dir='ltr'>ipsa</span> <span class='ocrx_word' id='word_1_276' title='bbox 443 3153 528 3216; x_wconf 85' lang='lat' dir='ltr'>salsa</span> <span class='ocrx_word' id='word_1_277' title='bbox 551 3174 666 3217; x_wconf 90' lang='lat' dir='ltr'>eorum</span> <span class='ocrx_word' id='word_1_278' title='bbox 691 3152 930 3234; x_wconf 83' lang='lat' dir='ltr'>intelliguntur</span> <span class='ocrx_word' id='word_1_279' title='bbox 953 3173 1013 3234; x_wconf 91' lang='lat' dir='ltr'>per</span> <span class='ocrx_word' id='word_1_280' title='bbox 1033 3158 1192 3214; x_wconf 82' lang='lat' dir='ltr'>“venenum</span> 
     </span>
     <span class='ocr_line' id='line_1_31' title="bbox 110 3232 1191 3328; baseline -0.01 -17"><span class='ocrx_word' id='word_1_281' title='bbox 110 3250 295 3311; x_wconf 87' lang='lat' dir='ltr'>draconum</span> <span class='ocrx_word' id='word_1_282' title='bbox 309 3249 422 3310; x_wconf 91' lang='lat' dir='ltr'>vinum</span> <span class='ocrx_word' id='word_1_283' title='bbox 439 3268 566 3322; x_wconf 87' lang='lat' dir='ltr'>eorum,</span> <span class='ocrx_word' id='word_1_284' title='bbox 581 3258 614 3311; x_wconf 93' lang='lat' dir='ltr'>et</span> <span class='ocrx_word' id='word_1_285' title='bbox 632 3248 674 3310; x_wconf 88' lang='lat' dir='ltr'>iel</span> <span class='ocrx_word' id='word_1_286' title='bbox 694 3247 847 3328; x_wconf 87' lang='lat' dir='ltr'>aspidum</span> <span class='ocrx_word' id='word_1_287' title='bbox 865 3246 1004 3310; x_wconf 90' lang='lat' dir='ltr'>crudele</span> <span class='ocrx_word' id='word_1_288' title='bbox 1016 3247 1041 3324; x_wconf 86' lang='lat'>3’&#39;</span> <span class='ocrx_word' id='word_1_289' title='bbox 1060 3232 1191 3306; x_wconf 83' lang='lat' dir='ltr'>“vinum&#39;&#39;</span> 
     </span>
     <span class='ocr_line' id='line_1_32' title="bbox 111 3326 1190 3425; baseline -0.008 -20"><span class='ocrx_word' id='word_1_290' title='bbox 111 3343 279 3425; x_wconf 86' lang='lat' dir='ltr'>significat</span> <span class='ocrx_word' id='word_1_291' title='bbox 299 3362 414 3404; x_wconf 91' lang='lat' dir='ltr'>verum</span> <span class='ocrx_word' id='word_1_292' title='bbox 434 3362 479 3404; x_wconf 89' lang='lat' dir='ltr'>ex</span> <span class='ocrx_word' id='word_1_293' title='bbox 499 3341 625 3417; x_wconf 89' lang='lat' dir='ltr'>Verbo,</span> <span class='ocrx_word' id='word_1_294' title='bbox 646 3351 681 3403; x_wconf 89' lang='lat' dir='ltr'>at</span> <span class='ocrx_word' id='word_1_295' title='bbox 704 3347 903 3404; x_wconf 89' lang='lat' dir='ltr'>“venenum</span> <span class='ocrx_word' id='word_1_296' title='bbox 927 3342 1106 3404; x_wconf 89' lang='lat' dir='ltr'>draconum</span> <span class='ocrx_word' id='word_1_297' title='bbox 1121 3344 1147 3397; x_wconf 89' lang='lat' dir='ltr'>et</span> <span class='ocrx_word' id='word_1_298' title='bbox 1160 3326 1190 3392; x_wconf 84' lang='lat' dir='ltr'>sel</span> 
     </span>
     <span class='ocr_line' id='line_1_33' title="bbox 110 3420 1189 3519; baseline -0.01 -20"><span class='ocrx_word' id='word_1_299' title='bbox 110 3438 263 3519; x_wconf 88' lang='lat' dir='ltr'>aspidum</span> <span class='ocrx_word' id='word_1_300' title='bbox 274 3436 289 3459; x_wconf 90' lang='lat'>&#39;&#39;</span> <span class='ocrx_word' id='word_1_301' title='bbox 309 3435 477 3516; x_wconf 85' lang='lat' dir='ltr'>significat</span> <span class='ocrx_word' id='word_1_302' title='bbox 497 3455 637 3499; x_wconf 91' lang='lat' dir='ltr'>enorme</span> <span class='ocrx_word' id='word_1_303' title='bbox 656 3435 775 3497; x_wconf 87' lang='lat' dir='ltr'>salsum</span> <span class='ocrx_word' id='word_1_304' title='bbox 799 3436 889 3516; x_wconf 93' lang='lat' dir='ltr'>quod</span> <span class='ocrx_word' id='word_1_305' title='bbox 909 3437 1030 3499; x_wconf 86' lang='lat' dir='ltr'>existit</span> <span class='ocrx_word' id='word_1_306' title='bbox 1051 3454 1093 3497; x_wconf 88' lang='lat' dir='ltr'>ex</span> <span class='ocrx_word' id='word_1_307' title='bbox 1109 3420 1189 3493; x_wconf 79' lang='lat' dir='ltr'>salsit-</span> 
     </span>
     <span class='ocr_line' id='line_1_34' title="bbox 111 3519 1189 3610; baseline -0.006 -17"><span class='ocrx_word' id='word_1_308' title='bbox 111 3533 198 3594; x_wconf 90' lang='lat' dir='ltr'>catis</span> <span class='ocrx_word' id='word_1_309' title='bbox 222 3532 308 3593; x_wconf 90' lang='lat' dir='ltr'>veris</span> <span class='ocrx_word' id='word_1_310' title='bbox 333 3530 448 3593; x_wconf 84' lang='lat' dir='ltr'>Verbi.</span> <span class='ocrx_word' id='word_1_311' title='bbox 493 3529 654 3593; x_wconf 90' lang='lat' dir='ltr'>Similiter</span> <span class='ocrx_word' id='word_1_312' title='bbox 677 3529 877 3593; x_wconf 88' lang='lat' dir='ltr'>describitur</span> <span class='ocrx_word' id='word_1_313' title='bbox 901 3550 988 3610; x_wconf 85' lang='lat' dir='ltr'>gens</span> <span class='ocrx_word' id='word_1_314' title='bbox 1014 3529 1070 3592; x_wconf 91' lang='lat' dir='ltr'>illa</span> <span class='ocrx_word' id='word_1_315' title='bbox 1090 3522 1151 3591; x_wconf 91' lang='lat' dir='ltr'>alibi</span> <span class='ocrx_word' id='word_1_316' title='bbox 1166 3519 1189 3581; x_wconf 77' lang='lat' dir='ltr'>iss</span> 
     </span>
    </p>
   </div>
   <div class='ocr_carea' id='block_1_6' title="bbox 110 3626 228 3689">
    <p class='ocr_par' dir='ltr' id='par_1_6' title="bbox 110 3626 228 3689">
     <span class='ocr_line' id='line_1_35' title="bbox 110 3626 228 3689; baseline 0.008 -1"><span class='ocrx_word' id='word_1_317' title='bbox 110 3626 228 3689; x_wconf 90' lang='lat' dir='ltr'>Verbo</span> 
     </span>
    </p>
   </div>
   <div class='ocr_carea' id='block_1_7' title="bbox 164 3747 1189 4017">
    <p class='ocr_par' dir='ltr' id='par_1_7' title="bbox 164 3747 1189 4017">
     <span class='ocr_line' id='line_1_36' title="bbox 164 3747 1188 3823; baseline -0.004 -15"><span class='ocrx_word' id='word_1_318' title='bbox 164 3759 212 3820; x_wconf 91' lang='lat' dir='ltr'>(Ut</span> <span class='ocrx_word' id='word_1_319' title='bbox 225 3760 251 3807; x_wconf 92' lang='lat' dir='ltr'>in</span> <span class='ocrx_word' id='word_1_320' title='bbox 265 3758 479 3817; x_wconf 80' lang='lat' dir='ltr'>Deuteronomio;</span> <span class='ocrx_word' id='word_1_321' title='bbox 497 3759 522 3806; x_wconf 92' lang='lat' dir='ltr'>in</span> <span class='ocrx_word' id='word_1_322' title='bbox 536 3758 612 3807; x_wconf 75' lang='lat' dir='ltr'>libro</span> <span class='ocrx_word' id='word_1_323' title='bbox 624 3758 771 3823; x_wconf 82' lang='lat' dir='ltr'>Judr&#39;cum,·</span> <span class='ocrx_word' id='word_1_324' title='bbox 789 3758 858 3819; x_wconf 89' lang='lat' dir='ltr'>apud</span> <span class='ocrx_word' id='word_1_325' title='bbox 871 3758 1021 3821; x_wconf 73' lang='lat' dir='ltr'>Prophetas,</span> <span class='ocrx_word' id='word_1_326' title='bbox 1035 3767 1062 3806; x_wconf 88' lang='lat' dir='ltr'>ut</span> <span class='ocrx_word' id='word_1_327' title='bbox 1073 3752 1132 3819; x_wconf 86' lang='lat' dir='ltr'>apud</span> <span class='ocrx_word' id='word_1_328' title='bbox 1142 3747 1188 3813; x_wconf 64' lang='lat' dir='ltr'>Jff‘·</span> 
     </span>
     <span class='ocr_line' id='line_1_37' title="bbox 241 3805 1188 3887; baseline -0.001 -15"><span class='ocrx_word' id='word_1_329' title='bbox 241 3825 329 3880; x_wconf 80' lang='lat' dir='ltr'>miam,</span> <span class='ocrx_word' id='word_1_330' title='bbox 345 3840 402 3886; x_wconf 83' lang='lat' dir='ltr'>cap.</span> <span class='ocrx_word' id='word_1_331' title='bbox 418 3840 443 3874; x_wconf 89' lang='lat' dir='ltr'>v.</span> <span class='ocrx_word' id='word_1_332' title='bbox 461 3837 558 3884; x_wconf 81' lang='lat'>20-313</span> <span class='ocrx_word' id='word_1_333' title='bbox 584 3838 641 3886; x_wconf 87' lang='lat' dir='ltr'>cap.</span> <span class='ocrx_word' id='word_1_334' title='bbox 656 3824 700 3874; x_wconf 88' lang='lat' dir='ltr'>vii.</span> <span class='ocrx_word' id='word_1_335' title='bbox 718 3825 798 3884; x_wconf 81' lang='lat'>8-343</span> <span class='ocrx_word' id='word_1_336' title='bbox 824 3837 881 3885; x_wconf 91' lang='lat' dir='ltr'>cap.</span> <span class='ocrx_word' id='word_1_337' title='bbox 897 3824 932 3872; x_wconf 91' lang='lat' dir='ltr'>ix.</span> <span class='ocrx_word' id='word_1_338' title='bbox 951 3836 1011 3883; x_wconf 74' lang='lat'>1-25</span> <span class='ocrx_word' id='word_1_339' title='bbox 1032 3821 1075 3887; x_wconf 86' lang='lat' dir='ltr'>[B.</span> <span class='ocrx_word' id='word_1_340' title='bbox 1086 3805 1188 3871; x_wconf 51' lang='grc' dir='ltr'>ΑΜΒ</span> 
     </span>
     <span class='ocr_line' id='line_1_38' title="bbox 240 3885 1189 3953; baseline -0.003 -15"><span class='ocrx_word' id='word_1_341' title='bbox 240 3905 297 3952; x_wconf 87' lang='lat' dir='ltr'>cap.</span> <span class='ocrx_word' id='word_1_342' title='bbox 312 3891 346 3939; x_wconf 90' lang='lat' dir='ltr'>xi.</span> <span class='ocrx_word' id='word_1_343' title='bbox 361 3891 443 3949; x_wconf 82' lang='lat'>6-173</span> <span class='ocrx_word' id='word_1_344' title='bbox 470 3904 526 3952; x_wconf 86' lang='lat' dir='ltr'>cap.</span> <span class='ocrx_word' id='word_1_345' title='bbox 541 3890 595 3941; x_wconf 84' lang='lat' dir='ltr'>xiii.</span> <span class='ocrx_word' id='word_1_346' title='bbox 611 3901 690 3953; x_wconf 82' lang='lat'><strong>9·273</strong></span> <span class='ocrx_word' id='word_1_347' title='bbox 717 3903 774 3952; x_wconf 82' lang='lat' dir='ltr'>cap.</span> <span class='ocrx_word' id='word_1_348' title='bbox 788 3889 843 3938; x_wconf 80' lang='lat' dir='ltr'>xix.</span> <span class='ocrx_word' id='word_1_349' title='bbox 861 3901 941 3948; x_wconf 85' lang='lat'>1-153</span> <span class='ocrx_word' id='word_1_350' title='bbox 967 3903 1025 3952; x_wconf 89' lang='lat' dir='ltr'>cap.</span> <span class='ocrx_word' id='word_1_351' title='bbox 1039 3887 1114 3938; x_wconf 83' lang='lat' dir='ltr'>xxxii.</span> <span class='ocrx_word' id='word_1_352' title='bbox 1124 3885 1189 3945; x_wconf 60' lang='lat' dir='ltr'>past</span> 
     </span>
     <span class='ocr_line' id='line_1_39' title="bbox 239 3954 469 4017; baseline 0.004 -14"><span class='ocrx_word' id='word_1_353' title='bbox 239 3971 296 4017; x_wconf 86' lang='lat' dir='ltr'>cap.</span> <span class='ocrx_word' id='word_1_354' title='bbox 311 3956 374 4005; x_wconf 87' lang='lat' dir='ltr'>xliv.</span> <span class='ocrx_word' id='word_1_355' title='bbox 387 3954 469 4015; x_wconf 72' lang='lat'>2-24).</span> 
     </span>
    </p>
   </div>
   <div class='ocr_carea' id='block_1_8' title="bbox 109 4074 1200 4388">
    <p class='ocr_par' dir='ltr' id='par_1_8' title="bbox 109 4074 1200 4388">
     <span class='ocr_line' id='line_1_40' title="bbox 109 4074 1192 4169; baseline -0.013 -19"><span class='ocrx_word' id='word_1_356' title='bbox 109 4087 210 4169; x_wconf 87' lang='lat' dir='ltr'>Quod</span> <span class='ocrx_word' id='word_1_357' title='bbox 227 4109 313 4169; x_wconf 86' lang='lat' dir='ltr'>gens</span> <span class='ocrx_word' id='word_1_358' title='bbox 332 4088 389 4150; x_wconf 91' lang='lat' dir='ltr'>illa</span> <span class='ocrx_word' id='word_1_359' title='bbox 408 4088 510 4150; x_wconf 87' lang='lat' dir='ltr'>corde</span> <span class='ocrx_word' id='word_1_360' title='bbox 526 4086 710 4151; x_wconf 87' lang='lat' dir='ltr'>idololatra</span> <span class='ocrx_word' id='word_1_361' title='bbox 725 4086 834 4161; x_wconf 84' lang='lat' dir='ltr'>suerit,</span> <span class='ocrx_word' id='word_1_362' title='bbox 855 4095 953 4168; x_wconf 90' lang='lat' dir='ltr'>patet</span> <span class='ocrx_word' id='word_1_363' title='bbox 973 4086 1017 4149; x_wconf 94' lang='lat' dir='ltr'>ab</span> <span class='ocrx_word' id='word_1_364' title='bbox 1032 4085 1136 4150; x_wconf 89' lang='lat' dir='ltr'>allatis</span> <span class='ocrx_word' id='word_1_365' title='bbox 1149 4074 1192 4142; x_wconf 88' lang='lat' dir='ltr'>illis</span> 
     </span>
     <span class='ocr_line' id='line_1_41' title="bbox 109 4180 1002 4266; baseline -0.003 -19"><span class='ocrx_word' id='word_1_366' title='bbox 109 4184 203 4258; x_wconf 65' lang='lat' dir='ltr'>locis</span> <span class='ocrx_word' id='word_1_367' title='bbox 224 4193 259 4247; x_wconf 91' lang='lat' dir='ltr'>et</span> <span class='ocrx_word' id='word_1_368' title='bbox 279 4205 298 4246; x_wconf 91' lang='lat' dir='ltr'>a</span> <span class='ocrx_word' id='word_1_369' title='bbox 317 4183 467 4266; x_wconf 89' lang='lat' dir='ltr'>plurimis</span> <span class='ocrx_word' id='word_1_370' title='bbox 486 4183 559 4245; x_wconf 92' lang='lat' dir='ltr'>aliis</span> <span class='ocrx_word' id='word_1_371' title='bbox 572 4182 676 4245; x_wconf 91' lang='lat' dir='ltr'>:-Ut</span> <span class='ocrx_word' id='word_1_372' title='bbox 694 4182 784 4263; x_wconf 90' lang='lat' dir='ltr'>apud</span> <span class='ocrx_word' id='word_1_373' title='bbox 804 4180 1002 4258; x_wconf 74' lang='lat' dir='ltr'>Jmmiam,</span> 
     </span>
     <span class='ocr_line' id='line_1_42' title="bbox 160 4317 1200 4388; baseline -0.001 -16"><span class='ocrx_word' id='word_1_374' title='bbox 160 4323 265 4388; x_wconf 84' lang='lat' dir='ltr'>“Juxta</span> <span class='ocrx_word' id='word_1_375' title='bbox 279 4339 419 4373; x_wconf 90' lang='lat' dir='ltr'>numerum</span> <span class='ocrx_word' id='word_1_376' title='bbox 435 4324 540 4373; x_wconf 91' lang='lat' dir='ltr'>urbium</span> <span class='ocrx_word' id='word_1_377' title='bbox 556 4334 661 4372; x_wconf 86' lang='lat' dir='ltr'>tuarum</span> <span class='ocrx_word' id='word_1_378' title='bbox 676 4322 784 4371; x_wconf 78' lang='lat' dir='ltr'>luerunt</span> <span class='ocrx_word' id='word_1_379' title='bbox 801 4321 838 4371; x_wconf 90' lang='lat' dir='ltr'>dii</span> <span class='ocrx_word' id='word_1_380' title='bbox 856 4321 904 4379; x_wconf 89' lang='lat' dir='ltr'>tui,</span> <span class='ocrx_word' id='word_1_381' title='bbox 920 4320 1045 4386; x_wconf 85' lang='lat' dir='ltr'>Jebudah</span> <span class='ocrx_word' id='word_1_382' title='bbox 1056 4336 1121 4379; x_wconf 87' lang='lat'>3....</span> <span class='ocrx_word' id='word_1_383' title='bbox 1137 4317 1200 4368; x_wconf 63' lang='lat' dir='ltr'>...at</span> 
     </span>
    </p>
   </div>
   <div class='ocr_carea' id='block_1_9' title="bbox 238 4376 1203 4518">
    <p class='ocr_par' dir='ltr' id='par_1_9' title="bbox 238 4376 1203 4518">
     <span class='ocr_line' id='line_1_43' title="bbox 238 4376 1203 4452; baseline -0.004 -16"><span class='ocrx_word' id='word_1_384' title='bbox 238 4389 313 4450; x_wconf 86' lang='lat' dir='ltr'>juxta</span> <span class='ocrx_word' id='word_1_385' title='bbox 324 4405 462 4438; x_wconf 89' lang='lat' dir='ltr'>numerum</span> <span class='ocrx_word' id='word_1_386' title='bbox 476 4391 624 4452; x_wconf 88' lang='lat' dir='ltr'>platearum</span> <span class='ocrx_word' id='word_1_387' title='bbox 639 4387 847 4451; x_wconf 86' lang='lat' dir='ltr'>Hierosolymae</span> <span class='ocrx_word' id='word_1_388' title='bbox 857 4383 1015 4450; x_wconf 83' lang='lat' dir='ltr'>1⁸1posuisris</span> <span class='ocrx_word' id='word_1_389' title='bbox 1026 4387 1119 4438; x_wconf 75' lang='lat' dir='ltr'>alteria</span> <span class='ocrx_word' id='word_1_390' title='bbox 1127 4384 1154 4435; x_wconf 78' lang='lat' dir='ltr'>ad</span> <span class='ocrx_word' id='word_1_391' title='bbox 1163 4376 1203 4432; x_wconf 83' lang='lat' dir='ltr'>tui·</span> 
     </span>
     <span class='ocr_line' id='line_1_44' title="bbox 238 4454 761 4518; baseline 0.004 -16"><span class='ocrx_word' id='word_1_392' title='bbox 238 4454 354 4502; x_wconf 87' lang='lat' dir='ltr'>tiendum</span> <span class='ocrx_word' id='word_1_393' title='bbox 368 4455 464 4503; x_wconf 86' lang='lat' dir='ltr'>Baali&#39;&#39;</span> <span class='ocrx_word' id='word_1_394' title='bbox 477 4456 514 4516; x_wconf 78' lang='lat' dir='ltr'>(ii.</span> <span class='ocrx_word' id='word_1_395' title='bbox 527 4457 574 4514; x_wconf 84' lang='lat'>283</span> <span class='ocrx_word' id='word_1_396' title='bbox 592 4470 649 4518; x_wconf 87' lang='lat' dir='ltr'>cap.</span> <span class='ocrx_word' id='word_1_397' title='bbox 661 4454 696 4504; x_wconf 86' lang='lat' dir='ltr'>xi.</span> <span class='ocrx_word' id='word_1_398' title='bbox 712 4454 761 4516; x_wconf 82' lang='lat'>13).</span> 
     </span>
    </p>
   </div>
   <div class='ocr_carea' id='block_1_10' title="bbox 0 0 1346 4988">
    <p class='ocr_par' dir='ltr' id='par_1_10' title="bbox 0 0 1346 4988">
     <span class='ocr_line' id='line_1_45' title="bbox 0 0 1346 4988; baseline 0 2"><span class='ocrx_word' id='word_1_399' title='bbox 0 0 1346 4988; x_wconf 95' lang='lat' dir='ltr'> </span> 
     </span>
    </p>
   </div>
  </div>
 </body>
</html>
