2684 4988
364 476 447 527 cnr.
464 475 522 536 vi,
539 475 641 526 vens.
662 477 788 544 15.-u.
803 460 925 545 4ro[c].
1131 475 1203 547 ,959

104 643 173 707 uae’'
187 655 237 706 est
257 663 361 707 omne
381 665 442 726 per
460 645 548 727 quod
567 644 698 716 colitur,
719 645 767 707 ita
786 644 911 707 bonum
932 653 966 707 et
986 663 1114 719 verum,
1134 641 1200 707 hoc

104 735 253 811 ioiirinae
272 747 308 800 et
329 736 413 799 illud
430 739 539 801 vitae:
564 737 653 819 quod
670 737 814 800 ecclesia
831 737 885 800 ubi
906 736 1032 801 malum
1048 738 1140 800 vitae
1155 757 1201 800 ex

104 827 175 895 lusis
205 827 381 894 doitrinae
414 831 546 894 dicatur
581 829 769 913 “spelunca
804 830 1005 905 latronum,''
1037 839 1091 893 est
1124 832 1202 913 quia

104 923 296 1006 “spelunca”
312 922 482 1004 significat
506 923 598 996 illud,
619 934 653 987 et
679 930 698 954 “
710 922 861 987 latrones
869 923 884 946 ”
903 924 1061 997 dicuntur
1080 924 1135 1006 qui
1151 923 1200 986 iu-

104 1028 198 1081 rantur
212 1038 256 1081 ex
274 1015 394 1080 Verbo
409 1038 498 1092 vera,
515 1037 554 1079 ac
573 1015 631 1080 illa
647 1026 845 1099 pervertunt
862 1026 896 1080 et
915 1016 1090 1099 applicant
1109 1016 1201 1082 salsis

104 1110 242 1185 etmalis,
260 1119 294 1173 et
315 1112 363 1174 sic
381 1112 606 1191 exstinguunt
626 1109 693 1173 illa.
740 1108 795 1172 Ex
815 1110 867 1173 his
884 1120 981 1193 patet
1001 1111 1081 1192 quid
1098 1109 1200 1174 intel-

104 1200 198 1291 ligitur
216 1225 275 1286 per
296 1203 433 1267 Domini
454 1204 556 1267 verba
574 1204 663 1285 apud
681 1202 933 1285 Evangelistas,

139 1338 291 1401 “Scriptum
309 1347 352 1387 est
369 1339 440 1401 quod
457 1339 554 1387 domus
571 1353 632 1387 mea
648 1338 745 1387 domus
762 1352 869 1399 precum
885 1339 1031 1394 vocabitur.
1045 1353 1095 1388 vos
1109 1347 1200 1389 autem

213 1404 558 1530 iLep'cstixsixeap61›ppeluncam
577 1404 710 1453 latronum
719 1402 733 1421 “’
747 1403 855 1466 (Matth.
867 1403 921 1453 xxi.
936 1416 982 1463 13;
1006 1405 1091 1454 Marc.
1105 1405 1140 1455 xi.
1156 1415 1201 1464 ης

104 1591 338 1672 per“domum”
348 1593 393 1654 ibi
406 1593 438 1654 in
453 1591 633 1657 universali
646 1612 746 1657 sensu
759 1590 968 1674 significatur
981 1591 1144 1670 ecclesia;
1165 1600 1200 1655 et

104 1685 162 1767 quia
188 1686 220 1748 in
250 1685 399 1767 Templo
428 1685 689 1767 Hierosolymae
717 1686 943 1767 peragebatur
972 1686 1095 1761 cultus,
1123 1685 1201 1750 ideo

104 1787 224 1839 tucatur
248 1776 401 1839 “domus
424 1776 593 1859 precum.”
643 1794 728 1851 (Quod
745 1789 758 1806 '⁶
766 1793 897 1852 Templum
905 1793 918 1809 '⁸
935 1793 1052 1852 significet
1068 1793 1200 1844 ecclesiam.

104 1868 191 1917 iintur
200 1885 222 1916 n.
231 1885 306 1929 3720:
322 1873 389 1929 quod
399 1867 412 1884 “
421 1886 504 1930 preces
512 1873 525 1887 ''
536 1873 670 1932 significent
678 1873 778 1925 cultum,
787 1886 867 1930 supra,
875 1887 898 1918 n.
910 1873 949 1936 32
955 1871 969 1936 5
981 1888 986 1926 ;
1001 1874 1068 1931 quod
1077 1867 1090 1886 '¹
1099 1872 1178 1919 vowel
1187 1872 1200 1888 '⁶

104 1940 196 1999 &uincet
205 1944 281 1989 simile
291 1945 358 2000 quod
369 1958 441 2001 supra
452 1951 465 1967 ¹·
475 1945 598 1990 nominare
609 1958 698 1991 nornen
709 1958 790 1990 meum
802 1958 873 2003 super
884 1944 947 1998 illu,''
959 1945 984 1990 in
994 1945 1100 1990 Arcam?
1113 1945 1202 1991 Caeles-

104 2016 273 2076 tinum.)
317 2002 422 2084 Apud
440 2002 594 2077 Esaiam,

140 2132 242 2183 “Ludet
260 2149 362 2196 sugens
380 2149 461 2197 super
479 2135 611 2185 toramine
629 2137 747 2198 viperae,
767 2145 793 2185 et
811 2150 893 2198 super
910 2137 1066 2199 speluncam
1084 2135 1201 2184 basilisci

210 2198 362 2250 ablactatus
374 2214 484 2249 manum
497 2216 573 2250 suam
588 2202 708 2264 impellet
717 2200 731 2222 ''
743 2201 789 2263 (xi.
801 2202 841 2263 8):

104 2318 168 2385 laec
183 2343 243 2386 nec
261 2322 511 2404 intelliguntur,
530 2325 592 2387 nisi
611 2324 749 2400 exiliis,
767 2346 852 2407 quae
872 2325 904 2387 in
922 2325 1049 2388 mundo
1065 2323 1200 2406 spiritu·

104 2411 136 2477 ali
147 2425 319 2499 apparent,
336 2418 463 2479 sciatur
479 2417 556 2498 quid
576 2418 755 2481 “foramen
773 2417 930 2500 viperae'’
946 2428 981 2480 et
998 2417 1077 2499 quid
1095 2422 1199 2499 “spe-
1243 2480 1245 2485 ,

103 2505 182 2572 lunca
199 2510 346 2573 basilisci
361 2509 388 2571 :”
417 2507 662 2591 supradictum
685 2519 738 2573 est
762 2512 851 2594 quod
875 2512 987 2575 aditus
1006 2510 1048 2572 ad
1072 2508 1201 2573 inferna

104 2614 267 2685 appareant
283 2605 372 2666 sicut
389 2602 552 2666 foramina
569 2605 602 2666 in
619 2614 744 2686 petras,
759 2614 793 2666 et
812 2605 897 2667 sicut
915 2605 1027 2667 hiatus
1041 2612 1200 2686 patentes

105 2694 135 2755 id
149 2695 322 2778 speluncas
342 2695 460 2779 quales
478 2708 556 2759 sunt
576 2696 652 2759 seris
671 2698 704 2759 in
724 2696 836 2775 silvis;
864 2697 911 2760 illi
931 2699 985 2779 qui
1009 2699 1088 2760 inibi
1103 2708 1198 2772 sunt,

105 2785 164 2851 ilum
178 2787 376 2873 spetiantur
393 2792 426 2851 in
446 2789 520 2852 luce
539 2790 635 2864 caeli,
653 2799 819 2872 apparent
839 2792 925 2853 sicut
946 2802 1098 2853 monstra
1118 2793 1199 2853 varii

106 2885 223 2963 generis,
244 2894 279 2946 et
299 2904 434 2966 quoque
453 2885 539 2946 sicut
559 2883 667 2960 ierae;
698 2882 745 2945 illi
765 2885 819 2965 qui
839 2885 872 2946 in
892 2885 1027 2946 infernis
1046 2893 1125 2947 sunt
1145 2885 1199 2947 ubi

106 2972 172 3037 tales
188 2979 241 3058 qui
261 2987 383 3039 contra
401 2977 630 3039 innocentiam
650 2976 769 3040 dolose
788 2987 906 3057 agunt,
928 2987 1094 3060 apparent
1112 2979 1199 3041 sicut

107 3066 224 3149 viperae,
242 3080 277 3133 et
298 3069 345 3132 illi
365 3070 421 3150 qui
440 3080 560 3132 contra
580 3069 706 3132 bonum
723 3072 846 3132 amoris
866 3072 952 3132 sicut
973 3070 1139 3149 basilisci;
1163 3082 1199 3134 et

108 3161 162 3243 quia
182 3162 360 3245 “sugens''
383 3183 442 3225 seu
465 3163 574 3225 inians
598 3160 729 3226 lactens
752 3161 921 3244 significat
949 3163 1074 3226 bonum
1101 3166 1199 3227 inno·

109 3257 223 3329 tentiae,
232 3257 311 3320 ideo
324 3257 482 3330 dicitur,“
492 3256 603 3319 Ludet
614 3276 740 3338 sugens
750 3277 849 3338 super
859 3256 1021 3320 foramine
1032 3258 1200 3341 viperae;'’

110 3355 132 3407 et
148 3351 215 3430 quia
235 3347 456 3413 “ablactatus
468 3349 483 3373 ”
505 3371 565 3413 seu
587 3349 696 3412 inians
720 3370 858 3413 cessans
882 3348 1008 3413 latiare
1031 3352 1199 3432 significat

110 3434 206 3505 bonum
223 3445 359 3517 amoris,
381 3443 458 3506 ideo
477 3443 608 3517 dicitur,
631 3449 694 3505 “et
715 3465 814 3524 super
837 3443 1033 3525 speluncam
1054 3445 1200 3508 basilisci

112 3529 270 3600 ablactatus
290 3556 427 3599 manum
447 3556 542 3598 suam
562 3536 714 3619 impellet
728 3537 753 3613 ;”
776 3537 855 3599 inde
872 3557 931 3618 per
953 3537 1011 3600 illa
1030 3538 1199 3618 significa·

112 3629 148 3686 tur
164 3631 246 3711 quod
270 3630 337 3692 illis
358 3631 414 3711 qui
437 3630 584 3708 inbono
607 3631 823 3693 innocentiae
846 3651 885 3693 ac
909 3632 942 3693 in
966 3632 1056 3693 bono
1075 3634 1199 3695 amoris

113 3713 134 3777 ln
148 3720 317 3787 Dominum
332 3734 423 3798 sunt,
437 3744 572 3805 prorsus
590 3723 671 3786 nihil
686 3726 816 3786 timoris
833 3726 876 3786 sit
893 3745 912 3785 a
929 3724 1026 3786 malis
1042 3735 1077 3787 et
1094 3725 1198 3801 salsis,

113 3823 171 3885 quae
191 3816 232 3877 ab
253 3815 398 3888 inferno,
421 3815 500 3896 quia
523 3815 588 3878 tuti
610 3835 630 3876 a
653 3814 814 3876 Domino.
859 3831 944 3889 (Quoi
960 3844 1003 3889 per
1017 3826 1161 3877 “infantes‘'
1176 3834 1201 3877 in

113 3889 168 3945 lvio
179 3903 321 3960 significetur
335 3904 427 3948 bonum
443 3903 600 3956 innocentiae,
611 3911 635 3949 et
651 3916 748 3960 quoque
763 3917 807 3961 per
822 3903 981 3956 ‘'laetantes''
993 3906 1103 3950 videatur
1112 3918 1136 3951 n.
1147 3919 1200 3963 430,

113 3973 162 4102 ἔξω
172 3979 224 4056 quid
235 3975 249 3990 ‘¹
258 3978 377 4036 viperae‚''
388 3985 411 4023 et
420 3979 479 4035 quid
489 3985 611 4037 serpentes
619 3979 658 4022 alii
667 3979 777 4023 venenati
786 3979 927 4036 significant,
938 3993 960 4023 n.
970 3981 1050 4038 9013.)
1092 3963 1199 4045 Apud

132 4057 274 4118 eremium,

146 4165 233 4219 ‘'Sume
246 4169 383 4230 cingulum
397 4168 468 4231 quod
486 4168 575 4217 emisti
593 4169 649 4224 tibi.
664 4167 734 4231 quod
748 4183 829 4230 super
844 4167 943 4218 lumbis
957 4169 1019 4226 tuis,
1033 4177 1061 4218 et
1078 4183 1158 4230 surge
1172 4180 1199 4219 et

207 4236 252 4284 abi
268 4236 304 4284 ad
321 4234 493 4296 Euphratem.
508 4242 535 4283 et
551 4234 687 4282 absconde
706 4235 770 4282 illud
788 4235 815 4282 in
834 4234 966 4282 foramine
985 4245 1075 4297 petrae
1085 4233 1109 4282 :'’
1127 4236 1198 4296 quod

207 4300 288 4350 etiarn
304 4299 382 4356 iecit;
403 4309 429 4348 et
445 4309 538 4362 postea
552 4314 568 4348 a
582 4299 634 4347 line
648 4299 751 4347 dierum
767 4299 909 4348 multorum
928 4301 993 4348 abiit
1011 4310 1037 4347 et
1055 4300 1154 4360 recepit
1172 4300 1198 4347 id

206 4367 251 4424 ibi.
269 4368 323 4415 “et
336 4380 398 4415 ecce
411 4376 564 4428 corruptum
577 4374 642 4422 erat,
657 4374 684 4413 et
696 4378 751 4412 non
766 4366 891 4426 proderat
908 4365 942 4413 ad
956 4365 1095 4429 quicquam
1104 4363 1117 4382 ''
1129 4364 1195 4425 (xiii.

205 4432 280 4493 ⁴-7lt
