2684 4988
291 528 375 578 csr.
391 528 451 592 v1.,
468 529 571 580 vaus.
593 516 719 579 16.-rr.
734 514 862 599 412[b].
1074 516 1134 599 981

99 717 126 760 :re
139 698 163 761 in
181 699 306 762 Divino
326 699 430 775 Vero,
449 719 488 763 ac
507 699 634 763 donare
652 698 881 780 intelligentia
903 706 939 760 et
958 697 1137 778 sapientia.

99 792 142 856 uile
159 792 367 875 significatur
389 795 423 857 in
446 790 688 858 Benedictione
711 792 855 857 filiorum
878 791 1022 867 Israelis,
1046 790 1137 872 apud

99 907 147 964 sen,

99 1020 238 1071 'Benedicat
248 1021 299 1071 tibi
311 1020 442 1085 Jehovah,
456 1030 484 1070 et
496 1021 630 1070 custodiat
643 1031 679 1078 te,
694 1020 827 1070 illuminet
838 1017 961 1096 Jehovah
979 1018 1062 1067 iacies
1074 1032 1137 1067 suas

148 1102 227 1149 super
240 1096 268 1136 te
280 1097 308 1136 et
320 1087 479 1136 misereatur
494 1086 549 1144 tui;
567 1086 644 1134 tollat
655 1085 777 1151 Jehovah
794 1084 876 1134 lactes
888 1099 952 1134 suas
964 1097 1045 1147 super
1062 1093 1097 1143 tc,
1110 1094 1138 1133 et

147 1152 191 1201 det
202 1152 251 1201 tibi
262 1166 357 1216 pacem
364 1150 379 1171 ’⁹
390 1151 484 1214 (Num.
496 1147 557 1202 1¹1vi.
569 1150 675 1212 ²4·²⁶)2

110 1279 320 1343 “illuminare
347 1279 448 1344 iacies
473 1290 509 1343 et
536 1277 711 1342 misereri”
729 1276 938 1359 significatur
966 1277 1135 1341 illustrare

99 1375 143 1437 ino
164 1373 259 1437 Vero
281 1384 317 1438 et
340 1373 466 1437 donare
489 1373 717 1454 intelligentia
739 1382 775 1435 et
798 1373 984 1453 sapientia;
1014 1390 1054 1433 ac
1078 1390 1137 1452 per

98 1467 169 1531 llere
186 1467 289 1530 iacies
308 1476 343 1530 et
359 1468 440 1530 dare
459 1466 603 1548 pacem”
625 1465 834 1547 significatur
853 1465 991 1545 implere
1013 1465 1137 1528 Divino

99 1581 121 1623 ro
138 1570 173 1625 et
197 1561 324 1624 donare
347 1580 471 1624 amore.
516 1560 707 1643 Utrumque
730 1560 794 1622 erit
817 1568 854 1621 ut
878 1558 980 1621 homo
1003 1559 1136 1639 sapiat;

98 1675 139 1718 res
157 1656 259 1729 enim,
276 1665 492 1737 quotcunque
514 1666 592 1719 sunt
616 1656 649 1716 in
672 1653 799 1718 mundo
821 1653 994 1734 spirituali,
1014 1652 1137 1715 illumi·

98 1760 142 1812 tur
158 1769 180 1811 a
197 1748 273 1812 luce
292 1770 378 1831 quae
397 1769 418 1812 a
441 1749 590 1812 Domino
613 1757 649 1810 ut
669 1747 769 1824 Sole,
793 1749 853 1810 sed
876 1768 980 1829 usque
1003 1747 1051 1809 illi
1073 1748 1137 1809 soli

98 1842 251 1925 lligentes
274 1856 309 1907 et
332 1845 503 1924 sapientes
531 1842 615 1907 fiunt
642 1843 697 1924 qui
724 1842 822 1905 simul
848 1843 881 1904 in
908 1861 1022 1904 amore
1045 1850 1135 1916 sunt,

98 1938 175 2000 niam
199 1939 325 2000 bonum
348 1938 438 2020 quod
462 1949 514 2002 est
536 1938 660 2000 amoris
688 1937 807 2016 recipit
830 1955 967 2012 verum;
997 1934 1137 2016 conjun-

98 2042 144 2094 tur
163 2033 254 2095 enim
273 2033 352 2114 quia
375 2032 584 2096 concordant
607 2041 643 2096 et
666 2040 783 2094 amant
806 2051 842 2093 se
866 2022 1002 2093 mutuo:
1034 2049 1137 2111 quare

98 2126 149 2188 soli
171 2127 290 2188 vident
314 2124 429 2188 Solem
452 2127 484 2189 in
508 2125 604 2188 caelo
624 2126 680 2208 qui
703 2126 736 2188 iu
760 2144 875 2187 amore
898 2134 996 2200 sunt;
1021 2123 1136 2205 reliqui

97 2219 123 2282 lo
146 2221 266 2283 lucem.
322 2219 532 2294 “Misereri’'
554 2220 645 2302 quod
674 2220 797 2282 dicitur
822 2219 865 2281 de
892 2217 1137 2281 illuminatione

98 2334 186 2387 erum,
211 2316 244 2377 in
269 2313 386 2377 Verbo
409 2315 513 2377 etiam
537 2314 750 2396 praedicatur
768 2314 810 2376 de
830 2333 931 2390 ver0;
955 2321 990 2374 et
1010 2310 1138 2391 “pax,'’

98 2407 243 2472 edicitur
265 2409 308 2471 de
332 2408 524 2471 elevatione
547 2408 715 2482 facierum,
736 2407 949 2489 praedicatur
970 2407 1013 2468 de
1037 2406 1136 2469 bono.

98 2499 143 2583 ll]
177 2501 350 2583 Quoniam
366 2501 511 2565 Divinus
528 2501 666 2564 Domini
682 2501 794 2564 Amor
809 2511 954 2582 apparet
973 2510 1009 2561 ut
1026 2497 1086 2561 Sol
1102 2499 1136 2561 in

98 2613 127 2667 o,
145 2603 181 2656 et
199 2593 278 2657 inde
296 2602 349 2657 est
369 2593 428 2656 lux
447 2593 502 2669 ibi,
523 2594 600 2657 ideo

98 2725 205 2775 lominus
213 2741 274 2775 cum
281 2726 488 2776 transformatus
498 2736 539 2775 est
546 2740 636 2775 coram
645 2724 734 2784 Petro,
743 2724 844 2790 Jaoobo
851 2735 878 2775 et
885 2724 1017 2790 Johanne.
1024 2726 1040 2747 ¹⁴
1048 2724 1139 2785 splen-

147 2792 205 2841 duit
219 2791 303 2840 lacies
319 2791 406 2854 lpsius
417 2792 486 2840 sicut
500 2791 555 2849 Sol,
568 2800 596 2840 et
609 2792 771 2840 vestimenta
786 2790 873 2854 Ipsius
888 2788 960 2840 indta
973 2799 1060 2839 aunt..
1069 2789 1138 2839 sicut

147 2857 214 2906 lux”
226 2857 335 2919 (Maus.
346 2857 409 2906 xvii.
421 2858 461 2920 2):

98 3005 206 3069 [uoque
221 3005 300 3049 cum
318 2987 409 3050 visus
427 2995 482 3049 est
500 2986 668 3061 Johanni,

133 3120 151 3142 ⁸⁴
159 3117 243 3167 Fulsit
255 3117 338 3166 iacies
352 3116 440 3180 Ipsius
451 3117 520 3167 sicut
532 3117 578 3167 Sol
590 3118 617 3166 in
630 3117 750 3180 potentia
761 3116 832 3167 ω’·
845 3116 932 3181 (Apoc.
945 3117 962 3168 l.
976 3117 1031 3179 16):

107 3257 336 3319 “vestimenta
364 3276 450 3338 quae
479 3252 569 3319 iacta
595 3266 673 3318 sunt
703 3256 789 3318 sicut
820 3254 904 3317 lux”
930 3254 1138 3337 significatur

97 3351 176 3414 inum
196 3350 346 3428 Verum;
370 3369 449 3413 uam
468 3349 725 3413 “vestimenta”
747 3350 780 3412 in
804 3349 922 3413 Verbo
945 3349 1136 3431 significant

97 3464 145 3519 rm,
167 3454 202 3508 et
229 3445 294 3508 hoc
321 3464 367 3507 ex
394 3464 494 3507 causa
516 3445 594 3525 quia
620 3463 738 3507 omnes
765 3445 880 3525 angeli
906 3446 1095 3507 vestiuntur
1117 3464 1138 3506 a

97 3539 166 3601 nino
183 3539 370 3602 secundum
388 3539 619 3619 receptionem
644 3537 756 3600 Divini
776 3537 877 3615 Veri;
901 3546 980 3600 sunt
1002 3557 1135 3619 quoque

97 3651 134 3694 :es
149 3651 265 3696 eorum
285 3653 329 3695 ex
349 3631 423 3695 luce
443 3631 539 3707 caeli,
558 3632 637 3694 inde
656 3630 879 3712 splendentes
901 3641 936 3694 et
960 3630 1136 3703 candidae,

97 3745 133 3787 ux
150 3726 235 3789 caeli
253 3736 319 3800 est,
335 3737 372 3788 ut
390 3722 527 3800 dictum,
545 3725 703 3788 Divinum
720 3723 868 3788 Verum:
892 3725 970 3787 inde
987 3733 1136 3799 constat,

97 3838 112 3881 e
138 3833 189 3884 est
220 3821 311 3903 quod
342 3821 552 3883 vestimenta
582 3819 729 3894 Domini,
761 3840 836 3883 cum
867 3818 1137 3890 transformatus,

97 3906 140 3973 &a
156 3912 226 3974 Sint
248 3913 336 3974 Sicut
359 3911 450 3973 lux.”
493 3928 552 3986 (Sed
563 3929 594 3972 de
604 3928 640 3972 his
651 3928 778 3973 videantur
788 3929 857 3985 plura
867 3928 891 3972 in
902 3940 975 3983 opere
987 3927 1025 3972 De
1038 3927 1141 3972 Caeroer

97 4017 155 4058 mu
166 4009 286 4064 177-1823
300 4020 417 4066 cesum.
428 4020 452 4053 n.
463 3990 514 4070 64.
526 4005 673 4072 195,271.
687 4005 768 4072 395.)
795 3991 901 4072 Apud
911 3988 1136 4063 Matthaeum,

97 4135 152 4190 'esus
163 4142 231 4191 dixit
248 4143 282 4191 de
300 4156 384 4204 puero
397 4156 476 4205 quem
491 4141 583 4191 statuit
601 4141 628 4189 in
643 4141 733 4190 medio
749 4141 951 4203 discipulorum,
969 4139 1089 4189 '‘Videte
1105 4153 1138 4187 ne

148 4208 327 4257 contemnatis
345 4207 427 4256 ullum
440 4222 474 4256 ex
492 4206 596 4269 pusillis
610 4207 667 4264 his;
689 4206 749 4254 dico
762 4207 840 4254 vobis
853 4206 924 4269 quod
937 4205 1026 4266 angeli
1045 4219 1138 4252 eorum

149 4273 269 4400 ixrtrnqoelis
281 4286 389 4336 semper
397 4272 508 4322 videant
519 4271 614 4320 faciem
626 4271 714 4321 Patris
726 4272 779 4320 mei
791 4271 836 4335 qui
849 4271 876 4319 in
888 4271 969 4320 caelis
978 4280 1019 4319 est
1027 4268 1041 4288 ”
1053 4269 1136 4329 (xviii.

97 4464 142 4531 itur
155 4471 244 4554 quod
259 4470 403 4552 “angeli
415 4490 530 4533 eorum
543 4467 711 4545 videant,”
723 4468 800 4552 quia
812 4467 901 4548 apud
918 4483 1137 4546 unumquem-
