2684 4988
306 448 315 458 ’
378 443 930 574 cne.v1.'vicns.2.—v.357[c].
1154 491 1216 576 695

142 663 247 740 mulnet
264 665 344 750 quia
368 667 403 730 id
428 667 558 730 malum
581 678 615 732 et
639 670 718 733 inde
741 670 775 734 id
795 671 914 735 salsum
938 683 991 737 est
1015 674 1217 738 damnatum

140 761 171 823 ad
181 760 325 836 infernum,
339 762 422 825 ideo
434 763 569 837 dicitur,
585 766 659 828 “sic
677 766 741 829 erit
759 764 876 841 Babet
891 769 977 830 sicut
991 769 1122 831 eversio
1139 767 1215 847 Dei,

140 853 243 918 Sodoma
262 865 297 919 et
322 855 520 926 Gomorrha
533 857 559 934 ;”
588 861 749 923 “eversio
772 859 836 923 Dei
845 861 860 884 ”
879 861 1049 943 significat
1073 863 1216 926 damna·

140 948 228 1011 tionem
240 951 278 1011 ad
295 949 477 1035 infernum,
492 971 531 1014 ac
550 950 730 1015 “Sodoma
743 963 778 1017 et
792 952 984 1018 Gomorrha
993 955 1008 977 ”
1021 954 1215 1037 significant

140 1040 201 1101 maia
210 1061 243 1103 ex
257 1062 374 1104 amore
388 1043 440 1104 sui
456 1052 492 1104 et
509 1043 587 1106 inde
600 1044 685 1106 salsa
699 1062 776 1118 (quod
787 1061 847 1106 haee
857 1075 901 1120 per
912 1057 925 1075 “
934 1063 1066 1108 Sodomam
1078 1071 1102 1107 er
1112 1064 1218 1109 Gomor-

138 1134 359 1260 thngdgnificeutur.
366 1138 510 1183 videaturiu
515 1139 619 1184 Arcanir
628 1140 774 1192 Caelestr'bm,
784 1154 807 1187 n.
816 1137 909 1194 [finaeo.
917 1143 985 1200 2246,
993 1142 1073 1200 2322).
1109 1125 1215 1207 Apud

137 1217 183 1260 eun
201 1219 252 1275 em,

172 1329 262 1380 “indie
278 1332 325 1380 illo
342 1332 435 1382 omnis
453 1333 527 1382 locus
546 1334 572 1382 in
591 1349 643 1397 quo
662 1334 770 1384 inerunt
787 1335 860 1384 mille
873 1336 942 1385 vites
957 1351 1006 1398 pro
1019 1336 1092 1384 mitte
1110 1338 1216 1398 argenti

228 1399 273 1446 erit
284 1399 312 1446 in
324 1400 486 1448 senticetum
505 1408 533 1448 et
544 1410 700 1461 vepretum:
722 1415 782 1449 cum
802 1403 855 1449 telo
867 1412 894 1450 et
912 1416 971 1450 cum
989 1416 1053 1450 arcu
1066 1402 1156 1450 veniet
1173 1416 1215 1459 eo.

227 1464 284 1526 quia
294 1464 456 1513 senticetum
469 1473 496 1512 et
509 1475 647 1526 vepretum
661 1475 719 1514 tota
731 1465 823 1515 terra'’
834 1467 889 1527 (vii.
900 1479 940 1527 23,
951 1467 1008 1528 24):

135 1595 241 1659 ecclesia
254 1608 393 1661 vastata
411 1597 524 1679 quoad
540 1618 641 1662 omne
657 1619 774 1663 verum
791 1611 826 1664 et
842 1599 970 1663 bonum
990 1602 1038 1663 ita
1054 1600 1217 1683 describi·

135 1698 185 1750 tur:
206 1691 341 1755 ecclesia
360 1692 470 1776 qualis
488 1692 596 1774 suerat
620 1694 722 1775 prius,
742 1694 834 1776 quod
858 1715 981 1778 nempe
1004 1695 1049 1757 ibi
1068 1695 1217 1783 genuina

133 1803 196 1858 vera,
210 1807 287 1869 quae
310 1799 390 1850 sunt
414 1807 495 1849 vera
517 1808 562 1850 ex
584 1788 688 1862 bono,
709 1787 831 1851 fuerint
855 1790 888 1851 in
912 1789 1137 1872 abundantia,-
1157 1807 1217 1873 per

132 1881 194 1958 quod
211 1883 287 1944 “ubi
310 1881 445 1945 suerunt
470 1881 562 1945 mille
581 1884 670 1945 vites
694 1904 755 1965 pro
778 1882 871 1945 mille
894 1883 1030 1963 argenti
1042 1882 1068 1960 ;”
1093 1882 1216 1961 “mille

132 1973 211 2037 vites'¹
226 1987 300 2039 sunt
325 1997 406 2039 vera
429 1997 474 2039 ex
497 1977 589 2039 bono
612 1978 645 2038 in
670 1978 891 2050 abundantia,
912 1976 1033 2038 ”mille
1056 1968 1216 2057 argenti'’'

131 2078 185 2133 sunt
203 2071 474 2144 aestimatissima
501 2072 579 2152 quia
605 2081 684 2134 sunt
712 2072 860 2153 genuina
885 2069 1138 2152 (“argentum'’
1161 2080 1215 2133 est

131 2181 224 2239 verum,
241 2175 274 2228 et
296 2164 444 2227 “mille'’
463 2175 541 2226 sunt
565 2165 685 2239 multa,
705 2166 754 2227 ita
776 2166 810 2227 in
833 2162 1080 2246 abundantia):
1106 2163 1215 2245 qualis

131 2268 215 2320 autem
234 2257 321 2325 satta
344 2270 397 2322 est
418 2259 562 2322 ecclesia
582 2280 658 2322 cum
683 2270 819 2321 vastata
844 2260 956 2340 quoad
977 2278 1078 2320 omne
1097 2277 1214 2321 verum

130 2357 154 2410 et
170 2351 288 2427 bonum,
310 2354 514 2417 describitur
538 2374 597 2435 per
621 2353 717 2426 haec,
745 2362 850 2415 “cum
879 2352 951 2416 telo
976 2362 1011 2416 et
1036 2371 1112 2414 cum
1134 2353 1217 2425 arcu

131 2447 212 2510 veniet
220 2470 268 2525 eo,
277 2451 356 2531 quia
366 2451 570 2512 senticetum
582 2460 616 2511 et
628 2459 805 2530 vepretum
816 2457 891 2510 tota
903 2458 993 2510 terra
1006 2447 1032 2524 ;”
1053 2452 1072 2478 “
1083 2445 1214 2509 telum”

131 2547 166 2600 est
180 2541 283 2606 falsum
302 2545 485 2607 destruens
502 2563 629 2615 verum,
650 2554 685 2605 et
704 2541 855 2606 “arcus''
871 2552 924 2605 est
944 2539 1099 2605 dodirina
1117 2541 1213 2619 iaisi;

134 2636 355 2702 ‘'minctum”
382 2637 552 2719 significat
579 2637 699 2700 falsum
727 2659 771 2700 ex
797 2637 899 2711 malo,
919 2646 955 2699 et
981 2636 1214 2718 “vepretum’'

133 2728 222 2793 nalum
239 2754 282 2795 ex
303 2732 400 2807 saiso,
423 2733 566 2795 “terra''
585 2743 639 2795 est
658 2731 813 2794 ecclesia.
859 2731 963 2813 Apud
983 2731 1180 2805 Jemniam,

166 2861 240 2914 '‘Ecce
249 2867 363 2929 populus
373 2866 486 2914 veniens
497 2881 513 2915 e
525 2876 596 2915 terra
606 2865 809 2928 septentrionis,
821 2874 848 2914 et
859 2880 929 2928 gens
942 2880 1043 2927 magna
1054 2865 1215 2933 excitabitur
1258 2903 1261 2908 .

225 2933 376 2981 alateribus
389 2943 492 2989 terrae:
510 2946 600 2980 areum
613 2941 640 2980 et
653 2933 757 2979 hastam
771 2931 950 2993 prehendunt,
963 2930 1078 2979 crudelis
1091 2931 1145 2990 ilia,
1158 2945 1215 2993 non

226 2998 385 3046 miserantur
394 3012 401 3054 ;
414 3011 466 3046 vox
473 3011 566 3046 eorum
575 2997 643 3046 sicut
654 3011 728 3044 mare
738 3007 856 3050 resonat,
865 3006 893 3044 et
902 3011 983 3057 super
991 2997 1067 3059 equis
1076 2997 1215 3059 equititum

226 3075 331 3125 paratus
344 3075 373 3112 ut
386 3063 426 3112 vir
437 3064 472 3112 ad
484 3064 593 3121 bellum,
608 3072 703 3111 contra
715 3071 750 3119 te,
765 3060 819 3109 filia
831 3061 946 3110 Zionis¹'
959 3062 1005 3122 (vi.
1017 3074 1058 3120 22,
1068 3063 1126 3122 23);

132 3181 294 3254 describitur
311 3192 416 3255 etiam
440 3191 494 3254 hic
518 3193 714 3255 devastatio
737 3189 905 3253 ecclesiae
928 3211 988 3272 per
1006 3189 1090 3252 salsa
1115 3189 1215 3267 mali;

132 3280 186 3356 quid
204 3285 368 3366 significat
392 3286 566 3368 “populus
589 3308 608 3349 e
631 3297 722 3350 terra
746 3285 1020 3366 septentrionis‚”
1040 3294 1075 3347 et
1102 3290 1216 3364 “gens

131 3390 258 3456 magma
277 3381 441 3444 lateribus
462 3381 603 3454 terrae,’'
623 3391 695 3443 tum
715 3381 794 3463 quid
814 3379 983 3461 significat
1003 3379 1094 3461 quod
1117 3385 1216 3439 “vox

130 3484 213 3534 eorum
228 3477 312 3537 sicut
330 3495 423 3538 mare
441 3476 608 3550 resonet,''
622 3486 657 3539 et
675 3475 765 3558 quod
784 3481 914 3555 “super
929 3475 1023 3555 equis
1036 3473 1192 3554 equitent
1202 3472 1217 3497 '’

129 3565 303 3644 explicatum
322 3581 376 3632 est
393 3572 427 3632 in
440 3590 521 3632 mox
538 3572 765 3652 praecedente
781 3567 946 3642 articulo;
966 3568 1056 3648 quod
1072 3574 1217 3629 “arcum

128 3664 152 3716 tt
159 3656 273 3725 hastam
292 3662 524 3746 prehendant”
536 3663 706 3745 significat
721 3661 851 3745 [¹¹¹quod
865 3672 1020 3743 pugnent
1032 3681 1077 3723 ex
1090 3657 1216 3722 doetri-

127 3751 174 3815 nali
192 3756 291 3834 salso;
317 3765 445 3821 “arcus
454 3758 469 3783 ”
492 3757 677 3840 significat]
698 3758 818 3821 salsum
843 3754 1017 3819 dodirinae
1037 3756 1217 3818 destruens

126 3864 222 3924 venun,
244 3864 279 3916 et
307 3854 461 3916 “hasta”
486 3854 605 3916 salsum
634 3853 715 3916 mali
742 3854 922 3915 destruens
950 3851 1087 3921 bonum,
1121 3847 1218 3911 “filia

125 3936 232 4009 Zionis'’
249 3960 302 4012 est
322 3948 479 4012 ecclesia.
527 3949 630 4029 Apud
648 3948 804 4020 eundem,

160 4082 287 4134 “vastitas
305 4094 363 4133 tota
381 4093 453 4133 terra
455 4121 524 4142 .....
530 4099 594 4146 prae
609 4098 675 4132 voce
694 4082 791 4145 equitis
809 4091 836 4130 et
855 4080 1057 4143 sagittariorum
1075 4078 1144 4140 fugit
1159 4073 1219 4127 vtota

222 4153 303 4207 urbs:
326 4152 462 4198 intrarunt
480 4151 574 4209 nubes,
590 4151 617 4198 in
637 4159 728 4211 petras
745 4147 934 4203 ascenderunt,
950 4156 1006 4194 tota
1024 4145 1087 4192 urbs
1101 4144 1217 4198 deserta,

221 4233 270 4267 nec
282 4216 412 4266 habitans
424 4215 452 4264 in
464 4215 517 4263 ea’'
530 4217 576 4276 (iv.
588 4227 627 4274 27,
638 4214 696 4276 29):

120 4341 268 4414 etiamhoc
278 4346 496 4431 explicatum
505 4347 662 4409 videatur
674 4346 705 4407 in
716 4363 797 4406 mox
809 4342 1037 4424 praecedente
1050 4335 1195 4401 articulo
1209 4358 1217 4414 ;

122 4436 194 4506 “νοκ
213 4445 338 4530 equitis
370 4451 407 4506 et
435 4442 689 4524 sagittariorum
701 4438 716 4463 ’⁵
739 4436 908 4519 significat
936 4432 1217 4498 ratiocinationes
