2684 4988
110 453 176 534 676
421 465 671 518 arocnuvests
693 464 917 516 sxrutcarn.

110 645 164 700 est
191 637 407 701 ratiocinatio
431 658 476 700 ex
504 636 569 699 illis
596 646 632 701 et
658 635 883 718 impugnatio,
912 643 947 697 et
978 631 1149 715 “fugere'’
1178 642 1233 696 est

109 731 235 812 perire:
260 732 350 813 quod
368 731 445 794 dein
459 751 549 794 mere
566 731 689 794 falsum
705 730 840 794 aclides
856 729 930 791 salsi
946 738 1134 808 regnatura
1151 728 1233 800 sint,

108 823 318 907 significatur
344 846 403 907 per
424 827 624 888 “intrarunt
650 826 755 888 nubes
784 844 823 886 ac
852 824 885 885 in
917 833 1033 904 petras
1060 823 1237 885 ascende·

109 930 187 984 runt
202 919 228 997 ;”
252 928 272 951 “
284 920 390 982 nubes
401 919 416 942 ’'
432 932 510 982 sunt
530 919 623 991 falsa,
642 939 680 981 ac
703 924 722 950 ‘⁴
735 930 852 1000 petrae
864 917 878 940 ”
895 928 974 979 sunt
992 936 1110 979 eorum
1127 914 1235 978 fides:

109 1014 201 1096 quod
219 1014 413 1076 devastatio
429 1013 594 1076 ecclesiae
610 1023 644 1076 et
665 1013 735 1094 ejus
752 1009 926 1074 doitrinae
942 1012 990 1073 ita
1006 1011 1233 1081 describatur,

110 1119 218 1190 patet,
237 1116 315 1171 narn
335 1108 466 1180 dicitur,
486 1107 592 1170 “Vae
612 1109 720 1182 nobis,
737 1108 815 1188 quia
834 1106 1007 1168 devastati
1024 1124 1161 1182 sumus;
1180 1152 1233 1166 ...

31 1228 33 1235 ⁸
109 1202 268 1284 quamdiu
288 1202 589 1265 commorabuntur
605 1203 637 1264 in
658 1201 771 1263 medio
787 1201 835 1263 tui
855 1201 1088 1280 cogitationes
1109 1199 1230 1281 iniqui·

111 1296 215 1358 tatis?
246 1295 404 1358 Vastitas
423 1297 485 1358 erit
506 1306 581 1358 tota
601 1306 702 1369 terra,
722 1305 798 1358 tota
817 1294 895 1357 urbs
914 1293 1079 1356 deserta.”
1124 1293 1227 1375 Apud

111 1391 268 1463 eundem,

162 1514 180 1535 ⁸¹
189 1511 255 1560 Eece
268 1512 382 1574 populus
391 1513 503 1560 veniens
515 1527 530 1560 e
543 1522 613 1561 terra
629 1511 830 1573 septentrionis,
842 1520 868 1560 et
880 1525 947 1572 gens
961 1525 1060 1571 magna
1072 1509 1227 1558 excitabitur

240 1592 257 1625 a
269 1577 396 1625 lateribus
406 1588 491 1625 terrae
502 1592 520 1635 ;.
530 1615 536 1626 .
547 1615 552 1626 .
563 1592 628 1626 .vox
639 1591 731 1626 eorum
742 1577 809 1625 sicut
819 1591 892 1624 mare
902 1587 1019 1633 resonat,
1030 1586 1057 1623 et
1066 1589 1149 1637 super
1155 1575 1226 1638 equis

241 1643 362 1705 equitant
371 1642 384 1659 ''
396 1642 441 1702 (vi.
454 1654 493 1698 22,
504 1654 551 1702 ης
572 1656 628 1704 cap.
640 1642 656 1690 l.
668 1639 803 1700 1¹¹4r‚42):

109 1776 261 1841 similiter
275 1776 327 1840 hic
347 1779 549 1841 describitur
562 1778 757 1840 devastatio
774 1777 942 1840 ecclesiae
956 1797 1015 1857 per
1028 1774 1112 1839 lalsa
1126 1777 1205 1838 mali
1219 1797 1226 1851 ;

111 1877 230 1936 “terra
256 1872 528 1952 septentrionis,''
551 1882 586 1935 et
616 1872 752 1934 “latera
777 1870 911 1934 terrae”
935 1880 1014 1933 sunt
1042 1871 1132 1932 unde
1161 1871 1225 1941 illa,

111 1972 230 2029 “terra
250 1968 492 2048 septentrionis
502 1966 516 1989 ”
536 1967 624 2029 unde
647 1966 743 2040 salsa,
764 1977 799 2029 et
821 1964 962 2028 “latera
986 1964 1122 2027 terrae”
1142 1965 1227 2026 unde

110 2061 219 2137 mala;
243 2081 302 2142 per
323 2059 645 2142 “septentrionem’'
664 2062 754 2123 enim
778 2058 989 2140 significatur
1008 2059 1099 2140 quod
1119 2079 1227 2121 remo·

111 2164 183 2217 tum
207 2175 226 2216 a
249 2156 337 2217 veris
360 2164 424 2228 est,
449 2165 484 2217 et
512 2175 569 2236 pet
594 2154 731 2217 “latera
755 2152 888 2217 terrae”
904 2153 993 2233 quod
1018 2162 1188 2214 remotum
1211 2172 1228 2213 a

109 2247 225 2326 bonis;
249 2269 352 2330 quare
372 2249 494 2311 dicitur
515 2256 629 2328 “gens
640 2248 655 2271 ”
674 2249 716 2311 de
740 2248 791 2310 his
815 2258 850 2309 et
872 2245 1046 2328 “populus
1055 2245 1069 2268 ’¹
1089 2247 1132 2308 de
1153 2246 1227 2316 illis,

110 2360 188 2403 nam
203 2363 261 2423 per
276 2348 295 2374 ‘⁴
304 2353 444 2423 gentem
453 2342 468 2365 '⁹
481 2343 718 2423 intelliguntur
731 2344 785 2424 qui
802 2343 834 2402 in
851 2341 958 2412 malis,
973 2351 1008 2402 et
1022 2360 1081 2420 per
1094 2346 1113 2370 “
1123 2360 1228 2421 popu·

111 2432 180 2495 lum
189 2433 205 2457 ’'
221 2435 276 2514 qui
296 2434 328 2495 in
348 2433 441 2495 salsis
460 2450 579 2506 (videatur
589 2464 668 2506 supra.
680 2463 703 2494 n.
717 2449 846 2512 33tta]):
875 2432 1094 2494 ratiocinatio
1112 2451 1229 2493 eorum

112 2524 321 2606 significatur
340 2547 398 2607 per
417 2527 505 2607 quod
528 2533 625 2587 “vox
645 2545 760 2588 eorum
785 2526 871 2587 sicut
895 2545 987 2585 mare
1007 2523 1177 2598 resonet,”
1196 2534 1229 2586 et

109 2619 200 2701 quod
221 2625 348 2700 “super
364 2621 458 2700 equis
475 2620 658 2701 equitent.”
703 2619 806 2701 Apud
826 2617 1039 2691 Ezechielem,

162 2753 283 2802 “Venies
301 2768 317 2801 e
333 2753 394 2802 loeo
407 2763 480 2802 tuoe
499 2754 626 2802 lateribus
639 2755 839 2815 septentrionis,
855 2763 882 2802 tu
896 2763 923 2801 et
935 2753 1026 2814 populi
1040 2752 1117 2800 multi
1129 2761 1229 2808 tecum,

240 2819 389 2880 equitantes
413 2820 489 2881 equis
508 2834 603 2867 omnes
606 2856 675 2872 .....
681 2829 707 2868 et
731 2821 861 2867 ascendes
880 2830 973 2866 contra
991 2817 1120 2879 populum
1140 2831 1230 2865 meum

240 2882 376 2940 lsraelem.
392 2885 460 2932 sicut
473 2886 558 2932 nubes
570 2886 603 2932 ad
616 2885 796 2946 obtegendum
811 2895 908 2932 terram
918 2883 932 2900 ''
944 2883 1065 2944 (xxxviii.
1078 2895 1116 2942 15,
1129 2883 1170 2943 16)
1181 2899 1186 2931 ι

110 3011 193 3075 haec
213 3013 256 3074 de
276 3011 387 3093 Gog0,
409 3033 587 3094 perquem
607 3012 819 3094 significatur
838 3013 950 3075 cultus
970 3023 1136 3074 externus
1152 3013 1232 3075 abs·

109 3126 174 3187 que
194 3106 263 3168 ullo
283 3108 417 3169 interno
434 3129 441 3183 ;
467 3107 603 3170 “latera
624 3109 868 3190 septentrionis
877 3107 891 3131 '³
908 3106 1102 3187 significant
1122 3107 1176 3170 hic
1196 3117 1232 3170 ut

110 3221 210 3282 supra
229 3213 396 3263 remotum
416 3201 552 3264 abonis
572 3212 606 3264 et
625 3204 722 3275 veris,
740 3213 775 3264 et
796 3203 842 3264 sic
862 3203 949 3263 unde
969 3201 1053 3263 salsa
1070 3201 1173 3277 mali;
1197 3211 1232 3264 et

110 3296 187 3375 quia
215 3296 292 3357 inde
320 3297 566 3359 ratiocinantur
593 3308 628 3358 et
657 3298 860 3378 impugnant
888 3317 967 3358 vera
992 3296 1171 3368 ecclesiae,
1196 3306 1232 3357 et

111 3390 337 3470 exstinguunt
366 3389 432 3465 illa,
458 3391 580 3454 dicitur
605 3393 831 3472 “equitantes
861 3392 954 3472 equis
986 3409 1116 3463 omneS,
1132 3440 1139 3451 .
1154 3440 1161 3451 .
1177 3401 1232 3452 ,et

112 3486 278 3547 ascendes
302 3495 422 3547 contra
440 3486 601 3566 populum
626 3505 737 3548 meum
763 3484 935 3556 Israelem,
954 3485 1041 3546 sicut
1062 3486 1169 3546 nubes
1188 3485 1232 3546 ad

111 3578 343 3659 obtegendum
368 3590 492 3641 terram
506 3580 532 3655 ;”
557 3582 782 3662 “equitantes
806 3579 923 3661 equis”
946 3590 1024 3640 sunt
1049 3580 1231 3640 ratiocina-

111 3672 232 3746 tiones,
247 3675 460 3736 “ascendere
473 3686 594 3737 contra
609 3674 769 3755 populum
787 3673 976 3746 lsraelem‚”
987 3684 1022 3735 et
1036 3679 1055 3703 ‘⁴
1066 3673 1233 3753 obtegere

111 3766 266 3841 terram,'’
280 3767 448 3848 significat
463 3771 662 3850 impugnare
677 3790 756 3831 vera
768 3769 944 3842 ecclesiae,
959 3779 994 3830 et
1009 3769 1232 3847 exstinguere

111 3859 187 3938 illa;
213 3862 371 3924 “nubes”
391 3873 470 3925 sunt
490 3862 574 3925 salsa
595 3863 683 3925 mali.
729 3861 833 3944 Apud
853 3862 1035 3934 [intudem.

162 3997 179 4016 ¹¹
188 3993 218 4042 ln
232 4004 352 4056 tempore
364 3995 424 4043 finis
436 3996 542 4044 collidet
555 4010 601 4044 rex
612 3996 731 4044 meridiei
745 4011 805 4044 cum
814 3996 828 4013 ''
838 4011 900 4055 rege
914 3994 1106 4056 septentrionis
1118 4008 1123 4050 ;
1144 3995 1234 4043 “ideo

242 4059 316 4122 quasi
330 4061 447 4122 procella
459 4062 540 4110 irruet
552 4062 578 4109 in
597 4062 671 4109 illurn
684 4077 731 4109 rex
742 4062 942 4123 septentrionis,
958 4075 1016 4108 curn
1030 4074 1109 4108 curru
1127 4069 1154 4108 et
1173 4075 1233 4108 eum

241 4125 381 4188 equitibus,
393 4135 488 4174 etcum
499 4128 612 4174 navibus
623 4127 721 4193 multis.
734 4136 761 4174 et
770 4128 859 4174 veniet
870 4128 895 4173 in
907 4137 1000 4181 terras,
1012 4135 1038 4172 et
1051 4125 1195 4174 inundabit
1207 4134 1233 4174 et

242 4192 392 4252 penetrabit
401 4191 414 4208 '⁸
427 4192 472 4252 (xi.
483 4194 539 4251 40):

110 4319 223 4401 agitur
242 4320 274 4382 in
291 4319 350 4382 illo
369 4321 538 4404 capitede
554 4342 668 4403 pugna
685 4322 774 4401 regis
793 4321 1037 4402 septentrionis
1054 4340 1131 4382 cum
1149 4341 1233 4400 rege

71 4422 73 4426 ’
110 4414 270 4490 meridiei,
290 4426 325 4479 et
349 4435 408 4497 per
429 4423 574 4497 “regem
598 4414 866 4497 septentrionis”
885 4414 1088 4494 intelligitur
1107 4414 1231 4477 falsum
