2684 4988
124 473 203 539 1134
431 468 681 519 APOCALYPSIS
704 468 937 520 texentem.

119 662 173 704 sas
200 652 235 705 et
259 638 417 704 victorias
443 662 488 703 ex
519 640 654 722 propria
681 641 849 722 potentia,
874 641 969 724 apud
992 641 1199 717 Davidem,l

119 730 225 793 lxvlll.
239 746 346 809 27-29
362 746 435 803 (quae
448 747 566 804 explicata
577 746 703 791 videantur
715 758 795 804 supra,
806 759 830 793 n.
839 747 930 812 439).
974 730 1067 813 Quia
1086 732 1162 794 talla
1175 753 1199 814 pl

120 821 379 886 “Sebulonem’'
399 821 686 903 significabantur,
707 823 784 885 ideo
1072 820 1075 826 ’

173 956 271 1006 Tribus
285 955 413 1020 Jehudae.
428 971 556 1005 unacum
571 956 643 1005 tribu
659 955 807 1006 Isascharis
822 967 927 1006 etcum
942 957 1016 1007 tribu
1030 958 1161 1008 Sebulonis
1171 973 1199 1008 ou

249 1024 465 1148 llasslglamm
481 1022 515 1071 sd
533 1022 666 1071 orientem
684 1023 783 1072 circum
796 1022 959 1072 Tentorium
979 1035 1125 1073 conventus
1138 1025 1199 1085 (Nau

117 1212 440 1273 castrametationes
458 1212 549 1273 enim
568 1210 711 1274 tiliorum
736 1211 871 1275 Israelis
892 1213 1021 1276 circum
1041 1212 1199 1277 Tentoriun

117 1315 307 1367 conventus
324 1305 634 1386 repraesentabant
645 1314 681 1369 et
700 1305 779 1369 inde
795 1305 1037 1387 significabant
1053 1307 1199 1369 ordinatio·

118 1418 177 1460 nes
201 1401 407 1461 societatum
431 1399 662 1480 angelicarum
685 1400 719 1462 in
742 1400 849 1474 caelo,
873 1411 910 1464 et
942 1403 986 1464 ad
1017 1401 1199 1465 orientemin

117 1492 213 1554 caelo
237 1503 315 1556 sunt
340 1495 395 1575 qui
418 1495 451 1555 in
471 1491 708 1574 conjunttione
732 1514 807 1556 cum
832 1494 985 1558 Domino
1008 1517 1066 1578 per
1086 1511 1198 1558 amorem

117 1587 149 1648 in
171 1587 285 1669 Ipsum
302 1610 308 1662 ;
333 1590 440 1650 tribus
459 1590 549 1650 enim
564 1588 717 1669 Jehudae
733 1591 1016 1670 repraesentabat
1035 1607 1165 1653 amorem
1177 1588 1198 1649 in

118 1681 312 1754 Dominum,
333 1693 368 1746 et
389 1684 495 1746 tribus
516 1681 695 1746 Sebulonis
714 1681 990 1764 conjunctionem
1010 1705 1083 1747 cum
1102 1685 1171 1766 Ipso.

174 1774 338 1856 448[a].
367 1783 385 1812 ¹¹
389 1775 413 1836 Ε
412 1795 433 1836 r
442 1775 521 1837 tribu
531 1775 659 1855 «losephr'
670 1775 826 1837 duodecim
839 1775 934 1837 millio
947 1769 1199 1858 tr'ynutr‘.''-Quod

116 1866 284 1946 significet
300 1867 550 1950 conflmlirimem
562 1866 695 1929 illorum
706 1867 766 1948 qui
778 1867 812 1928 in
828 1869 968 1930 secundo
982 1869 1068 1931 caelo
1080 1889 1141 1930 cum
1152 1865 1198 1928 llo·

116 1961 212 2034 mina,
241 1970 379 2023 constat
407 1983 452 2024 ex
479 1962 795 2042 repraesentatione
821 1972 856 2025 et
884 1963 963 2025 inde
991 1962 1198 2045 significatione

118 2055 308 2136 “Josephi''
324 2065 358 2118 et
375 2055 445 2135 ejus
462 2057 580 2127 tribus,
598 2056 688 2137 quod
705 2056 749 2118 sit
766 2056 941 2138 spirituale
959 2059 1055 2139 regni
1073 2066 1105 2119 et
1118 2052 1198 2118 eccle·

116 2152 185 2212 siae
205 2150 362 2226 Domini;
393 2151 482 2232 quod
507 2149 560 2212 hic
586 2170 644 2231 per
665 2149 902 2231 “Josephum”
922 2150 1125 2232 significetur
1142 2165 1198 2210 con·

113 2241 243 2325 junelio
273 2264 388 2306 eorum
422 2245 477 2325 qui
511 2245 544 2306 in
575 2244 726 2306 secundo
756 2243 853 2306 caelo
883 2264 960 2307 cum
994 2245 1140 2316 Domino,
1163 2248 1197 2303 est

116 2338 193 2419 quia
221 2358 279 2420 per
305 2337 545 2420 “Josephum’'
568 2337 778 2419 significatur
799 2358 942 2419 regnum
967 2339 1131 2422 spirituale
1149 2335 1197 2397 Do·

115 2433 206 2505 mini,
232 2442 266 2495 et
295 2431 358 2494 hoc
388 2452 528 2512 regnum
553 2433 732 2495 constituit
760 2432 946 2495 secundum
974 2433 1119 2496 caelum:
1142 2435 1197 2492 sunt

115 2528 204 2588 enim
233 2527 299 2588 duo
327 2547 442 2607 regna,
469 2547 513 2589 ex
542 2527 661 2608 quibus
686 2525 829 2600 caelum,
846 2533 999 2607 'regnum
1024 2528 1156 2591 caeleste
1174 2530 1197 2585 rt

114 2641 255 2700 regnum
269 2620 462 2701 spirituale;
487 2639 628 2701 regnum
646 2620 794 2682 caeleste
811 2623 970 2684 consistit
988 2643 1032 2684 ex
1049 2622 1110 2685 illis
1122 2619 1196 2702 quiin

115 2716 218 2777 tertio
241 2735 299 2776 seu
323 2716 444 2776 intimo
467 2713 574 2786 caelo
600 2725 634 2776 et
658 2734 799 2794 regnum
824 2715 1000 2795 spirituale
1024 2739 1068 2779 ex
1090 2717 1143 2778 illis
1160 2709 1195 2793 qui

114 2811 147 2871 in
164 2809 313 2871 secundo
326 2830 384 2870 seu
398 2808 510 2870 medio
524 2807 629 2870 caelo.
675 2807 776 2888 Quod
790 2807 986 2889 conjunctio
999 2831 1109 2873 eorum
1122 2805 1194 2890 quiin

113 2924 154 2966 eo
178 2915 267 2974 sunt,
289 2924 347 2984 per
369 2902 606 2983 “josephum''
629 2902 847 2982 significetur,
867 2916 921 2966 est
946 2906 1025 2987 quia
1047 2906 1079 2968 id
1100 2901 1194 2967 caelum

114 3019 172 3080 per
193 2997 429 3079 “josephum''
449 2997 667 3078 significatur,
688 3006 722 3059 et
743 3000 820 3080 quia
843 2999 876 3060 in
901 2999 965 3062 hac
986 3012 1103 3082 quarta
1118 2998 1194 3060 classe

113 3093 259 3156 tribuum
280 3093 392 3172 agitur
411 3093 452 3154 de
472 3089 709 3171 conjuntFtione
729 3093 877 3154 omnium
898 3095 954 3174 qui
979 3096 1012 3156 in
1034 3094 1126 3157 caelis
1140 3093 1192 3152 sunt

112 3200 147 3251 et
168 3190 199 3249 in
220 3187 334 3250 caelos
353 3189 493 3249 veniunt
513 3206 588 3249 cum
610 3188 768 3260 Domin0,
786 3197 821 3250 et
842 3187 900 3249 illa
916 3188 1106 3270 conjunctio
1121 3182 1192 3266 signi·

112 3281 231 3345 ficator
247 3303 306 3364 per
324 3283 479 3344 “tribum
497 3281 706 3355 Sebulonis,”
721 3303 807 3364 quae
824 3293 875 3344 est
898 3285 1007 3364 prima
1025 3286 1121 3347 tribus
1133 3280 1192 3343 illius

112 3376 252 3453 classis;
284 3387 317 3439 et
342 3378 449 3458 prima
474 3376 580 3439 tribus
604 3375 749 3456 cujusvis
772 3375 891 3438 classis
918 3387 954 3440 et
982 3381 1077 3442 seriei
1102 3376 1191 3441 indicat

112 3491 181 3533 rem
206 3472 248 3534 de
271 3491 336 3552 qua
360 3473 473 3551 agitur
496 3472 528 3532 in
549 3472 779 3551 sequentibus,
800 3491 901 3552 quam
925 3473 1032 3535 etiarn
1055 3474 1192 3552 ingerere

111 3577 293 3648 sequentes
324 3568 484 3637 retinent,
516 3564 569 3627 hic
601 3567 714 3647 itaque
744 3563 1039 3646 conjunctionem:
1072 3569 1136 3631 inde
1157 3566 1191 3622 est

111 3661 200 3742 quod
228 3661 362 3723 “tribus
387 3659 589 3722 Sebulonis”
609 3659 776 3739 significet
800 3659 1075 3740 conjunctionem
1097 3661 1192 3724 illorum

110 3756 165 3836 qui
185 3757 217 3817 in
235 3757 338 3817 tertio
354 3754 450 3817 caelo
467 3773 542 3816 cum
561 3754 719 3827 Domino,
739 3755 874 3816 “tribus
890 3755 1055 3839 Josephi”
1071 3754 1192 3834 conjunc·

110 3851 238 3911 tionem
256 3848 389 3911 illorum
406 3851 461 3930 qui
481 3851 513 3910 in
534 3849 684 3911 secundo
701 3847 796 3911 caelo
813 3868 889 3911 curn
910 3850 1070 3925 Domino,
1087 3861 1116 3914 et
1131 3837 1193 3905 “tri·

110 3942 171 4003 bus
192 3942 420 4023 Benjaminis'’
437 3940 708 4023 conjunctionem
729 3942 862 4005 illorum
881 3946 937 4025 qui
957 3947 991 4007 in
1011 3947 1113 4027 primo
1125 3931 1193 4003 cael⁰

109 4055 185 4098 cum
207 4037 364 4099 Domino.
412 4036 512 4118 Quod
532 4036 752 4118 “josephus‘’
768 4042 1077 4120 repraesentaverit
1096 4049 1125 4103 et
1140 4026 1194 4097 inde

109 4131 142 4192 in
158 4130 275 4193 Verbo
293 4131 460 4212 significet
481 4132 664 4195 Dominum
681 4133 792 4215 quoad
813 4133 974 4197 Divinum
994 4133 1161 4217 spirituale,
1173 4131 1195 4187 el

108 4226 140 4286 in
161 4245 262 4287 sensu
282 4223 471 4307 respective
495 4246 636 4308 regnum
661 4226 844 4308 spirituale,
865 4238 1026 4290 constare
1051 4237 1154 4310 potest
1169 4235 1198 4285 et

107 4321 265 4381 omnibus
284 4319 349 4381 illis
373 4341 458 4401 quae
482 4321 515 4383 in
535 4321 652 4385 Verbo
671 4331 742 4384 tam
763 4321 938 4383 Historico
958 4341 1060 4403 quarn
1082 4319 1199 4402 Prophe·

107 4416 177 4478 tico
200 4416 243 4478 de
267 4414 326 4477 illo
345 4427 536 4479 memorata
558 4427 593 4479 et
618 4413 708 4479 dieta
730 4426 828 4479 sunt:
860 4416 894 4478 in
914 4415 1034 4480 Verbo
1055 4415 1199 4481 Historict
