2684 4988
313 493 391 544 cna.
409 492 606 555 v11.,vans.
627 479 753 544 16.-u.
769 480 841 560 481.
1054 491 1133 562 1195

104 664 238 746 ›pposito
263 684 372 738 sensu,
399 672 436 728 ut
462 664 527 739 hic,
551 664 595 727 sit
622 682 717 727 amor
743 664 803 738 sui,
831 663 909 726 inde
937 662 1062 726 malum
1089 683 1134 726 ex

104 755 305 837 :upiscentlls
327 770 368 830 (de
382 784 430 829 qua
443 783 523 830 supra.
538 784 561 818 n.
572 770 645 833 401,
659 778 683 818 et
696 771 720 817 in
736 784 809 830 opere
824 773 863 817 De
878 770 946 816 Caelo
959 776 982 816 er
994 770 1097 831 Infmr,
1108 783 1134 817 n.

104 862 153 918 25):
175 854 212 908 et
233 866 279 908 ex
301 844 550 927 significatione
570 844 747 920 “aestus’'
764 845 855 927 quod
878 846 922 907 sit
944 843 1066 907 salsum
1088 864 1134 907 ex

108 937 203 1013 malo,
232 939 373 1019 proinde
399 937 519 1001 falsum
544 959 589 1000 ex
619 939 923 1019 concupiscentiis;
953 957 1031 1000 nam
1059 956 1135 1001 cum

105 1034 177 1095 oin
205 1042 302 1096 aestu
327 1043 391 1108 est,
415 1034 479 1096 hoc
507 1041 571 1106 est,
596 1052 671 1095 cum
698 1042 832 1097 aestuat
860 1053 880 1095 a
906 1031 1029 1106 calore,
1054 1041 1134 1095 tunc

104 1127 224 1207 :upiscit
247 1138 376 1208 potum,
399 1135 436 1190 ut
459 1128 573 1190 aestus
595 1127 742 1201 sedetur,
763 1137 814 1190 est
838 1127 926 1189 enim
950 1126 1076 1202 siccus;
1099 1133 1135 1188 et

104 1221 262 1302 “potari'’
285 1232 320 1284 et
344 1220 514 1284 “bibere'’
535 1220 743 1302 significatur
769 1220 898 1284 haurire
926 1240 1015 1294 vera,
1039 1228 1074 1282 et
1101 1220 1135 1282 in

104 1316 172 1378 tsito
190 1335 291 1378 sensu
309 1315 438 1378 haurire
457 1314 551 1389 falsa,
569 1336 613 1378 ex
632 1334 733 1378 causa
751 1317 828 1396 quia
848 1313 985 1397 “aqua‘’
1004 1324 1039 1377 et
1056 1314 1134 1376 “vi-

104 1408 127 1482 ,”
140 1429 224 1492 quae
243 1421 405 1491 potantur
422 1430 481 1472 seu
500 1409 668 1484 bibuntur,
688 1408 880 1490 significant
900 1429 988 1472 vera.
1033 1405 1135 1489 Quod

104 1502 182 1566 ttus''
205 1502 373 1585 significet
400 1502 520 1567 salsum
547 1524 592 1566 ex
620 1504 903 1584 concupiscentia,
928 1523 986 1565 seu
1010 1520 1135 1565 concu-

104 1597 215 1661 tntiam
239 1599 282 1660 ad
305 1596 435 1672 salsum,
457 1607 614 1661 constare
638 1607 753 1679 potest
776 1618 820 1660 ex
844 1596 1062 1679 sequentibus
1084 1595 1136 1658 his

104 1691 268 1774 ¹:--Apud
287 1692 483 1767 Jeremiam,

104 1831 192 1884 beatus
202 1834 243 1883 vir
252 1834 296 1898 qui
309 1834 418 1884 confidit
430 1835 456 1884 ln
465 1834 611 1900 Jehovah„
622 1844 693 1885 ...et
704 1835 755 1884 erit
764 1833 832 1884 sicut
840 1835 920 1882 arbor
929 1833 1049 1896 plantata
1060 1832 1137 1896 juxta

144 1915 237 1964 aquas,
248 1900 324 1963 juxta
335 1899 445 1949 fluvium
458 1901 556 1950 emittit
568 1899 670 1949 radices
682 1914 760 1958 suaa;
778 1914 864 1962 neque
877 1900 978 1948 videbit
989 1913 1048 1948 cunt
1062 1900 1137 1948 venit

145 1975 245 2022 aestus,
258 1967 305 2015 sed
317 1967 367 2015 erit
378 1965 472 2015 folium
484 1965 544 2028 ejus
556 1966 655 2022 viride:
674 1966 744 2014 unde
757 1965 784 2013 in
796 1978 869 2014 anno
881 1964 1007 2014 siccitatis
1020 1979 1074 2014 non
1086 1965 1137 2015 erit

146 2031 284 2088 sollicitus,
300 2046 385 2094 neque
397 2032 513 2080 cessabit
525 2047 542 2079 a
553 2030 665 2080 ferendo
676 2028 792 2079 trucium
800 2029 815 2049 ’⁹
826 2030 900 2091 (xvii.
913 2041 936 2090 7,
949 2030 988 2091 Sl:

104 2183 232 2253 paratur
244 2173 357 2248 homo,
370 2174 427 2256 qui
443 2194 480 2236 se
492 2173 568 2237 duci
584 2174 741 2254 patitura
756 2173 915 2245 Domino,
928 2191 1004 2235 cum
1016 2172 1135 2235 arbore

104 2287 140 2328 us
158 2268 346 2330 crescentia
364 2277 399 2330 et
418 2264 683 2342 fructificatione,
703 2269 780 2349 quia
799 2287 857 2348 per
878 2266 1059 2329 “arborem
1069 2266 1084 2290 ’'
1102 2268 1135 2328 in

104 2382 133 2424 >o
151 2361 359 2443 significatur
377 2363 529 2444 cognitio
548 2372 582 2425 et
606 2363 779 2444 perceptio
797 2363 866 2424 veri
889 2372 925 2425 et
948 2361 1038 2437 boni,
1058 2381 1135 2442 pro·

108 2455 212 2519 homo
229 2457 340 2538 inquo
356 2455 433 2518 illae
446 2466 545 2532 sunt;
568 2476 628 2538 per
642 2456 822 2519 “arborem
837 2455 1026 2536 plantatam
1036 2454 1136 2536 juxta

104 2550 142 2613 s”
159 2550 361 2631 intelligitur
383 2550 486 2613 homo
508 2551 597 2631 apud
620 2569 720 2632 quem
742 2570 821 2613 vera
843 2570 863 2612 a
886 2550 1035 2613 Domino
1057 2560 1136 2614 sunt

106 2665 169 2708 uae
178 2643 193 2668 ”
208 2656 287 2708 sunt
306 2643 421 2726 vera):
447 2643 571 2725 “juxta
590 2643 725 2707 fluvium
741 2645 868 2707 emittit
887 2644 1017 2706 radices
1035 2664 1112 2707 suas
1120 2643 1136 2669 ”

104 2737 184 2802 licat
203 2738 441 2801 extensionem
460 2737 707 2819 intelligentiae
726 2758 746 2800 a
764 2737 926 2819 spirituali
947 2738 1083 2801 homine
1101 2740 1135 2801 in

104 2833 225 2910 :alem;
245 2833 308 2895 hoc
322 2833 442 2895 dicitur
454 2834 531 2913 quia
544 2852 603 2912 per
617 2838 635 2863 ‘⁴
646 2831 779 2895 fluvium
788 2832 803 2856 ”
815 2832 1023 2915 significatur
1035 2833 1135 2897 intel·

108 2929 168 3002 tia,
188 2938 224 2991 et
247 2929 324 3009 quia
347 2928 503 2990 “radices
512 2927 526 2950 '³
549 2928 750 2991 emittuntur
772 2949 790 2990 e
814 2926 978 3008 spirituali
1000 2927 1136 2991 homine

104 3022 276 3086 totalem:
303 3028 438 3103 “neque
457 3022 585 3085 videbit
604 3040 680 3085 cum
700 3023 792 3085 venit
813 3032 927 3084 aestus
936 3020 950 3044 '’
969 3019 1136 3103 significat

124 3136 193 3178 non
211 3114 374 3178 afficietur
388 3136 409 3177 a
426 3117 701 3196 concupiscentia
717 3114 809 3193 salsi;
834 3115 921 3178 “sed
941 3116 1003 3178 erit
1022 3115 1136 3178 solium

104 3211 207 3274 uiride
217 3209 231 3232 ”
244 3208 410 3292 significat
424 3208 607 3272 scientifica
619 3211 767 3273 viventia
782 3230 828 3272 ex
841 3211 926 3272 veris
940 3230 947 3286 ;
972 3207 1113 3271 “lolium
1122 3206 1138 3234 ”

104 3305 184 3369 ficat
203 3302 434 3378 scientificum,
455 3322 494 3365 ac
513 3302 667 3366 “viride”
685 3305 801 3365 vivens
821 3324 866 3365 ex
885 3304 993 3365 veris:
1019 3303 1137 3365 “unde

104 3419 152 3462 no
165 3399 328 3461 siccitatis
341 3417 408 3460 non
422 3398 484 3460 erit
498 3397 672 3473 sollicitus,
687 3418 795 3480 neque
808 3398 952 3460 cessabit
966 3418 985 3459 a
999 3397 1136 3460 ferendo

104 3493 188 3568 um,’'
211 3491 379 3574 significat
402 3492 492 3574 quod
520 3494 552 3556 in
580 3502 671 3555 statu
698 3493 835 3573 quando
863 3513 930 3555 non
958 3512 1073 3557 verum
1101 3502 1137 3556 et

104 3608 141 3652 m
159 3608 226 3651 non
243 3588 307 3651 erit
324 3588 357 3649 in
377 3588 497 3650 timore
513 3584 661 3668 jacturae
680 3597 715 3650 et
732 3588 973 3668 deprivationis
991 3587 1136 3663 illorum,

104 3682 182 3767 {uod
202 3683 304 3745 etiam
322 3692 401 3744 tunc
418 3702 497 3743 vera
513 3678 691 3761 conjuncta
709 3681 851 3744 bonose
870 3679 1137 3759 fructificabunt3

104 3797 155 3842 tus
166 3777 330 3839 siccitatis
338 3775 352 3798 ''
365 3773 531 3857 significat
544 3786 672 3839 statum
684 3773 834 3857 jacturae
847 3787 882 3840 et
895 3776 1136 3858 deprivationis

142 3869 218 3934 Hoc
238 3871 359 3933 dicitur
377 3871 453 3951 quia
475 3870 565 3950 apud
588 3871 722 3950 spiritus
745 3879 781 3933 et
803 3869 946 3952 angelos
963 3869 1138 3934 alternant

104 3981 129 4023 ts
154 3976 195 4033 (de
208 3989 258 4034 qua
271 3976 427 4020 alternatione
437 3974 549 4020 *videatur
562 3975 586 4019 in
601 3988 673 4033 opere
688 3976 726 4020 De
739 3975 807 4021 Caelo
819 3981 843 4020 et
856 3977 958 4036 larsem,
973 3989 996 4023 n.
1009 3976 1136 4035 154-161).

104 4053 120 4116 i
139 4051 293 4126 Esaiam,

104 4183 192 4237 fanus
209 4200 239 4235 es
257 4186 452 4234 munimentum
471 4185 589 4247 pauperi,
606 4185 802 4234 munimentum
820 4199 915 4247 egeno,
934 4199 993 4234 cum
1012 4185 1138 4247 angustia

148 4252 194 4309 illi.
206 4250 339 4313 retugium
352 4253 385 4299 ab
397 4250 580 4309 inundatione,
592 4252 686 4299 umbra
696 4252 731 4298 ab
743 4260 827 4307 aestu,
840 4265 903 4299 nam
916 4250 1025 4312 spiritus
1034 4251 1137 4299 violen-

148 4327 236 4366 torum
244 4319 312 4367 sicut
319 4317 458 4365 inundatio
466 4317 582 4378 parietis,
592 4317 660 4365 sicut
667 4316 773 4365 siccitas
785 4316 811 4364 in
821 4316 880 4365 loco
887 4316 963 4365 arido
973 4330 979 4374 ;
992 4316 1135 4365 tumultum

148 4383 296 4432 alienorum
309 4382 470 4438 humiliabis,
481 4391 585 4430 aestum
599 4396 646 4444 per
657 4383 780 4430 umbram
792 4382 880 4440 nubis,
892 4381 1066 4444 propaginem
1080 4381 1137 4430 vio·

149 4448 282 4498 lentorum
295 4447 421 4510 reprimet
427 4446 441 4465 '⁸
453 4447 525 4509 (xxv.
537 4460 561 4507 4,
575 4448 613 4508 sl:
