2684 4988
108 455 172 536 9²⁶
418 464 666 517 uuocnuursrs
689 460 916 516 Exmc-ATA.

108 636 222 718 itaque
241 635 331 718 quod
351 636 559 698 comminuet
582 644 617 698 et
639 644 798 698 conteret
822 634 913 697 mala
936 643 971 697 et
988 633 1084 707 falsa;
1106 649 1173 714 quart

109 731 241 811 dicitur,
257 729 410 792 “tribula
423 730 577 811 praedita
589 728 726 803 aculeis,
741 738 778 791 ut
793 730 932 792 tritures
945 738 1074 790 montes
1083 737 1176 790 etcou·

110 833 212 895 teras,
229 832 265 885 et
284 822 390 885 colles
406 825 492 886 sicut
512 823 664 905 glumam
681 821 818 904 ponas,”
834 841 893 903 ρετ
912 842 999 903 quae
1016 819 1180 902 significatur

109 914 295 979 destrudlio
314 916 479 979 malorum
497 916 713 979 oriundorum
730 937 775 978 ex
792 936 909 978 amore
925 917 974 977 sui
994 925 1028 978 et
1044 913 1183 986 mundltl

110 1031 242 1091 quoque
255 1009 415 1073 falsorum
431 1012 509 1073 inde
525 1032 532 1086 ;
556 1020 591 1073 et
604 1030 737 1093 quoque
750 1010 883 1083 dicitur,
900 1008 1097 1090 “disperges
1108 1012 1187 1069 eostl
1200 1048 1203 1091 ς

109 1115 231 1166 ventus
249 1104 377 1167 auferat
393 1125 453 1167 eos
468 1115 503 1167 et
521 1103 670 1186 procella
686 1104 828 1185 dissipet
845 1103 934 1171 eos.”
946 1123 1006 1184 per
1020 1121 1099 1184 quae
1113 1097 1202 1181 sigui·-

110 1196 228 1260 ficatur
239 1198 329 1279 quod
342 1199 429 1260 sicut
444 1197 538 1260 nihili
554 1207 672 1274 erunt;
691 1203 842 1260 “ventus
850 1197 865 1220 ”
877 1207 912 1260 et
928 1203 947 1228 “
957 1190 1187 1278 procella”dlci·

111 1301 175 1364 tur,
191 1294 269 1374 quia
288 1291 525 1373 intelliguntur
541 1292 625 1354 salsa
641 1302 676 1354 et
693 1291 794 1361 mala,
811 1309 891 1353 nam
910 1288 1084 1352 “ventus'’
1097 1287 1187 1350 dicim

110 1387 153 1449 de
176 1387 263 1448 veris
286 1396 321 1448 et
345 1387 377 1447 in
401 1387 560 1468 opposito
582 1399 684 1448 sensu
706 1385 750 1447 de
771 1383 874 1458 salsis,
898 1393 934 1447 et
959 1378 1188 1466 “procella’¹dt

111 1479 209 1543 malis
228 1479 312 1542 salsi.
358 1480 461 1562 Apud
480 1481 636 1554 eundem,

162 1627 179 1647 ¹⁶
188 1623 296 1672 Montes
305 1624 437 1679 recedent,
446 1634 472 1672 et
480 1623 562 1672 eolles
571 1624 786 1680 dimovebantur,
796 1622 843 1672 sed
851 1621 1036 1670 misericordia
1043 1619 1189 1668 meaatettl'r

241 1703 296 1737 non
308 1690 413 1737 recedet
421 1687 435 1707 '³
447 1689 502 1748 (liv.
516 1694 569 1750 10):

112 1814 203 1895 quod
218 1821 382 1877 “montes
397 1816 558 1878 recedent
574 1825 608 1877 et
626 1814 731 1877 colles
744 1814 1029 1877 dimovebuntur’'
1041 1836 1104 1877 non
1118 1813 1188 1877 intel·

113 1909 227 1989 ligitur
243 1910 333 1992 quod
352 1909 398 1971 illi
418 1919 553 1972 montes
569 1918 605 1972 et
621 1909 727 1971 colles
744 1911 799 1991 qui
818 1911 850 1971 in
871 1909 993 1973 tellure
1009 1921 1094 1982 sunt,
1109 1927 1189 1972 reces-

113 2003 178 2065 suri
196 2005 263 2065 sint
280 2014 315 2065 et
332 2003 602 2075 dimovebuntur,
620 2002 680 2064 sed
700 2002 747 2064 illi
763 2004 818 2085 qui
836 2004 870 2065 in
886 2003 986 2065 malis
1004 2003 1188 2066 amoribuset

111 2097 190 2160 inde
209 2098 301 2160 salsis
324 2111 422 2174 sunt;
450 2102 563 2180 agitur
586 2103 675 2162 enim
699 2102 731 2164 in
755 2122 797 2164 eo
820 2102 932 2182 capite
954 2101 999 2165 de
1021 2102 1190 2184 gentibus,2

112 2192 231 2273 quibus
250 2213 338 2254 nova
354 2193 499 2255 ecclesia
514 2193 691 2257 formanda
711 2205 784 2272 est;
808 2216 912 2276 quare
931 2216 991 2276 per
1008 2202 1027 2228 “
1038 2196 1189 2257 monteset

113 2285 241 2347 colles'’
257 2287 289 2347 in
307 2288 419 2367 specie
436 2287 673 2367 intelliguntur
689 2290 744 2370 qui
760 2309 780 2350 a
797 2289 896 2370 priori
913 2290 1067 2361 ecclesia,
1083 2279 1189 2370 proinde

110 2377 238 2458 Judaei,
256 2380 345 2460 apud
362 2401 446 2462 quos
463 2401 555 2443 mera
572 2382 661 2444 mala
677 2383 751 2444 falsi
768 2393 804 2445 et
822 2382 906 2445 salsa
923 2383 1003 2444 mali
1019 2382 1144 2453 suerunt,
1156 2395 1186 2440 ex

112 2493 213 2535 causa
229 2477 305 2556 quia
322 2476 353 2536 in
371 2477 539 2538 amoribus
556 2477 605 2538 sui
621 2487 656 2538 et
674 2477 798 2539 mundi.
844 2476 948 2558 Apud
965 2476 1142 2550 Jeremiam,

146 2609 163 2629 ¹¹
173 2606 285 2668 Propter
295 2619 400 2656 montes
410 2609 502 2657 tollam
513 2608 603 2657 fletum
614 2620 640 2657 et
650 2611 805 2667 lamentum,
818 2620 844 2658 et
854 2620 963 2672 propter
972 2601 1188 2659 habitaculam

242 2674 470 2802 pegneptatissnem,
485 2675 546 2736 quia
557 2685 664 2723 vastata
680 2683 751 2731 sunt,
766 2685 861 2722 utnon
880 2676 915 2723 sit
928 2676 968 2723 vir
985 2672 1129 2724 transiens'‘
1139 2671 1188 2731 (itt

281 2777 287 2787 .
326 2777 331 2788 .
347 2753 377 2786 ro
407 2757 413 2788 :

110 2876 277 2935 “montes
287 2872 300 2896 ''
317 2893 417 2954 super
431 2891 516 2954 quos
533 2871 630 2935 fletus
647 2883 681 2935 et
699 2872 897 2946 lamentum,
915 2883 995 2936 sunt
1012 2872 1095 2935 mala
1109 2864 1186 2931 omnis

109 2968 244 3046 generis
269 2968 489 3029 scaturientia
512 2988 556 3029 ex
585 2968 671 3028 binis
694 2969 863 3029 amoribus
886 2987 986 3048 supra
1010 2959 1186 3031 memoratis

111 3071 145 3123 et
174 3082 232 3142 per
257 3061 483 3124 “habitacula
511 3061 661 3123 deserti”
685 3061 916 3142 significantur
935 3061 1019 3123 salsa
1041 3060 1120 3130 inde,
1132 3067 1186 3116 nam

111 3177 170 3237 per
191 3156 390 3218 “desertum
399 3155 414 3178 ’'
433 3154 641 3234 significatur
664 3156 719 3216 ubi
743 3175 810 3217 non
835 3156 960 3216 bonum
981 3156 1056 3236 quia
1076 3168 1133 3215 non
1146 3163 1186 3206 ve·

110 3269 193 3323 rum,
215 3260 249 3311 et
270 3270 328 3330 per
349 3247 598 3310 “habitacula''
618 3249 672 3311 ubi
691 3248 769 3325 illa;
793 3249 847 3310 hic
867 3250 981 3329 itaque
1003 3235 1186 3310 “habitacula

110 3342 259 3407 deserti”
278 3353 355 3405 sunt
373 3342 456 3405 salsa
473 3363 516 3404 ex
535 3341 633 3404 malis
649 3341 871 3424 supradidlis:
896 3342 987 3424 quod
1005 3356 1126 3424 prorsus
1139 3344 1189 3411 not

110 3437 246 3519 aliquod
264 3439 388 3499 bonum
406 3448 440 3499 et
458 3457 571 3498 verum
590 3438 644 3510 sit,
659 3437 859 3517 intelligitur
876 3457 935 3518 ρετ
951 3437 1041 3518 quod
1058 3430 1185 3495 “vastata

99 3531 189 3604 sint,
215 3542 251 3595 ut
275 3552 342 3594 non
367 3533 409 3593 sit
434 3532 483 3592 vir
507 3533 673 3593 transiens
686 3531 712 3607 ;”
739 3531 880 3593 solenne
903 3541 956 3594 est
980 3532 1012 3592 in
1037 3528 1136 3592 Verbo
1151 3517 1184 3580 dl·

110 3646 197 3699 cere,
219 3627 272 3688 ubi
296 3627 338 3688 de
358 3626 561 3698 vastatione,
581 3632 646 3687 “ut
666 3644 734 3687 non
758 3627 802 3688 sit
821 3626 870 3687 vir
893 3624 1088 3697 transiens‚”
1102 3630 1130 3684 et
1146 3630 1186 3696 ptr

111 3722 143 3783 id
167 3719 375 3801 significatur
397 3719 487 3800 quod
514 3719 658 3800 amplius
685 3739 752 3780 non
777 3718 912 3801 aliquod
936 3740 1062 3791 verum,
1083 3726 1115 3780 et
1134 3705 1185 3772 inde

110 3834 179 3876 non
198 3815 308 3896 aliqua
328 3813 564 3893 intelligentia.
610 3813 709 3892 Quod
733 3833 801 3875 non
825 3815 892 3875 sint
917 3824 1053 3876 montes
1071 3819 1102 3875 et
1120 3798 1186 3870 habi·

110 3908 224 3971 tacula
236 3908 372 3981 deserti,
384 3927 483 3988 super
496 3928 581 3989 quae
597 3907 695 3970 fletus
711 3917 746 3969 et
763 3907 962 3981 lamentum,
975 3917 1080 3989 patet.
1115 3887 1185 3979 Apud

110 4002 267 4075 eundem,

160 4134 258 4184 ‘'Oves
272 4135 389 4196 perditae
402 4135 509 4183 luerunt
521 4134 636 4197 populus
648 4149 731 4188 meus.
747 4142 869 4194 pastores
881 4108 975 4181 eorum
988 4134 1136 4182 seduxerunt
1144 4127 1183 4189 ²⁰⁵!

239 4210 345 4315 {psopsp's'
357 4209 518 4325 pluebpterunr,
533 4201 566 4248 de
579 4208 670 4248 monte
688 4213 769 4261 super
780 4199 848 4246 colle
861 4199 975 4257 iverunt,
989 4199 1065 4247 obliti
1076 4185 1187 4246 sunttlll·

109 4391 199 4473 apud
217 4387 430 4463 Ezechielem,
