2684 4988
113 504 192 570 1172
418 498 670 551 APOCALYPSIS
693 498 923 549 EXPLICATA.

108 683 143 737 et
160 693 220 755 per
233 672 425 754 “Agnum”
438 671 605 735 Dominus
621 668 732 754 quoad
749 669 910 733 Divinum
927 669 1072 744 Verum,
1085 669 1221 732 videatur

108 785 210 847 supra
223 781 258 839 (n.
271 781 284 827 1
291 781 340 845 34,
351 781 368 826 2
374 779 389 845 5
395 780 463 845 3[a],
473 778 544 845 297.
555 779 629 843 314)
641 782 648 826 :
672 772 708 826 et
719 783 767 826 ex
783 762 1041 844 significatione
1056 760 1217 835 “salutis,”

109 859 198 940 quod
223 859 266 920 sit
290 858 360 919 vita
383 867 533 930 aeterna,
554 875 631 917 nam
656 855 840 936 pervitam
863 867 1044 919 aeternam
1066 857 1099 917 in
1119 853 1212 917 Verbo

108 951 310 1033 intelligitur
320 950 411 1013 salus
421 960 560 1014 aeterna
572 970 579 1011 :
597 949 687 1033 quod
698 949 840 1023 dicatur,
851 949 944 1032 quod
956 955 976 980 “
986 949 1056 1030 Ipsi
1065 951 1107 1012 sit
1116 945 1210 1022 salus,¹'

109 1046 277 1128 significat
295 1045 385 1127 quod
404 1045 495 1108 salus
510 1045 554 1108 ab
570 1045 651 1126 Ipso
666 1045 721 1119 sit,
738 1045 816 1127 quia
835 1045 914 1125 lpse
930 1055 985 1108 est
1002 1044 1110 1120 salus;
1129 1062 1204 1106 omne

109 1143 198 1204 enirn
221 1140 340 1203 salutis
366 1150 403 1202 et
426 1141 516 1203 vitae
538 1149 699 1203 aeternae
723 1148 776 1202 est
801 1140 845 1202 ab
869 1139 961 1221 Ipso,
985 1151 1021 1202 et
1048 1148 1099 1202 est
1123 1138 1202 1219 Ipsius

110 1235 199 1316 apud
222 1234 395 1298 hominem
419 1244 454 1298 et
475 1234 655 1316 angelum:
680 1253 759 1296 nam
779 1254 880 1296 omne
904 1234 1033 1296 bonum
1055 1232 1161 1295 amoris
1176 1241 1199 1294 et

110 1348 211 1391 omne
230 1348 347 1390 verum
370 1326 460 1402 fidei,
478 1349 563 1411 quae
583 1326 672 1410 apud
696 1328 879 1401 hominem,
900 1348 969 1390 non
989 1338 1068 1390 sunt
1088 1325 1197 1390 hominis

110 1422 170 1485 sed
194 1421 330 1485 Domini
354 1423 443 1503 apud
467 1422 581 1501 illum;
609 1432 661 1486 est
685 1442 828 1505 namque
853 1423 1014 1485 Divinum
1037 1421 1195 1502 procedens,

110 1517 200 1599 quod
216 1527 269 1579 est
287 1516 453 1579 Dominus
469 1518 502 1580 in
518 1517 616 1581 caelo
628 1518 716 1599 apud
732 1517 873 1598 angelos
887 1528 921 1580 et
939 1518 972 1578 in
989 1509 1195 1594 ecclesiaapud

110 1610 275 1684 homines,
293 1621 328 1673 et
345 1632 389 1673 ex
407 1608 526 1674 ¹¹¹bono
544 1613 669 1675 amoris
687 1621 723 1675 et
739 1633 820 1674 vero
836 1609 912 1674 fidei
932 1621 985 1674 est
1005 1609 1091 1673 salus
1107 1617 1138 1672 et
1149 1606 1195 1669 tila

111 1714 271 1780 aeterna;
295 1705 373 1768 inde
393 1716 551 1769 constare
575 1715 690 1788 potest
709 1707 880 1788 quomodo
903 1703 1148 1786 intelligendum
1160 1707 1194 1764 est

111 1798 202 1880 quod
225 1799 357 1861 dicatur
376 1810 413 1862 ut
437 1800 586 1864 Domino
606 1800 706 1873 salus,
726 1810 761 1865 et
785 1801 861 1882 Ipse
886 1799 1054 1863 Dominus
1075 1797 1158 1870 salus,
1171 1801 1194 1855 ut

111 1893 144 1954 in
164 1894 383 1974 sequentibus
403 1893 486 1958 locis
498 1893 656 1975 :-Apud
674 1893 827 1968 Esaiam,

164 2028 181 2050 ‘¹
190 2025 258 2077 Ecce
274 2027 347 2076 Deus
360 2037 462 2086 noster,
478 2027 530 2077 llic
542 2042 621 2092 quem
633 2025 849 2090 exepediavimus
863 2039 892 2076 ut
905 2028 1003 2076 liberet
1017 2042 1076 2086 nos,
1089 2022 1194 2139 Hicgelu

243 2093 295 2141 vah
310 2107 389 2157 quem
402 2090 628 2156 exspectavimus,
644 2093 794 2150 exultemus
811 2103 838 2143 et
855 2093 986 2142 laetemur
1002 2093 1029 2142 in
1045 2093 1121 2142 salute
1151 2083 1193 2151 jts”

242 2157 315 2218 (xxv.
327 2158 369 2220 alt

114 2271 203 2354 apud
221 2273 378 2348 eundem,

164 2382 267 2432 “Salus
282 2397 343 2431 mea
356 2398 411 2432 non
427 2383 583 2443 morabitur,
596 2393 624 2433 et
637 2383 707 2433 dabo
721 2385 749 2433 iu
763 2382 846 2433 Zione
859 2383 985 2444 salutem,
999 2385 1027 2434 in
1043 2381 1192 2435 lsraeledettt

243 2463 333 2498 meum
341 2448 355 2467 ”
367 2449 441 2507 (xlvi.
455 2449 511 2510 tsi:

113 2561 201 2643 apud
221 2562 377 2634 eundem,

163 2669 258 2720 “Dedi
273 2670 312 2720 Te
332 2672 359 2719 in
378 2671 463 2721 lucem
481 2672 611 2735 gentium,
627 2682 656 2721 ut
670 2672 707 2722 sis
722 2671 794 2722 salus
809 2685 869 2722 mea
883 2687 968 2737 usque
986 2675 1021 2723 ad
1038 2672 1191 2724 extremitatem

242 2744 328 2785 terrae
338 2736 352 2755 ’'
364 2736 438 2798 (xlix.
450 2737 492 2798 6);

111 2851 200 2932 apud
219 2851 376 2925 eundem,

285 2960 397 3009 “Dicite
410 2960 479 3009 filiae
488 2960 589 3020 lionis,
605 2961 672 3012 Ecce
684 2962 756 3012 salus
768 2971 815 3013 tua
825 2963 899 3011 venit
907 2961 922 2981 ''
935 2963 1002 3022 (lxii.
1015 2964 1070 3026 11);

111 3074 199 3155 apud
219 3073 394 3147 Davidem,

165 3188 286 3254 Jehovah
302 3189 399 3237 “dabit
411 3186 465 3237 l'liu
484 3189 567 3238 Zione
585 3190 699 3239 salutem
719 3189 835 3247 Israelis,
849 3205 910 3240 cum
929 3191 1038 3259 reducet
1052 3189 1190 3254 captivitatem

242 3254 332 3317 populi
344 3256 385 3303 sui
394 3254 408 3273 ''
420 3255 476 3315 (Ps.
488 3256 542 3305 xiv,
555 3267 585 3316 7;
604 3256 648 3306 Ps.
661 3253 707 3305 liii.
720 3267 734 3315 7
748 3253 793 3320 [B.
802 3258 837 3306 A.
849 3253 903 3320 6]):

110 3380 194 3442 haec
214 3379 256 3442 de
280 3378 439 3449 Domino.
460 3380 514 3461 qui
538 3380 582 3442 ibi
601 3389 743 3442 vocatur
761 3380 851 3443 salus
874 3401 893 3441 a
913 3380 1106 3452 salvatione,
1122 3384 1190 3441 etex

110 3494 152 3536 eo
167 3473 256 3555 quod
277 3473 354 3554 Ipse
371 3475 414 3536 sit
431 3473 521 3535 salus
538 3474 625 3555 apud
645 3475 837 3551 hominem;
861 3486 1028 3557 quantum
1047 3475 1125 3539 enim
1140 3469 1191 3548 lpse

111 3577 164 3631 est
186 3569 275 3649 apud
299 3568 481 3642 hominem,
505 3578 639 3631 tantum
663 3578 716 3632 est
740 3568 865 3632 homini
889 3569 990 3632 salua.
1037 3570 1113 3633 Inde
1131 3552 1191 3645 apud

109 3663 242 3738 Lucam,

164 3777 273 3827 Simeon
284 3777 358 3834 dixit,
373 3776 529 3827 “Viderunt
539 3777 608 3826 oculi
621 3778 673 3826 mei
686 3776 802 3827 salutare
812 3786 895 3836 tuum,
907 3779 980 3843 quod
993 3774 1192 3843 praeparamini*

240 3844 336 3892 laciem
349 3843 469 3892 omnium
482 3843 642 3906 populorum
651 3842 704 3900 ”tit
716 3841 769 3907 30[.
780 3839 850 3906 31]):

109 3975 187 4037 inde
200 3995 332 4057 quoque
345 3984 397 4038 est
411 3976 500 4057 quod
514 3975 680 4038 Dominus
692 3972 802 4039 didius
814 3976 856 4038 sit
872 3976 1027 4057 “jesus”
1039 3995 1112 4041 nam
1120 3973 1195 4050 Jestl

108 4068 441 4151 siguificatsalutem.
483 4053 1196 4152 Dicitur“Sedenssuperthronoetllgnun'¹

108 4174 144 4226 et
157 4182 216 4244 per
226 4173 403 4245 utrumque
416 4163 618 4246 intelligitur
629 4164 793 4226 Dominus
806 4185 813 4240 ;
834 4183 893 4244 per
904 4169 923 4196 “
933 4163 1117 4230 Sedentem
1127 4170 1199 4242 supet

108 4257 233 4322 throno
240 4257 256 4282 ’⁹
269 4258 346 4338 Ipse
359 4260 470 4340 quoad
488 4259 646 4321 Divinum
666 4257 808 4332 Bonum,
822 4269 857 4321 et
874 4279 933 4340 per
946 4265 966 4291 ‘⁴
976 4259 1136 4342 Agnum’¹
1147 4258 1202 4340 lpse

107 4353 218 4436 quoad
233 4353 391 4416 Divinum
404 4352 544 4429 Verum,
559 4362 736 4435 utrumque
749 4373 794 4415 ex
809 4352 933 4417 Divino
948 4353 1108 4419 Humano
1120 4353 1206 4437 Ipsius

108 4463 145 4519 (ut
155 4473 228 4520 supra
237 4461 262 4506 in
272 4461 332 4506 locis
342 4461 418 4507 citatis
429 4469 551 4508 ostensum
562 4462 629 4524 est);
657 4465 762 4528 quare
789 4447 894 4509 ellam
920 4446 1004 4509 alibi
1032 4448 1209 4511 nominat&
