2684 4988
110 473 175 557 890
419 485 670 538 neocnevrsrs
693 486 918 539 eumenia.

110 667 145 722 et
170 661 334 721 “concuti
361 658 404 720 ab
429 657 512 720 illo”
534 657 576 721 de
600 659 858 722 ratiocinatione
883 660 972 722 inde.
1017 657 1112 740 Quod
1132 658 1190 721 talia

109 752 340 834 significentur
356 772 414 833 per
431 751 487 815 illa
503 752 616 825 verba,
630 753 767 815 tametsi
783 755 1013 835 comparative
1029 763 1102 816 sunt
1116 751 1188 826 dicta,

109 856 162 908 est
175 847 251 927 quia
264 865 383 908 omnes
395 846 665 927 comparationes
677 847 710 908 in
724 845 850 922 Verbo,
864 847 1018 911 similiter
1032 867 1069 910 ac
1084 846 1189 929 reliqua.

109 939 1189 1023 sfflmmmwmoewmmmmm.QQ

109 1034 158 1096 ita
176 1055 212 1096 se
231 1033 354 1097 habet:
378 1035 488 1097 omnis
509 1033 612 1115 homo
631 1036 779 1097 nascitur
797 1056 817 1097 a
840 1037 1035 1117 parentibus
1053 1033 1189 1107 naturalis,

110 1128 169 1191 sed
189 1128 226 1190 lit
245 1149 265 1190 a
284 1127 432 1190 Domino
450 1128 639 1210 spiritualis,
660 1127 749 1210 quod
768 1129 890 1192 dicitur
907 1150 928 1192 e
946 1150 1036 1192 novo
1053 1129 1133 1191 nasci
1149 1146 1190 1189 seu

111 1222 301 1304 regenerari
313 1243 320 1297 ;
344 1232 378 1284 et
392 1222 468 1303 quia
484 1222 633 1284 nascitur
645 1222 816 1294 naturalis,
829 1224 906 1286 ideo
918 1223 1123 1304 cognitiones
1131 1238 1191 1304 quas

110 1316 153 1379 ab
180 1315 319 1378 infantia
345 1315 466 1388 haurit,
490 1325 672 1398 antequam
700 1315 737 1380 fit
766 1317 957 1398 spiritualis,
984 1316 1191 1399 implantantur

110 1411 292 1472 memoriae
315 1408 384 1490 ejus
403 1409 566 1485 naturali;
590 1410 727 1491 quando
745 1421 858 1473 autem
882 1421 997 1473 aetate
1021 1409 1190 1492 provehitur,

109 1512 145 1566 et
164 1504 279 1586 incipit
297 1504 507 1567 rationaliter
525 1504 645 1566 intueri
664 1506 878 1585 cognitiones
896 1505 977 1567 boni
996 1515 1031 1567 et
1047 1505 1119 1576 veri,
1131 1520 1192 1586 quas

109 1618 155 1660 ex
175 1597 292 1660 Verbo
313 1619 372 1660 seu
394 1619 438 1659 ex
463 1597 712 1680 praedicatione
735 1599 856 1671 hausit,
875 1600 902 1660 si
926 1609 1007 1661 tunc
1027 1600 1123 1660 vitam
1139 1596 1189 1676 agit

110 1690 245 1764 malam,
259 1693 373 1773 arripit
389 1701 423 1754 et
440 1692 559 1754 imbuit
575 1691 658 1754 falsa
670 1713 756 1774 quae
773 1694 1024 1774 cognitionibus
1040 1693 1100 1754 illis
1113 1708 1189 1772 oppn

110 1782 1189 1871 smmmwmmmnummmmmmmmfflmmm

110 1880 328 1942 ratiocinatur
346 1901 390 1943 ex
411 1879 502 1942 salsis
517 1889 636 1943 contra
651 1882 865 1961 cognitiones
883 1881 1044 1944 infantiae
1063 1892 1095 1943 et
1111 1877 1189 1961 pueri-

110 1975 179 2036 tiae
201 1995 300 2051 suae;
323 1974 413 2056 quod
441 1993 517 2036 cum
544 1973 592 2047 fit,
616 1974 814 2055 dejiciuntur
836 1974 925 2048 illae,
949 1986 985 2038 et
1013 1975 1088 2038 loco
1108 1986 1190 2035 earum
1233 1968 1236 1983 ²

109 2066 1192 2151 mummimffl:moeummsmtmaesmmoemum

110 2163 200 2245 quod
219 2162 366 2226 “stellae
383 2162 507 2225 cadant
524 2163 557 2225 in
574 2172 709 2238 terram,
726 2174 887 2245 tanquam
904 2163 987 2226 ficus
1003 2164 1109 2244 dejicit
1121 2176 1191 2242 gros·

109 2276 166 2320 sos
182 2276 308 2338 magno
323 2267 429 2320 vento
444 2257 634 2320 concussa.”
678 2256 779 2338 Quod
797 2265 816 2288 ‘⁶
826 2256 928 2320 ficus”
945 2258 1107 2340 significet
1120 2263 1193 2318 uatu-

109 2351 215 2415 talem
242 2352 424 2424 hominem,
452 2361 505 2413 est
531 2372 575 2413 ex
602 2352 921 2434 correspondentia;
953 2354 986 2415 in
1014 2352 1107 2416 caelo
1128 2349 1196 2413 enim

109 2455 274 2528 apparent
293 2447 383 2508 horti
401 2457 435 2508 et
455 2446 609 2527 paradisi,
628 2447 683 2508 ubi
701 2448 811 2508 omnis
828 2448 963 2527 generis
982 2447 1113 2509 arbores
1128 2447 1201 2507 sunt,

110 2552 145 2605 et
177 2541 381 2622 unaquaevis
409 2539 509 2602 arbor
537 2539 661 2621 aliquid
692 2539 813 2613 nivini,
841 2541 930 2622 quod
961 2542 1207 2604 communicatu

110 2630 1216 2716 Qffiafflfflmfflfflbhmmfflfflssfflss

109 2729 257 2794 caeleste
277 2728 366 2810 quod
389 2738 442 2790 est
466 2729 543 2791 boni
567 2729 699 2802 amoris,
721 2729 850 2792 “vitis”
868 2729 1042 2810 spirituale
1059 2729 1142 2812 quod
1161 2722 1224 2787 est

108 2825 179 2887 veri
195 2845 241 2886 ex·
256 2824 314 2886 illo
331 2825 430 2895 bono
448 2830 512 2885 ac‘
517 2822 638 2885 ‘ficus'’
654 2823 806 2885 naturale
822 2824 911 2905 quod
927 2845 972 2885 ex
990 2823 1145 2906 spirituali
1158 2813 1233 2885 αἱ)

109 2938 154 2982 ex
171 2918 311 2981 caelesti
328 2918 518 2993 derivatur;
541 2927 575 2979 et
589 2918 666 2998 quia
680 2915 758 2979 illae
774 2917 911 2980 arbores
926 2918 1009 2981 talia
1025 2908 1236 3051 significant

109 3015 188 3077 ideo
203 3015 305 3075 etiam
322 3011 514 3118 significant
530 3010 689 3092 angelum
706 3021 763 3073 aut
780 3012 949 3074 hominem
966 3013 1055 3094 apud
1070 3031 1149 3094 quos
1162 2990 1236 3072 il‘

109 3106 283 3173 suntin
303 3107 472 3192 communi
491 3117 605 3168 autem
625 3125 725 3168 sensu
743 3103 934 3185 significant
953 3112 1063 3169 tdtam
1082 3102 1236 3168 socient

109 3214 191 3276 tem,
207 3204 283 3284 quia
299 3201 503 3282 unaquaevis
519 3203 665 3263 societas
680 3201 712 3262 in
730 3199 831 3262 caelis
847 3210 900 3262 est
916 3200 1060 3264 formata
1076 3210 1111 3263 ut
1125 3201 1235 3262 sis‘

109 3298 291 3378 imaginem
312 3296 407 3357 unius
430 3295 584 3356 hominis.
629 3294 667 3356 ln
686 3293 849 3374 spirituaii
870 3305 985 3356 autem
1004 3315 1104 3357 sensu
1121 3294 1236 3375 sig!

109 3392 211 3455 licant
228 3391 305 3454 illae
322 3391 458 3452 arbores
475 3389 673 3464 ecclesiam;
693 3387 821 3451 “olea’'
835 3389 1015 3451 ecclesiam
1031 3389 1195 3452 caeleste:
1226 3392 1236 3427 ‘-

110 3485 421 3549 “vitis''ecclesiam
433 3480 1015 3565 spiritualem,et“licus”ecclesiam
1027 3479 1208 3545 naturale:

109 3590 266 3663 quaeest
286 3579 428 3642 ecclesia
447 3586 592 3640 externa
607 3576 875 3657 correspondens
892 3576 1057 3639 internae.
1101 3575 1153 3638 Ex
1200 3557 1236 3623 Ἰ

109 3684 267 3738 constare
287 3684 413 3756 potest,
430 3672 519 3735 unde
538 3682 589 3734 est
608 3672 697 3753 quod
716 3671 848 3734 dicatur
865 3670 982 3752 quod
987 3670 1106 3734 licus”
1121 3671 1236 3750 sig*l

109 3769 187 3833 ficet
205 3769 393 3831 naturalem
409 3768 592 3836 hominem,
609 3767 672 3829 hoc
689 3775 752 3838 est,
770 3764 921 3828 naturale
937 3766 1027 3846 apud
1046 3765 1236 3827 homin&

172 3859 236 3942 [in]
268 3860 399 3940 Quod
404 3858 529 3921 licus”
547 3857 641 3930 illud,
661 3867 696 3919 et
717 3856 1236 3919 incommuniecclesiame

108 3963 241 4018 ternam
261 3951 438 4033 significet,
459 3961 554 4033 patet
573 3970 705 4031 quoque
724 3948 767 4011 ab
785 3948 858 4010 aliis
881 3947 991 4011 locis
983 3968 1016 4010 m
1036 3948 1150 4013 Verbo
1180 3946 1236 3995 ⁸¹¹

109 4048 311 4120 nominatur,
333 4057 369 4109 ut
388 4047 431 4108 ab
449 4047 500 4108 his
519 4045 735 4127 sequentibus
746 4041 903 4123 z-Apud
922 4040 1076 4117 Esaiam

161 4180 365 4231 “contabescet
388 4181 476 4229 omnis
499 4180 630 4229 exercitus
652 4178 795 4234 caelorum,
814 4185 841 4225 et
863 4176 1059 4226 convolventur
1074 4177 1139 4226 sicut
1155 4163 1236 4223 ΠΜ

239 4248 322 4304 caeli;
341 4256 368 4295 et
382 4246 471 4294 omnis
485 4246 616 4294 exercitus
628 4241 746 4292 meorum
761 4242 873 4300 decidet,
889 4242 958 4290 sicut
971 4242 1070 4291 decidit
1082 4241 1186 4291 lolium
1205 4227 1233 4275 ⁶²

238 4312 300 4370 vite,
315 4323 342 4361 et
353 4312 421 4361 sicut
432 4312 558 4360 decidens
569 4312 603 4359 de
616 4308 687 4358 ficu”
698 4308 798 4370 (xxxiv.
807 4307 850 4369 4):

107 4448 191 4513 haec
215 4444 305 4511 didia
327 4456 405 4508 sunt
429 4446 470 4508 de
489 4447 542 4507 die
565 4444 672 4508 ultimi
692 4441 814 4523 judicii,
833 4441 889 4522 qui
912 4451 1091 4520 venturus;
1113 4449 1145 4503 et
1164 4424 1225 4514 qui
