2684 4988
408 106 488 156 cun.
503 107 593 170 vui,
610 108 714 158 vans.
730 108 841 175 7.-u.
860 93 985 178 5o4[b].
1173 109 1253 175 1237

176 273 280 339 cabitur
293 275 435 338 Divinus
448 275 557 340 Amor
568 276 757 359 spiritualis.
802 277 886 340 Inde
899 279 1003 341 etiam
1019 288 1071 342 est
1087 277 1177 360 quod
1194 295 1254 357 per

86 382 90 419 ῑ
175 368 302 431 “oleum’'
320 389 365 432 ex
386 390 452 452 quo
469 368 558 450 ignis
575 368 729 434 flammae
753 371 786 433 in
806 369 951 434 lucernis
969 368 1163 434 candelabri
1182 371 1251 450 sig·

126 504 129 509 -
174 461 290 527 niicetur
301 464 443 527 Divinus
458 463 585 542 Amor;
608 465 657 527 ita
672 485 732 545 per
745 464 884 528 “oleum
894 465 909 490 ”
921 465 1012 548 quod
1028 466 1174 547 quinque
1186 465 1252 526 vir·

172 557 241 636 pines
255 559 436 641 prudentes
454 558 625 621 habebant
647 559 680 622 in
700 559 922 640 lampadibus,
941 570 977 623 et
995 559 1086 642 quod
1105 559 1253 641 quinque

172 650 283 732 virgines
308 651 435 716 stultae
458 671 525 715 non
548 651 721 716 habebant
747 652 886 734 (Mattlr.
906 650 1015 716 ¹¹¹xxv.
1039 652 1144 735 1-12).
1190 652 1253 715 Per

171 744 302 825 ‘'utem'’
324 748 429 810 etiam
456 745 665 828 significatur
688 746 829 810 Divinus
852 747 962 811 Amor
989 747 1138 821 Domini,
1162 747 1253 827 apud

169 834 385 921 Evangelistas,

201 979 321 1046 lohannes
338 983 413 1042 dixit,
430 982 513 1046 “Ego
525 983 631 1046 baptizo
642 952 755 1048 aqua...
766 1021 785 1042 .,
802 983 851 1033 nt''
868 983 947 1048 Jesus
968 984 1138 1046 “baptizabit
1155 983 1252 1046 spiritu

264 1046 359 1098 sandto
371 1060 398 1098 et
410 1048 493 1112 igne''
504 1048 613 1110 (Matri.
623 1048 660 1099 iii.
672 1061 718 1108 τις
735 1049 798 1098 Luc.
808 1049 845 1098 iii.
859 1050 914 1111 16):

166 1186 334 1271 “baptizare
351 1191 468 1273 spiritu
483 1187 602 1253 sanilo
618 1199 653 1252 et
672 1191 751 1271 igne
759 1189 775 1214 ''
790 1189 958 1271 significat
971 1211 1170 1273 regenerare
1189 1190 1251 1252 ho·

164 1282 261 1346 minem
276 1305 335 1365 per
352 1284 510 1347 Divinum
527 1284 656 1347 Verum
673 1294 708 1347 et
726 1285 884 1346 Divinum
902 1284 1032 1349 Bonum
1052 1285 1189 1348 Amoris
1208 1285 1253 1346 ab

164 1369 240 1453 lps0;
261 1380 423 1460 “spiritus
443 1375 602 1441 sandius”
621 1388 674 1441 est
693 1378 850 1441 Divinum
870 1378 999 1442 Verum
1019 1379 1207 1460 procedens
1232 1398 1252 1439 a

163 1462 293 1546 Domino,
306 1482 342 1536 et
357 1477 377 1504 ‘⁴
387 1471 496 1553 ignis”
508 1482 561 1535 est
575 1471 716 1535 Divinus
729 1472 839 1535 Amor
850 1493 895 1535 ex
912 1493 987 1555 quo.
1033 1473 1147 1536 Simile
1161 1472 1251 1553 quod

161 1561 341 1643 significatur
369 1587 427 1649 per
452 1566 624 1647 “ignem''
647 1569 750 1629 etiam
778 1566 986 1648 significatur
1010 1588 1069 1649 per
1089 1567 1252 1630 “locum'’

160 1661 228 1736 apud
244 1660 394 1747 lisoium,

199 1801 309 1866 jehovah
317 1808 335 1828 ‘⁶
343 1805 385 1854 cui
397 1804 472 1854 iocus
485 1805 512 1854 in
525 1803 617 1863 Ziotte,
627 1813 654 1854 et
665 1804 786 1854 clibanus
799 1804 841 1853 llli
854 1805 881 1852 in
896 1803 1088 1869 Hierosolyma
1094 1805 1108 1825 '¹
1117 1805 1199 1867 (xxxi.
1209 1806 1250 1869 p):

156 1951 222 2021 “cui
237 1959 327 2022 loeus
347 1959 380 2020 in
401 1957 529 2021 Zione”
545 1957 676 2032 dicitur,
693 1959 771 2041 quia
789 1977 848 2040 per
867 1957 1061 2021 “Zionem”
1081 1958 1250 2040 significa-

153 2047 197 2108 tur
212 2053 350 2116 ecclesia
370 2055 403 2115 in
422 2072 488 2134 qua
506 2072 601 2115 amor
619 2052 795 2129 caelestis;
819 2063 854 2115 et
873 2053 1052 2115 “clibanus
1073 2054 1105 2114 in
1127 2053 1249 2116 Hiero·

150 2138 294 2224 solyma,”
310 2148 387 2229 quia
407 2166 465 2226 per
485 2153 505 2177 ‘⁴
516 2144 788 2226 Hierosolymam
798 2146 812 2170 ”
828 2145 1036 2226 significatur
1054 2147 1199 2210 ecclesia
1217 2150 1251 2209 in

86 2310 88 2317 ¹
146 2243 203 2310 qua
219 2261 331 2305 verum
351 2238 545 2317 dodirinae;
573 2259 666 2301 amor
685 2241 841 2303 caelestis
864 2251 917 2303 est
941 2238 1127 2323 respedtive
1146 2241 1250 2318 locus,

143 2334 176 2388 et
190 2353 300 2399 verum
316 2333 491 2398 doctrinae
508 2336 593 2396 sicut
610 2333 761 2396 clibanus
778 2335 810 2396 in
827 2355 894 2416 quo
910 2344 1070 2415 parantur
1086 2355 1201 2416 panes.

198 2433 258 2517 [Μ
290 2433 380 2516 Quia
403 2433 531 2496 bonum
553 2431 678 2494 amoris
702 2452 761 2512 per
781 2431 951 2512 “ignem''
971 2432 1190 2514 significatur,
1213 2443 1251 2497 et

138 2521 244 2617 fultus
258 2548 302 2591 ex
317 2529 409 2590 bono
424 2528 548 2588 amoris
561 2545 619 2606 per
633 2524 883 2587 “holocausta''
895 2537 1169 2605 repraesentatus
1185 2536 1250 2601 est,

136 2610 210 2686 ιῐῖεο
228 2623 316 2704 ignis
336 2643 355 2685 e
375 2620 471 2684 caelo
490 2620 691 2702 quandoque
711 2619 875 2681 demissus
898 2628 962 2694 est,
983 2629 1017 2682 et
1041 2622 1252 2701 consumpsit

134 2696 392 2793 holocaustum
424 2725 460 2777 ut
483 2715 562 2776 dum
586 2714 822 2776 holocaustum
846 2711 949 2775 fiebat
973 2733 1033 2795 pro
1056 2714 1252 2795 expiatione

133 2810 257 2893 Populi,
274 2811 318 2874 de
337 2830 405 2892 quo
422 2810 470 2871 ita
488 2809 576 2889 apud
595 2807 721 2882 Mosen,

189 2954 249 3018 Quo
260 2952 334 3004 ladio
348 2953 456 3003 “exivit
467 2953 539 3015 ignis
552 2967 569 3001 a
580 2912 671 3001 coram
683 2951 813 3016 Jebovah,
828 2961 855 3001 et
867 2951 985 3000 comedit
996 2965 1077 3012 super
1088 2950 1165 2999 altari
1177 2951 1253 3001 holo·

261 3030 385 3069 caustum
398 3028 426 3069 et
439 3020 547 3080 adipes;
564 3028 591 3066 et
603 3018 669 3067 vidit
681 3019 821 3066 universus
834 3017 958 3080 populus,
972 3026 1000 3065 et
1011 3016 1212 3079 applauserunt,
1226 3025 1253 3066 et

262 3085 418 3135 ceciderunt
430 3098 510 3146 super
521 3083 603 3132 iacies
614 3098 677 3132 suas
685 3083 699 3102 ”
711 3083 804 3145 (Levit.
819 3083 854 3131 ix.
867 3082 924 3142 24);

126 3192 287 3267 ⁸irniliter

190 3320 267 3386 Quod
276 3321 348 3384 ignis
357 3334 373 3369 e
382 3319 458 3369 caelo
466 3318 612 3368 comederit
618 3317 786 3366 holocastum
797 3315 879 3372 Eliae,
888 3323 915 3363 et
925 3315 999 3376 ligna
1007 3322 1034 3362 et
1042 3313 1153 3375 lapides,
1161 3322 1189 3361 et
1197 3312 1256 3374 pul-

263 3401 365 3444 verem,
375 3394 403 3434 et
414 3385 485 3450 quod
497 3383 621 3433 lamberlt
631 3397 714 3446 aquas
727 3395 794 3445 quae
806 3381 903 3429 circum
917 3380 944 3428 in
957 3375 1125 3442 aquaedudiu
1136 3373 1254 3442 ([1Reg.]

263 3452 338 3502 xviii.
350 3452 408 3514 38);

121 3596 199 3687 per
217 3596 305 3660 hunc
326 3592 494 3676 “ignem'’
516 3592 619 3656 etiam
642 3587 894 3671 significabatur
917 3588 1059 3652 Divinus
1077 3586 1198 3661 Amor,
1219 3596 1255 3651 et

120 3689 215 3754 tude
231 3691 426 3773 acceptatio
443 3686 554 3751 cultus
572 3705 617 3748 ex
636 3684 728 3747 bono
746 3685 880 3746 amoris.

198 3833 296 3886 Periter
310 3849 358 3898 per
370 3833 461 3896 ignem
476 3830 521 3895 qui
535 3828 656 3878 ascendit
669 3829 702 3877 de
717 3836 800 3889 petra,
814 3835 841 3875 et
855 3825 971 3875 comedit
985 3838 1092 3874 caruem
1107 3831 1134 3873 et
1147 3837 1252 3887 mma,

265 3916 333 3966 quae
345 3899 469 3949 Guideon
481 3896 634 3959 apportavit
645 3895 742 3956 angelo
755 3892 806 3941 Dei
817 3891 922 3955 (Judr'c.
933 3891 969 3940 vi.
982 3890 1032 3953 τι).

122 4022 277 4107 Divino
295 4043 400 4108 etiam
419 4040 529 4103 Amor
546 4034 798 4120 significabatur
817 4051 877 4114 per
