2684 4988
119 457 201 524 1186
427 472 678 525 nnocnninsm
701 474 929 526 sxnmcnnn

114 640 193 694 datur,
204 653 228 685 n.
239 641 311 698 ⁶²99:
328 647 352 685 et
362 640 429 698 quod
439 641 469 686 sit
479 641 561 698 quoad
571 654 629 687 veru
638 648 662 686 ei
676 641 744 689 bom
755 641 811 688 fidei
822 649 846 688 et
856 643 945 688 amoris
955 644 1026 702 quasi
1036 656 1123 697 coecus.
1133 657 1203 706 nme

114 721 195 780 39⁶9.)
248 706 410 769 Internus
436 706 541 768 homo
564 705 760 788 purificatur
781 727 842 790 per
863 708 964 782 scire,
987 709 1165 792 intelligere
1179 722 1202 774 et

114 798 267 879 cogitare
285 817 366 860 vera
384 796 501 871 Verbi,
521 808 557 861 et
575 808 740 862 externus
763 800 867 864 homo
890 818 951 882 per
969 800 1059 865 velle
1077 811 1110 865 et
1125 801 1201 865 iacere

113 891 191 955 illa:
215 911 260 954 ex
280 890 332 954 bis
351 911 439 955 nunc
459 902 555 973 patet
572 893 745 975 quomodo
761 892 987 976 intelligenda
1006 904 1084 959 sunt
1101 895 1200 958 Domini

114 987 219 1049 verba
240 986 284 1048 ad
308 986 456 1061 Petrum,
477 985 572 1067 “Qui
596 986 687 1050 lotus
710 997 774 1061 est,
795 1007 864 1051 non
883 1008 969 1070 opus
992 989 1094 1053 habet
1113 991 1161 1052 nisi
1176 1001 1200 1054 ut

114 1079 227 1160 quoad
256 1080 362 1162 pedes
391 1080 523 1143 lavetur
539 1080 571 1156 ;”
603 1092 675 1144 tum
705 1082 878 1163 quomodo
906 1081 1126 1165 intelligenda
1146 1093 1199 1147 sunt

115 1172 253 1237 Domini
272 1174 375 1237 verba
397 1174 441 1237 ad
464 1174 671 1250 Pharisaeos,
693 1176 833 1258 “Purga
855 1177 946 1259 prius
967 1178 1103 1241 interius
1121 1177 1199 1259 poculi

113 1277 149 1329 et
166 1269 313 1348 patinae,
328 1280 364 1330 ut
381 1267 439 1331 fiat
456 1269 558 1331 etiam
571 1270 721 1332 exterius
735 1269 925 1333 mundum.”
970 1269 1071 1352 Quod
1085 1271 1198 1335 internus

114 1361 218 1425 homo
241 1361 433 1445 purificetur
452 1382 511 1443 per
528 1384 608 1426 vera
627 1384 713 1446 quae
731 1373 811 1427 sunt
830 1363 917 1438 fidei,
938 1375 974 1429 et
993 1376 1143 1428 externus
1159 1384 1198 1448 per

113 1458 220 1519 vitam
246 1456 432 1520 secundum
459 1456 527 1532 illa,
551 1456 752 1541 intelligitur
774 1459 878 1523 etiam
906 1477 967 1541 per
990 1459 1073 1524 haec
1097 1459 1197 1524 Domini

113 1550 228 1624 verba,

165 1681 250 1733 “Nisi
259 1684 319 1746 quis
330 1694 474 1745 generatus
487 1679 566 1734 luerit
577 1699 611 1734 ex
622 1699 692 1750 uque
703 1695 730 1736 et
741 1684 845 1750 spiritu,
857 1700 913 1736 non
925 1696 1016 1750 potest
1025 1687 1120 1750 ingredi
1129 1687 1150 1735 lo
1158 1698 1197 1747 reg·

246 1748 585 1814 numoei’·(70n.nr.5):
1097 1758 1102 1773 ·

114 1879 253 1987 f‘aqua''
272 1879 439 1962 significat
459 1903 539 1946 vera
559 1880 647 1957 fidei,
666 1892 702 1947 et
722 1883 909 1964 “spiritus'’
927 1885 1034 1948 vitam
1052 1882 1196 1948 secundun

113 1973 240 2148 malm]
271 2064 329 2129 Ex
347 2066 401 2129 his
419 2086 508 2130 nunc
527 2077 689 2131 constare
707 2077 823 2149 potest
841 2068 923 2149 quid
944 2068 1086 2133 “lavare
1093 2068 1107 2092 ‘’
1120 2065 1194 2148 signi·

113 2155 192 2221 licat
211 2160 245 2221 in
263 2161 482 2241 sequentibus
501 2159 583 2223 locis
595 2159 753 2241 :-Apud
771 2159 989 2236 Ezechielem,

164 2293 182 2315 ¹⁴
190 2290 254 2341 Lavi
266 2302 293 2340 te
303 2293 388 2355 aquis,
403 2302 430 2341 et
440 2293 512 2341 ablui
524 2293 670 2355 sanguines
682 2307 699 2341 ι
710 2307 790 2355 super
802 2303 836 2349 te,
850 2302 879 2372 et
890 2293 957 2343 unxi
969 2303 995 2344 te
1008 2292 1086 2344 oleo”
1097 2277 1148 2355 (xvi.
1156 2287 1184 2372 ulf

112 2423 196 2488 haec
212 2424 256 2488 de
274 2423 523 2506 Hierosolyma,
541 2445 716 2507 perquam
733 2424 942 2507 significatur
958 2426 1113 2490 ecclesia:
1133 2420 1194 2504 puri·

112 2517 226 2582 ficatio
252 2519 322 2601 ejus
349 2540 369 2582 a
396 2520 486 2582 salsis
513 2532 548 2583 et
576 2541 596 2582 a
619 2521 715 2583 malis
742 2520 951 2601 significatur
978 2542 1037 2602 per
1060 2519 1152 2582 “Lavi
1170 2526 1195 2576 te

112 2614 216 2695 aquis,
234 2625 268 2676 et
285 2613 373 2676 ablui
391 2615 572 2694 sanguines
590 2634 610 2675 a
626 2634 725 2695 super
741 2624 776 2677 te
789 2613 814 2691 ;''
839 2614 982 2677 “lavare
998 2614 1108 2697 aquis'‘
1121 2609 1194 2692 signi·

112 2705 191 2770 ficat
208 2709 380 2789 purificare
397 2708 489 2771 illam
506 2728 565 2789 per
581 2729 671 2782 vera,
689 2718 723 2771 et
742 2708 906 2771 “abluere
923 2708 1121 2791 sanguines”
1133 2704 1194 2787 puri·

112 2799 210 2864 ficare
230 2823 250 2864 a
268 2803 358 2865 salsis
376 2814 410 2865 et
431 2802 546 2879 malis;
570 2803 718 2865 imbuere
738 2802 830 2864 illam
855 2803 946 2866 bono
965 2806 1085 2866 amoris
1101 2793 1194 2881 signifi·

111 2906 207 2959 catur
230 2916 289 2977 per
313 2897 437 2961 “Unxi
465 2908 499 2959 te
527 2895 628 2958 oleo”
654 2895 834 2977 (‘·oleum”
856 2907 910 2960 est
935 2899 1060 2961 bonum
1081 2888 1194 2970 amoris).

112 2989 216 3071 Apud
235 2990 387 3065 Esaiam,

163 3127 256 3177 “Cum
269 3128 364 3176 laverit
377 3125 508 3175 Dominus
518 3134 718 3175 excrementum
731 3125 844 3174 filiarum
857 3125 960 3183 Zionis,
971 3136 998 3176 et
1010 3125 1139 3189 sanguines
1149 3116 1194 3194 ῌΙῑ·

242 3193 394 3254 rosolymae
411 3192 524 3239 abluerit
541 3206 556 3239 e
574 3191 663 3239 medio
680 3190 748 3253 ejus,
769 3193 796 3239 in
818 3192 913 3253 spiritu
933 3192 1026 3255 judicii
1046 3204 1072 3242 et
1089 3193 1112 3240 in
1128 3190 1194 3248 splnll

242 3259 442 3320 expurgationis
450 3256 463 3275 ’'
476 3258 520 3317 (iv.
532 3257 574 3317 4):

113 3382 254 3444 “lavare
274 3391 530 3443 excrementum
551 3377 690 3442 filiarum
710 3379 848 3442 Zionis”
866 3378 1036 3462 significat
1059 3373 1194 3461 purificare

112 3499 132 3539 a
152 3477 247 3539 malis
267 3477 389 3538 amoris
409 3476 457 3537 sui
477 3470 672 3536 affeuiones
695 3474 828 3537 illorum
847 3476 903 3556 qui
926 3475 971 3537 ab
993 3474 1194 3538 ecclesiacae·

112 3571 208 3647 lesti;
233 3567 542 3633 “excrementum''
558 3579 610 3630 est
628 3567 753 3630 malum
772 3570 896 3631 amoris
915 3570 976 3643 sui,
996 3565 1124 3631 “filiae''
1137 3563 1192 3622 sunt

110 3663 315 3737 affeciiones,
338 3663 450 3725 “Zion
461 3662 476 3685 ”
494 3671 547 3724 est
571 3661 715 3724 ecclesia
735 3683 819 3744 quae
839 3672 891 3726 est
916 3663 948 3724 in
968 3682 1080 3725 amore
1099 3661 1127 3722 in
1145 3651 1194 3715 Do·

112 3761 251 3833 minum,
282 3779 367 3841 quae
399 3757 476 3819 inde
506 3767 647 3818 vocatur
677 3756 819 3819 ecclesia
853 3756 1031 3820 caelestis:
1067 3750 1193 3847 “abluere

110 3855 291 3936 sanguines
311 3849 593 3931 Hierosolymae''
612 3848 780 3931 significat
800 3848 975 3932 purificare
998 3871 1019 3914 a
1042 3849 1123 3914 salsis
1137 3834 1192 3940 mali

110 3951 268 4024 easdem3
301 3943 534 4027 “sanguines’'
556 3954 635 4006 sunt
659 3943 745 4006 salsa
768 3944 866 4008 mali:
894 3946 956 4008 “in
980 3947 1093 4027 spiritu
1109 3933 1193 4034 judicu

109 4057 145 4108 et
164 4045 197 4107 in
217 4045 335 4124 spiritu
358 4038 639 4122 expurgationis’'
658 4038 829 4121 significat
853 4059 912 4122 per
931 4037 1129 4104 intelledlum
1143 4041 1192 4090 ven

109 4151 145 4203 et
172 4159 231 4220 per
257 4134 470 4201 affedlionem
498 4134 589 4211 veri;
623 4133 809 4214 “spiritus’'
836 4144 889 4198 est
917 4134 1073 4198 Divinum
1097 4128 1191 4222 Verum

109 4234 297 4317 procedens
316 4253 336 4294 a
357 4231 515 4303 Domino,
537 4229 700 4309 “spiritus
715 4227 830 4309 judicii
840 4227 855 4253 ”
873 4237 927 4292 est
949 4224 1128 4293 intelledlus
1140 4229 1190 4321 vefl

109 4329 197 4402 inde,
211 4337 246 4390 et
264 4326 427 4408 “spiritus
443 4323 699 4406 expurgationis
707 4322 722 4347 ''
735 4332 788 4386 est
803 4319 936 4387 affeeiio
949 4323 1019 4387 veri
1034 4307 1188 4406 spiritualis.

108 4440 188 4484 nam
206 4420 289 4484 haec
309 4428 489 4500 expurgat.
536 4416 640 4500 Apud
658 4416 818 4494 Hiobum,
