2716 4986
133 486 212 550 1288
440 497 690 549 xrocxnvvsrs
712 497 937 548 eximens.

128 679 163 732 et
182 668 271 742 alibi,

179 782 312 843 ‘'Aperuit
323 781 438 908 P’etram,
450 792 479 831 ut
487 781 626 831 effluerent
637 796 738 845 aqum
753 782 859 832 iverunt
870 783 899 831 iu
907 782 1073 832 siccitatibus
1083 782 1155 832 fluvii
1162 781 1176 800 ⁸¹
1186 781 1231 845 (Ps

258 861 297 895 cv.
309 860 340 906 41
361 864 366 896 :

128 999 186 1059 per
215 979 378 1041 “Petram
388 978 402 1002 ''
429 979 473 1042 ibi
500 977 700 1059 intelligitur
727 979 911 1056 Dominus;
941 990 976 1042 et
1005 1000 1065 1061 per
1092 976 1235 1061 “aquas‘'

125 1093 211 1155 quae
227 1073 305 1134 inde
321 1072 535 1145 effluxerunt,
549 1073 749 1153 intelligitur
766 1074 923 1136 Divinum
940 1072 1070 1136 Verum
1086 1074 1130 1136 ab
1146 1075 1236 1154 Ipso;

125 1175 160 1229 et
181 1186 239 1247 per
256 1170 275 1197 “
287 1165 426 1228 fluvios”
441 1164 648 1247 significatur
664 1166 891 1248 intelligentia
909 1176 944 1230 et
960 1168 1128 1248 sapientia
1146 1167 1235 1243 inde;

125 1280 183 1340 per
208 1259 348 1321 “bibere
376 1260 517 1339 abyssos
541 1258 707 1340 magnas'’
724 1259 932 1341 significatur
953 1260 1086 1324 haurire
1109 1270 1145 1325 et
1167 1281 1236 1343 per·

124 1355 235 1434 cipere
254 1373 377 1415 arcana
397 1354 592 1435 sapientiae.
637 1353 740 1434 Apud
759 1354 959 1429 Johannem,

177 1495 256 1560 Jesus
270 1497 344 1553 dixit,
364 1496 415 1545 “Si
430 1497 489 1559 quis
504 1497 625 1554 sitiverit,
642 1499 732 1547 venito
746 1498 780 1547 ad
797 1497 841 1548 Me
855 1507 882 1548 et
895 1499 995 1554 bibito:
1014 1499 1136 1563 quisquis
1142 1498 1157 1518 '‘
1171 1500 1240 1548 venit

254 1563 287 1610 ad
304 1561 357 1617 Me,
377 1562 468 1610 “sicut
482 1562 548 1611 dixit
563 1563 706 1624 Scriptura,
723 1563 833 1611 flumina
850 1579 865 1612 e
880 1575 971 1612 ventre
989 1564 1049 1625 ejus
1063 1565 1147 1613 fluent
1161 1579 1239 1628 aquae

253 1626 384 1674 viventis:
401 1627 450 1675 hoc
463 1627 530 1675 dixit
539 1627 572 1676 de
585 1628 688 1689 spiritu,
700 1642 779 1691 quem
791 1629 924 1691 accepturi
934 1630 1076 1679 credentes
1088 1630 1115 1678 in
1130 1628 1238 1692 Ipsum*

251 1688 509 1756 mmmm:

122 1854 181 1917 per
206 1834 347 1896 “venire
371 1834 414 1897 ad
438 1833 619 1897 Dominum
643 1844 678 1898 et
702 1834 839 1898 bibere”
866 1834 1074 1917 significatur
1096 1836 1140 1898 ab
1164 1837 1238 1917 Ipso

122 1929 269 2009 recipere
286 1949 365 1991 vera
383 1926 557 1990 doctrinae
576 1939 611 1991 et
630 1949 745 1991 eorum
762 1927 882 1992 fidem:
907 1929 998 2012 quod
1017 1930 1096 1993 inde
1116 1930 1237 1993 intelli·

123 2023 240 2104 gentia
262 2021 453 2103 spiritualis,
473 2020 679 2102 significatur
702 2042 760 2103 per
783 2024 873 2105 quod
894 2022 1058 2086 “flumina
1082 2045 1101 2086 e
1122 2034 1236 2086 ventre

122 2117 191 2198 ejus
214 2117 318 2179 fluent
345 2137 451 2198 aquae
478 2117 622 2179 viventis
635 2116 660 2191 ;”
692 2121 810 2199 “aqua
837 2118 977 2179 vivens”
1000 2128 1054 2180 est
1083 2119 1236 2181 Divinum

122 2210 250 2274 Verum
267 2211 355 2292 quod
376 2212 470 2272 unice
490 2219 542 2273 est
561 2230 581 2271 a
601 2208 758 2282 Domino,
777 2209 965 2272 “flumina’'
981 2222 1059 2274 sunt
1079 2213 1138 2275 illa
1156 2233 1236 2295 quae

120 2305 376 2386 intelligentiae,
397 2316 431 2367 et
453 2302 622 2366 “venter''
640 2302 809 2385 significat
831 2305 1076 2385 cogitationem
1101 2327 1145 2369 ex
1170 2327 1235 2368 me·

120 2401 235 2471 moria,
256 2398 497 2479 correspondet
517 2397 605 2459 enim
625 2397 691 2459 illi:
720 2408 755 2459 et
775 2399 851 2480 quia
870 2419 929 2479 per
950 2398 1116 2462 “flumina
1134 2420 1235 2482 aquae

120 2493 285 2555 viventis’'
309 2490 516 2572 significatur
543 2491 770 2572 intelligentia
799 2513 857 2573 per
884 2493 1043 2555 Divinum
1067 2493 1193 2556 Verum
1217 2513 1235 2555 a

120 2585 278 2659 Domino,
293 2587 368 2648 ideo
385 2586 546 2666 adjicitur,
563 2593 580 2616 ⁸·
592 2585 687 2648 Haec
705 2587 792 2650 dixit
812 2586 853 2648 de
871 2588 987 2666 spiritu
1004 2608 1104 2668 quem
1120 2607 1233 2668 accep·

119 2682 183 2742 turi
213 2680 392 2742 credentes
422 2681 454 2740 in
486 2679 598 2758 ipsum
614 2679 640 2754 ;''
674 2680 861 2759 “spiritus’'
891 2700 990 2761 quem
1020 2683 1191 2762 accepturi
1217 2701 1234 2741 a

119 2773 265 2835 Domino
288 2784 341 2835 est
366 2774 522 2835 Divinum
548 2772 674 2834 Verum
698 2785 733 2835 et
761 2774 838 2836 inde
861 2774 1109 2854 intelligentia;
1139 2795 1233 2856 quare

118 2869 221 2930 etiam
241 2868 404 2929 Dominus
421 2877 521 2929 vocat
541 2867 692 2946 spiritum
709 2888 807 2949 quem
827 2869 1031 2949 acciperent,
1050 2867 1232 2949 “Spiritum

119 2962 296 3025 veritatis”
328 2961 423 3042 (Jolr.
444 2980 516 3042 cap.
539 2963 607 3023 xiv.
634 2961 754 3038 16-18;
788 2982 860 3042 cap.
882 2963 949 3024 xvi.
970 2960 1081 3044 7-15).
1137 2961 1233 3044 Apud

119 3056 293 3130 Davidem,

173 3190 293 3255 Jehovah
315 3192 419 3253 “super
436 3191 520 3238 maria
537 3188 681 3239 lundavit”
698 3191 799 3247 orbem,
819 3191 871 3238 “ct
888 3204 968 3252 super
985 3189 1097 3239 flumina
1114 3189 1234 3239 stabilivit

248 3271 309 3304 eum
318 3255 331 3273 ”
344 3256 399 3315 (Ρε.
412 3257 482 3305 xxiv.
495 3259 533 3316 2):

119 3406 178 3467 per
198 3384 365 3448 “orbem''
382 3383 587 3466 significatur
611 3384 740 3447 caelum
764 3394 799 3446 et
823 3383 966 3448 ecclesia
989 3386 1022 3448 in
1047 3396 1124 3448 toto
1147 3403 1232 3447 com-

119 3481 243 3561 plexu;
273 3500 330 3560 per
351 3481 482 3541 “maria
494 3478 508 3501 ”
528 3478 757 3559 significantur
777 3480 992 3560 cognitiones
1011 3491 1047 3542 et
1067 3483 1232 3552 scientiae,

119 3595 203 3656 quae
227 3584 305 3636 sunt
333 3573 451 3635 ultima
478 3573 651 3645 ecclesiae,
676 3574 707 3634 in
736 3575 846 3653 specie
871 3574 1084 3653 cognitiones
1108 3576 1176 3637 veri
1201 3582 1232 3635 et

119 3669 198 3729 boni
222 3669 338 3749 quales
365 3678 444 3730 sunt
472 3668 503 3729 in
528 3687 626 3729 sensu
655 3666 788 3729 litterae
812 3666 937 3743 Verbi;
968 3687 1027 3748 per
1052 3666 1233 3731 “flumina''

118 3761 326 3842 significatur
350 3759 552 3824 introductio
576 3781 634 3842 per
657 3760 732 3822 illas
759 3761 802 3822 ad
826 3760 1087 3841 intelligentiam
1111 3762 1233 3825 caeles·

118 3866 198 3918 tem.
244 3856 299 3917 Ex
320 3856 369 3917 his
389 3866 545 3918 constare
565 3866 679 3935 potest
699 3855 777 3937 quid
803 3874 861 3935 per
885 3855 941 3916 illa
960 3857 1063 3917 verba
1087 3859 1120 3918 in
1139 3876 1233 3919 sensu

118 3949 280 4030 spirituali
300 3949 520 4030 intelligitur;
545 3950 634 4032 quod
654 3968 776 4029 nempe
793 3950 951 4011 interiora
967 3950 1052 4012 caeli
1073 3961 1107 4013 et
1127 3949 1231 4013 eccle-

118 4046 196 4116 siae,
214 4064 299 4124 quae
316 4053 479 4106 vocantur
496 4043 656 4106 caelestia
675 4053 709 4105 et
729 4043 924 4124 spiritualia,
940 4043 1123 4106 fundentur
1139 4062 1233 4124 super

118 4138 369 4217 cognitionibus
393 4139 461 4200 veri
488 4149 522 4200 et
550 4138 640 4209 boni,
664 4157 749 4218 quae
777 4139 809 4198 in
838 4157 937 4199 sensu
962 4136 1096 4200 litterae
1120 4137 1232 4209 Verbi,

118 4231 328 4293 rationaliter
357 4231 549 4295 intellectis.
596 4232 725 4294 Dicitur
755 4231 844 4312 quod
874 4231 1091 4294 “fundaverit
1121 4232 1233 4294 orbem

117 4346 217 4406 super
240 4328 354 4400 maria,
378 4337 413 4389 et
440 4327 640 4389 stabiliverit
664 4346 763 4406 super
785 4325 950 4400 flumina,”
972 4327 1049 4408 quia
1074 4328 1179 4390 maria
1200 4334 1232 4388 et

117 4418 206 4482 fluvii
225 4431 304 4483 sunt
327 4421 360 4483 in
384 4421 535 4485 terminis
554 4420 649 4497 caeli,
667 4430 922 4501 repraesentata
940 4439 999 4502 per
1018 4419 1114 4484 Mare
1133 4418 1233 4502 Suph,
