2684 4988
112 450 194 530 1164
418 418 670 514 naocnavesrs
693 462 921 513 uxamensi.

110 640 129 666 ‘⁸
139 634 327 699 behemoth
336 635 351 658 ''
363 633 421 697 ille
432 636 544 717 quoad
560 634 653 698 bona
665 655 752 717 quae
764 645 933 699 vocantur
945 635 1099 717 jucunda
1110 637 1217 700 amoris

109 730 283 801 naturalis,
295 741 329 793 et
343 751 401 812 per
414 737 433 762 “
443 729 673 794 leviathanem
682 730 697 753 ’'
707 731 765 793 ille
777 731 890 814 quoad
902 752 996 806 vera,
1008 753 1097 815 quae
1108 752 1214 796 vocau-

109 833 164 887 tur
187 822 373 887 scientifica
395 834 431 889 et
455 825 682 906 cognitiones,
702 846 748 888 ex
772 826 892 907 quibus
916 825 1031 889 lumen
1055 825 1210 903 naturale;

109 919 211 980 ambo
234 917 292 981 illa
315 919 551 982 describuntur
574 939 634 1001 per
653 939 763 982 meras
787 920 1119 1002 correspondentias,
1136 920 1206 1001 stylo

109 1003 270 1093 antiqu03
294 1012 383 1094 quod
404 1014 620 1076 ratiocinatio
638 1035 683 1075 ex
704 1014 830 1077 lumine
847 1013 1001 1078 Naturae
1020 1035 1079 1096 per
1093 1015 1201 1077 scienti·
1236 1064 1238 1095 ,

109 1105 173 1168 fica
189 1126 257 1168 non
274 1108 422 1169 coerceri
441 1108 548 1189 possit
568 1108 630 1169 nisi
650 1128 669 1168 a
690 1106 776 1181 Deo,
793 1109 997 1170 describitur
1012 1109 1046 1170 in
1061 1128 1102 1172 eo
1115 1109 1199 1189 capite
1235 1098 1238 1159 l

109 1210 145 1262 et
173 1201 206 1262 in
234 1203 389 1282 sequenti
417 1221 476 1282 per
504 1200 796 1277 “leviathanem‚’'
822 1212 858 1266 et
886 1222 1023 1285 quoque
1048 1223 1105 1285 per
1127 1201 1195 1274 haec,
1236 1274 1238 1297 Ι

111 1292 231 1356 “Num
256 1294 372 1357 trahes
399 1294 631 1358 leviathanem
658 1295 772 1370 hamo,
796 1305 832 1359 et
859 1296 893 1359 in
916 1295 1031 1359 sunem
1053 1295 1195 1375 demerges

111 1386 260 1467 linguam
278 1387 348 1468 ejus
358 1388 387 1449 ?''
432 1388 493 1451 Per
510 1394 529 1419 “
540 1389 690 1471 linguam
699 1389 714 1412 ”
730 1389 941 1470 significatur
956 1389 1154 1453 ratiocinatio
1165 1407 1194 1449 ex

110 1479 313 1544 scientificis.
362 1479 464 1561 Quod
492 1481 720 1546 “leviathan”
745 1482 915 1564 significet
947 1484 1129 1547 naturalem
1151 1481 1194 1544 ho

111 1576 236 1638 minem
256 1575 368 1656 quoad
392 1575 589 1651 scientifica,
609 1586 769 1640 constare
792 1586 909 1659 potest
930 1597 976 1640 ex
996 1577 1069 1641 aliis
1088 1573 1193 1640 locisin

111 1666 228 1732 Verbo
247 1670 301 1731 ubi
322 1671 516 1733 nominatur

301 1801 350 1864 (Ut
361 1802 435 1852 Esai.
448 1803 531 1852 xxvii.
546 1815 573 1854 1:
592 1803 693 1854 Psalm.
704 1803 786 1853 lxxiv.
800 1817 846 1862 14;
865 1802 909 1854 Pa.
921 1803 974 1854 civ.
986 1804 1043 1866 πῶς

112 1944 185 1998 tum
207 1955 253 1999 ex
277 1955 319 1999 eo
341 1936 431 2017 quod
456 1935 660 2009 “balaena”
678 1957 765 2019 quae
788 1936 992 2018 intelligitur
1014 1958 1071 2019 per
1093 1933 1193 1998 “levia-

111 2029 283 2100 thanem.”
302 2029 471 2110 significet
493 2031 684 2094 naturalem
708 2031 881 2094 hominem
901 2033 1013 2114 quoad
1037 2027 1193 2094 scientifica

112 2123 217 2207 Apud
236 2124 390 2199 Esaiam,

163 2257 244 2308 “Cor
261 2258 495 2321 praecipitantium
512 2273 542 2308 se
560 2259 692 2321 intelliget
710 2259 744 2308 ad
765 2259 916 2318 sciendum,
935 2269 963 2310 et
980 2260 1072 2323 lingua
1087 2257 1192 2308 balborum

242 2325 323 2374 velox
334 2325 385 2374 erit
397 2325 431 2374 ad
443 2325 618 2388 loquendum.
629 2363 635 2374 .
645 2325 672 2375 .''
685 2326 776 2386 (xxxii.
788 2326 827 2386 4):

112 2475 172 2537 per
189 2455 484 2537 “praecipitantes
500 2477 536 2517 se
545 2455 560 2479 ”
576 2455 814 2537 intelliguntur
829 2457 885 2539 qui
901 2456 1000 2519 sacile
1016 2455 1155 2538 arripiunt
1168 2459 1192 2512 et

112 2550 255 2613 credunt
275 2550 332 2613 illa
348 2572 434 2632 quae
454 2551 620 2624 dicuntur,
639 2552 686 2612 ita
702 2572 834 2632 quoque
853 2551 959 2628 salsa3
983 2552 1026 2614 de
1045 2552 1091 2613 his
1105 2548 1192 2611 dicitur

111 2645 202 2727 quod
223 2645 447 2726 “intelligent
471 2655 506 2707 et
530 2645 669 2718 scient‚’‘
689 2644 753 2707 hoc
777 2655 841 2719 est,
862 2647 1027 2726 recipient
1051 2661 1134 2706 vera:
1152 2656 1192 2720 per

113 2746 133 2772 “
143 2739 263 2802 balbos
272 2740 287 2762 ”
300 2740 537 2820 intelliguntur
549 2741 604 2821 qui
617 2760 719 2820 aegre
736 2749 879 2821 possunt
892 2760 1016 2821 capere
1029 2758 1102 2801 vera
1113 2732 1191 2799 eccle·

111 2836 200 2911 siae;
224 2835 313 2916 quod
331 2856 376 2896 ex
393 2832 569 2896 afledtione
587 2834 769 2896 consessuri
787 2834 844 2896 illa
860 2835 939 2908 sint,
956 2833 1140 2914 intelligitur
1151 2843 1191 2907 per

111 2930 202 3011 quod
224 2930 369 3010 “lingua
392 2949 508 2991 eorum
528 2929 630 2991 velox
655 2930 718 2992 erit
741 2929 784 2991 ad
809 2929 1015 3010 loquendum
1029 2928 1053 3006 ;''
1076 2914 1191 2988 “velox''

111 3024 326 3107 praedicatur
345 3024 388 3086 de
407 3021 594 3086 affectione.
639 3022 744 3104 Apud
763 3024 920 3097 eundem,

163 3168 264 3218 “Tunc
280 3167 357 3216 saliet
372 3167 441 3216 sicut
455 3181 549 3215 cervus
562 3167 681 3224 claudus,
697 3175 724 3215 et
739 3167 856 3215 cantabit
870 3165 964 3228 lingua
978 3166 1055 3223 muti,
1068 3164 1123 3228 quia
1132 3167 1192 3209 erum·

242 3245 307 3296 pent
320 3235 347 3282 in
359 3234 467 3282 deserto
479 3247 573 3295 aquae,
587 3242 614 3281 et
625 3232 699 3280 fluvii
712 3233 739 3280 in
752 3232 864 3294 planitie
876 3233 976 3281 deserti
984 3232 998 3251 ''
1011 3232 1096 3295 (xxxv,
1105 3230 1137 3291 bl:

112 3368 196 3432 haec
217 3368 259 3430 de
278 3368 429 3429 adventu
454 3365 610 3442 Domini;
634 3373 669 3427 et
691 3385 750 3446 per
771 3361 1193 3454 ·“ε13υάιιηι”εἰςῃίῆςεηῐϋξ

111 3464 166 3544 qui
190 3463 222 3524 in
244 3463 336 3524 bono
355 3469 434 3522 sunt
454 3460 513 3522 sed
533 3479 601 3521 non
622 3461 781 3540 genuino,
802 3459 879 3540 quia
899 3460 932 3521 in
952 3457 1132 3540 ignorantia
1146 3462 1192 3509 ven

112 3578 170 3638 per
183 3557 273 3639 quod
287 3556 413 3617 bonurn
427 3576 434 3630 ;
454 3555 544 3636 quod
559 3553 686 3616 “saliet
700 3554 786 3615 sicut
802 3573 921 3616 cervus
930 3552 945 3576 ”
958 3552 1120 3635 significat
1130 3533 1193 3627 quod

111 3652 140 3713 ei
153 3651 313 3732 gaudium
327 3671 371 3712 ex
386 3649 605 3730 perceptione
618 3649 706 3710 veri:
728 3668 787 3730 per
802 3654 821 3678 ‘⁶
831 3657 962 3710 mutum
972 3647 988 3671 ”
1000 3644 1194 3736 significantur

111 3746 166 3826 qui
190 3754 328 3825 propter
348 3744 577 3823 ignorantiam
597 3743 667 3804 veri
687 3762 754 3804 non
775 3752 917 3823 possunt
939 3741 1089 3804 confiteri
1108 3737 1192 3800 Dom-

111 3858 202 3912 num‚
232 3858 293 3901 nec
322 3859 401 3901 vera
431 3839 578 3919 genuina
605 3837 794 3915 ecclesiae;
827 3837 1013 3900 “cantabit
1024 3836 1039 3859 ’⁹
1064 3824 1194 3916 significat

111 3933 270 4014 gaudium
287 3954 332 3994 ex
352 3932 580 4012 intelligentia
596 3933 684 3995 veri:
709 3932 799 4014 quod
818 3935 1027 4012 “erumpent
1046 3932 1077 3994 in
1092 3923 1194 3991 deserto

110 4028 240 4109 aquae''
251 4026 418 4108 significat
429 4028 519 4109 quod
532 4048 612 4090 vera
623 4028 816 4108 aperientur
827 4026 881 4087 ubi
897 4045 965 4087 non
976 4027 1066 4108 prius
1077 4017 1192 4087 luetussll

110 4133 145 4185 et
162 4122 252 4203 quod
271 4121 388 4184 “fluvii
404 4123 436 4184 in
454 4122 595 4203 planitie
611 4121 762 4185 deserti”
778 4118 948 4202 significat
965 4121 1055 4203 quod
1071 4119 1109 4182 ibi
1121 4100 1193 4207 intel·

110 4216 271 4297 ligentia;
291 4222 310 4248 “
321 4237 429 4300 aquae
438 4217 452 4241 ''
469 4219 558 4280 enim
575 4215 770 4299 significant
788 4236 879 4291 vera,
898 4235 937 4278 ac
954 4197 1193 4279 “fluvii”intelh·

110 4312 274 4393 gentiam.

172 4409 233 4494 [⁰·]
265 4408 323 4473 Ex
351 4409 404 4474 his
429 4421 591 4475 constare
620 4420 738 4493 potest
763 4409 844 4493 quid
872 4408 906 4472 in
935 4429 1039 4473 sensu
1064 4381 1191 4489 spirituali
