2684 4988
290 482 372 532 can.
388 481 450 544 vt,
467 481 571 531 vans.
591 480 718 546 14.-N.
733 465 860 551 406[b].
1072 483 1135 551 933

106 650 230 724 rhomo,
252 651 286 713 in
305 671 373 732 quo
391 660 470 713 sunt
493 650 584 713 bona
601 650 681 725 veri,
701 648 829 724 doleat,
849 649 1058 732 significatur
1076 671 1136 733 per

106 745 135 806 lia
150 744 207 806 illa
226 765 315 826 quae
334 754 529 826 sequuntur,
546 764 668 826 nempe
686 745 777 826 quod
795 745 1136 809 “consternabuntur

106 839 281 900 rubescent
308 848 447 920 propter
470 837 647 903 Kuschum
670 835 965 920 exspedtationem
988 838 1133 911 illorum,

106 942 211 1013 ropter
230 931 435 1013 Aegyptum
454 933 557 994 decus
575 952 701 1006 eorum,
722 942 757 996 et
781 932 872 994 dicet
892 932 1066 995 habitator
1084 933 1135 995 in·

105 1028 171 1088 ein
198 1027 254 1088 die
282 1025 379 1099 hoc,''
401 1046 491 1108 seq.;
522 1026 725 1088 “habitator
751 1024 904 1089 insulae”
926 1036 979 1089 est
1008 1026 1135 1089 bonum

116 1121 277 1183 naturalis
300 1120 457 1193 hominis,
478 1140 537 1183 seu
556 1119 719 1184 naturalis
738 1119 842 1182 homo
864 1121 897 1182 in
916 1140 983 1202 quo
1001 1130 1054 1183 est
1073 1120 1135 1184 bo·

120 1215 197 1287 veri,
216 1214 422 1277 “habitator
430 1214 445 1237 ”
459 1215 554 1276 enim
573 1212 742 1295 significat
761 1214 898 1287 bonum,
919 1225 953 1276 et
976 1213 1135 1278 “insula”

105 1325 148 1379 m,
163 1316 348 1388 utrumque
366 1306 400 1366 in
420 1306 568 1368 naturali
587 1305 725 1367 homine
745 1321 888 1379 (utsupra).
932 1304 1034 1384 Quod
1054 1304 1135 1369 talis

107 1417 139 1459 us
163 1397 229 1460 illis
257 1399 369 1461 verbis
399 1399 489 1472 insit,
516 1398 575 1460 vix
602 1398 760 1471 creditur,
788 1416 865 1459 cum
893 1406 1009 1459 tamen
1036 1397 1134 1459 inest.

105 1491 126 1552 d
143 1491 300 1563 eundem,

105 1613 139 1663 llll
151 1616 281 1664 extollent
293 1630 388 1664 vocem
400 1629 485 1672 suant.
497 1613 655 1676 jubilabunt.
666 1616 703 1663 ob
716 1614 941 1676 magnificentiam
953 1614 1073 1679 Jelrovae
1084 1614 1137 1664 tla-

150 1682 262 1729 mabunt
275 1696 292 1728 a
306 1683 390 1736 mari:
410 1691 551 1743 propterea
568 1681 595 1728 in
613 1681 681 1730 urim
699 1681 830 1729 honorate
841 1679 980 1745 Jehovam,
996 1680 1023 1728 in
1042 1679 1136 1728 insulis

151 1747 232 1794 maris
245 1760 344 1794 nornen
359 1742 503 1810 [jehovae]
518 1744 567 1794 Dei
581 1744 710 1794 Israelis”
722 1746 804 1804 (xxiv.
818 1758 856 1805 14.
869 1750 922 1806 15):

105 1879 135 1919 ur
150 1859 182 1920 in
201 1880 243 1922 eo
260 1861 373 1940 capite
388 1860 431 1922 de
447 1861 641 1923 vastatione
659 1859 836 1933 ecclesiae,
853 1871 888 1923 et
907 1861 941 1923 in
961 1860 1013 1922 his
1030 1862 1136 1923 versi·

108 1952 145 2014 de
163 1953 411 2016 instauratione
429 1953 594 2017 ecclesiae
613 1972 723 2015 novae
742 1953 831 2034 apud
847 1964 992 2035 gentes:
1018 1953 1136 2016 harum

104 2045 179 2108 dium
199 2057 253 2109 est
272 2046 364 2128 quod
383 2047 583 2110 describitur
605 2066 665 2127 per
687 2046 779 2127 quod
800 2046 1000 2110 “extollent
1016 2067 1137 2110 vocem

104 2160 130 2211 n,
146 2140 348 2220 jubilabunt,
366 2141 411 2204 ob
425 2140 715 2222 magnificentiam
733 2139 885 2220 Jehovae
904 2142 1103 2205 clamabunt
1118 2163 1139 2204 a

104 2234 138 2303 i.”
153 2255 210 2297 seu
229 2235 274 2297 ab
292 2235 491 2311 occidente;
515 2255 575 2316 per
594 2242 715 2298 “mare
724 2235 739 2257 ”
758 2237 859 2308 enim,
880 2256 956 2298 cum
978 2257 1036 2317 per
1055 2234 1138 2298 illud

105 2327 223 2409 lligitur
246 2330 417 2401 occidens,
441 2326 648 2409 significatur
671 2330 837 2403 naturale,
862 2350 905 2393 ex
934 2349 1035 2392 causa
1061 2330 1138 2411 quia

104 2423 204 2503 quiin
228 2421 433 2485 occidentali
456 2422 559 2503 plaga
581 2423 614 2484 in
638 2423 764 2484 mundo
783 2424 946 2504 spirituali
969 2423 1137 2495 habitant,

104 2535 173 2578 >ono
196 2515 343 2578 naturali
369 2524 459 2590 sunt,
484 2525 520 2578 at
547 2516 580 2578 in
604 2515 760 2579 orientali
788 2516 889 2597 plaga
912 2518 967 2598 qui
992 2518 1024 2578 in
1049 2517 1139 2578 bono

105 2610 180 2671 esti:
204 2619 240 2671 et
259 2610 336 2690 quia
355 2618 488 2689 gentes,
507 2628 551 2671 ex
570 2608 688 2690 quibus
704 2607 860 2685 ecclesia,
877 2610 909 2672 in
930 2610 1019 2672 bono
1039 2619 1138 2671 natu·

114 2701 250 2774 luerunt,
272 2702 349 2763 ideo
372 2702 494 2764 dicitur
519 2701 586 2763 “In
610 2702 693 2763 urim
717 2700 883 2765 honorate
905 2702 1082 2783 Jehovam,
1106 2703 1138 2765 in

104 2792 141 2855 lis
166 2795 266 2856 maris
294 2813 418 2855 nomen
446 2792 509 2856 Dei
540 2792 702 2867 lsraeliS,''
729 2814 789 2875 per
817 2816 902 2876 quae
932 2794 1140 2876 significatur

104 2885 303 2949 dadoraturi
328 2887 511 2948 Dominum
530 2907 574 2949 ex
593 2887 691 2948 bonis
714 2897 749 2949 et
769 2889 856 2950 veris
874 2909 960 2970 quae
983 2890 1016 2950 in
1040 2897 1139 2949 natu-

111 2978 239 3042 homine
252 3001 260 3055 ;
287 2981 398 3041 “urim
407 2979 422 3001 ”
441 2980 530 3041 enim
554 2979 722 3060 significat
744 2981 857 3060 ignem
881 2991 916 3043 et
938 2981 1060 3052 focum,
1082 3000 1141 3061 per

103 3091 114 3133 s
129 3073 335 3155 significatur
353 3073 480 3135 bonum
499 3074 622 3135 amoris
642 3072 805 3135 naturalis
823 3073 988 3150 hominis;
1019 3074 1139 3135 “insu-

105 3168 218 3230 maris”
237 3165 432 3248 significant
456 3166 672 3246 cognitiones
691 3167 760 3228 veri
783 3176 818 3230 et
842 3167 932 3239 boni,
952 3187 1039 3248 quae
1061 3176 1140 3228 sunt

103 3261 284 3323 rnaturalis
304 3259 449 3322 hominis
464 3280 472 3335 ;
496 3269 531 3322 et
552 3258 749 3321 “honorare
758 3258 772 3282 ’'
792 3259 958 3339 significat
975 3259 1089 3322 colere
1104 3269 1140 3321 et

103 3371 182 3428 rtre;
212 3374 271 3434 per
296 3352 513 3434 “Jehovam”
534 3363 570 3415 et
596 3351 736 3414 “Deum
761 3352 917 3415 israelis”
940 3353 1142 3432 intelligitur

103 3446 200 3519 ninus,
220 3447 276 3526 qui
300 3457 442 3509 vocatur
466 3444 673 3526 “Jehovah”
696 3445 751 3507 ubi
775 3446 887 3526 agitur
909 3446 951 3508 de
975 3446 1077 3517 bono,
1100 3464 1140 3511 ac

103 3556 149 3601 eus
168 3537 327 3602 Israelis''
345 3539 400 3600 ubi
418 3539 463 3601 de
481 3558 579 3602 vero:
604 3538 682 3600 ideo
701 3538 823 3601 dicitur
843 3539 905 3600 “in
925 3539 1008 3600 urim
1032 3537 1141 3600 hono·

103 3630 312 3711 =Jehovam‚”
331 3631 395 3694 hoc
416 3642 480 3706 est,
500 3653 545 3694 ex
564 3631 665 3704 bono,
686 3641 721 3693 et
743 3632 806 3692 “in
827 3632 941 3692 insulis
962 3632 1062 3692 maris
1079 3650 1140 3692 no-

103 3723 181 3788 nDei
197 3724 364 3798 lsraelis,’'
376 3723 443 3787 hoc
459 3735 524 3798 est,
537 3745 583 3788 ex
597 3726 704 3801 veris;
727 3724 806 3786 inde
822 3725 925 3787 etiam
942 3733 1039 3805 patet
1052 3724 1141 3804 quod

118 3818 263 3880 “insulas
286 3816 411 3880 maris’'
434 3816 665 3898 significentur
691 3837 771 3880 vera
798 3815 960 3879 naturalis
986 3815 1141 3878 hominis.

103 3909 135 3969 ud
151 3912 304 3984 eundem,

106 4025 165 4078 'llon
176 4032 330 4093 exstinguet
342 4046 429 4094 neque
441 4031 601 4092 confringet.
613 4031 700 4078 donee
712 4030 831 4091 posuerit
844 4030 869 4077 in
883 4039 954 4077 terra
966 4028 1104 4090 judicium,
1115 4039 1142 4077 et

158 4096 182 4144 in
192 4098 250 4159 lege
262 4097 328 4159 Ejus
338 4097 442 4145 insulae
451 4106 568 4158 sperent.
593 4133 615 4145 ..
626 4095 753 4144 .Cantate
760 4094 879 4158 Jehovae
889 4095 1020 4143 canticum
1030 4109 1140 4150 novum,

158 4161 258 4211 laudem
273 4162 340 4224 Ejus
351 4161 506 4209 extremitas
519 4172 612 4217 terrae,
623 4160 818 4209 descendentes
828 4175 910 4216 mare,
923 4159 1060 4221 plenitudo
1072 4159 1140 4220 ejus.

159 4227 258 4276 insulae
270 4238 298 4277 et
310 4228 474 4275 habitatores
483 4223 609 4275 mearum.
647 4225 785 4274 Extollant
794 4227 928 4274 desertum
942 4234 968 4272 et
981 4225 1059 4272 urbes
1072 4223 1139 4284 ejus.
1168 4240 1171 4244 ’

160 4293 233 4341 villae
247 4308 315 4355 quas
328 4292 459 4340 inhabitat
473 4291 589 4348 Arabim
613 4301 722 4340 cantent
737 4291 900 4339 habitatores
914 4299 1013 4351 petrae.
1027 4303 1042 4336 e
1055 4287 1141 4347 capite

161 4359 284 4406 montium
296 4359 428 4411 clament:
447 4367 547 4417 ponant
559 4357 679 4421 Jehovae
691 4356 815 4416 gloriam,
826 4365 853 4403 et
866 4357 970 4403 laudem
986 4353 1050 4415 Ejus
1063 4353 1090 4400 in
1103 4352 1142 4399 in-

161 4424 219 4471 tulis
230 4422 395 4471 annuntient
403 4420 417 4439 '’
429 4422 492 4480 (xlii.
505 4419 554 4486 [4‚]
566 4435 604 4479 10,
617 4419 668 4486 11[,
680 4418 749 4485 12]):
