2684 4988
280 444 287 459 ¹
342 505 423 554 cnr.
440 504 516 566 vu,
533 503 638 554 vans.
658 502 766 572 5.-u.
782 485 917 571 435[b].,
1107 502 1188 570 1099

96 673 136 747 is,
153 676 251 736 etiam
274 673 478 754 intelligitur
501 694 560 755 per
581 671 692 735 “cor'’
711 673 744 735 in
763 670 900 747 Verbo;
928 688 1043 733 verum
1063 690 1107 732 ex
1127 667 1187 732 illo

96 789 159 831 ono
175 780 227 831 est
243 770 352 831 instar
372 767 580 849 pulmonum,
599 769 702 830 etiam
723 765 925 847 intelligitur
944 767 977 827 in
995 764 1112 827 Verbo
1128 784 1187 845 per

96 862 273 945 ·spiritum”
292 872 328 926 et
346 863 523 924 “animam
536 861 562 939 ;’‘
589 871 624 925 et
647 861 774 925 bonum
794 861 885 922 vitae
904 869 957 921 est
981 859 1088 920 instar
1111 878 1186 920 cor·

96 956 158 1018 oris
175 956 208 1018 in
226 976 294 1037 quo
313 954 371 1017 illa
390 965 497 1036 agunt
517 965 552 1018 et
568 956 706 1017 vivunt:
731 953 852 1016 similia
871 953 936 1015 tria
952 960 1031 1014 sunt
1050 953 1083 1013 in
1104 970 1186 1013 una·

96 1052 183 1132 ,uavis
201 1071 236 1113 re
254 1070 342 1132 quae
361 1051 491 1122 existit,
513 1059 547 1112 et
571 1069 648 1112 cum
672 1050 736 1111 tria
760 1048 816 1110 illa
836 1047 933 1110 simul
957 1047 1112 1109 existunt
1132 1055 1186 1109 est

96 1146 220 1208 ›rmatio
249 1143 362 1226 plena.
421 1142 510 1224 Quid
545 1164 603 1225 per
635 1142 820 1206 “Gadem”
850 1162 908 1204 seu
942 1142 1001 1223 p‘er
1032 1139 1186 1203 “tribum

96 1239 193 1302 iadis”
215 1241 249 1303 in
277 1240 369 1302 omni
396 1257 498 1301 sensu
525 1236 746 1319 significatur,
774 1239 918 1319 primum
946 1237 1095 1298 dicetur:
1128 1256 1187 1316 per

96 1332 248 1397 ‘Gadem’'
272 1335 305 1395 in
334 1352 492 1415 supremo
520 1352 621 1394 sensu
647 1331 857 1413 significatur
884 1329 1050 1392 Dominus
1075 1329 1186 1411 quoad

96 1430 350 1510 mnipotentiam
369 1439 404 1490 et
424 1428 707 1501 omniscientiam,
728 1427 761 1490 in
781 1447 882 1489 sensu
905 1427 1041 1488 interno
1060 1423 1186 1486 bonum

96 1524 146 1595 eri,
158 1535 192 1586 et
208 1525 241 1585 in
255 1543 356 1585 sensu
373 1533 520 1585 externo
533 1542 636 1604 opera
652 1521 730 1584 inde
746 1543 831 1604 quae
845 1531 923 1583 sunt
944 1520 1069 1581 bonum
1084 1520 1185 1582 vitae.

96 1614 167 1697 luod
190 1618 272 1680 talia
296 1639 355 1700 per
380 1617 565 1680 “Gadem’'
584 1615 826 1697 significentur,
848 1625 899 1678 est
924 1615 1001 1696 quia
1024 1615 1057 1676 in
1077 1613 1186 1676 omni·

96 1731 132 1774 rus
150 1723 184 1776 et
207 1712 350 1793 singulis
367 1711 473 1774 Verbi
497 1720 550 1774 est
573 1730 693 1773 sensus
715 1712 865 1784 intimus,
883 1712 1046 1783 internus
1064 1717 1099 1771 et
1124 1729 1186 1771 ex·

97 1826 199 1869 emus:
230 1807 264 1868 in
289 1827 391 1869 sensu
419 1807 541 1869 intimo
563 1815 616 1868 est
644 1805 735 1867 solus
760 1803 936 1876 Dominus,
961 1805 1074 1885 agitur
1097 1805 1186 1866 enim

96 1899 119 1962 bi
131 1901 168 1964 de
184 1901 274 1984 Ipso,
289 1902 331 1964 de
350 1899 597 1982 glorificatione
616 1900 765 1962 Humani
783 1900 902 1981 Ipsius,
916 1901 959 1962 de
972 1900 1186 1962 ordinatione

96 1995 245 2070 aelorum,
276 1995 515 2077 subjugatione
549 1995 765 2067 infernorum,
796 2003 831 2056 et
864 1994 906 2056 de
940 1994 1186 2056 instauratione

96 2089 227 2154 eclesiae
246 2092 291 2154 ab
311 2091 412 2172 Ipso;
436 2111 539 2172 quare
555 2089 710 2171 singulae
730 2088 837 2152 tribus
856 2088 1049 2170 significant
1067 2089 1186 2151 Domi-

96 2200 148 2246 ium
167 2186 278 2267 quoad
306 2184 445 2267 aliquod
475 2184 583 2266 Ipsius
610 2185 814 2247 attributum
842 2194 876 2246 et
905 2204 1000 2264 opuS,
1025 2184 1058 2244 in
1086 2203 1186 2245 sensu

97 2280 201 2342 ntimo:
223 2281 257 2342 in
273 2298 375 2341 sensu
391 2288 507 2341 autem
524 2280 659 2342 interno
671 2280 784 2359 agitur
800 2278 842 2340 de
855 2277 951 2340 caelo
968 2287 1003 2339 et
1020 2277 1062 2338 de
1076 2275 1186 2339 eccle·

96 2373 131 2447 ria,
151 2385 182 2438 et
205 2375 353 2438 traditur
376 2370 549 2436 doftrina:
578 2372 730 2436 Verbum
754 2374 891 2436 veroin
915 2393 1016 2435 sensu
1040 2381 1187 2434 externo

96 2477 127 2530 est
138 2470 230 2551 quale
247 2478 301 2533 est
318 2470 351 2530 in
368 2487 469 2530 sensu
486 2468 632 2530 litterae.
678 2467 779 2548 Quod
797 2478 867 2530 tres
883 2486 1001 2529 sensus
1018 2467 1051 2528 in
1070 2465 1187 2528 Verbo

96 2559 147 2637 sint,
164 2574 214 2627 est
234 2565 313 2646 quia
332 2572 402 2625 tres
418 2562 504 2625 caeli
523 2572 623 2625 sunt:
655 2583 774 2625 sensus
793 2563 931 2625 intimus
950 2582 1008 2624 seu
1028 2560 1186 2623 caelestis

96 2665 126 2718 st
140 2679 195 2740 pro
211 2659 334 2721 intimo
353 2679 413 2720 seu
432 2659 535 2721 tertio
551 2656 669 2732 caelo;
701 2677 820 2719 sensus
840 2658 991 2718 internus
1010 2676 1070 2718 seu
1089 2657 1185 2737 spiri-

96 2751 166 2815 tualis
182 2763 236 2817 est
261 2773 323 2834 pro
343 2752 455 2815 medio
474 2772 533 2814 seu
552 2752 703 2814 secundo
726 2750 845 2827 caelo;
876 2760 911 2813 et
931 2770 1049 2812 sensus
1069 2759 1186 2813 exter·

96 2859 131 2908 tus
143 2869 197 2911 seu
216 2847 402 2930 spiritualis
419 2846 582 2909 naturalis
599 2856 651 2909 est
668 2866 729 2928 pro
745 2847 853 2927 primo
870 2865 928 2907 seu
945 2843 1066 2907 ultimo
1078 2845 1185 2907 caelo.

96 2932 164 3016 Quod
184 2942 325 3005 “tribus
346 2941 450 3003 Gadis
459 2941 474 2964 ‘’
495 2942 528 3003 in
552 2941 617 3003 hoc
641 2940 719 3003 loco
741 2939 997 3020 Apocalypscos,
1023 2939 1078 3001 ubi
1101 2939 1186 3000 duo·

96 3028 172 3098 lecim
191 3038 300 3100 tribus
326 3035 552 3109 nominantur,
573 3033 741 3115 significet
766 3035 892 3096 bonum
914 3035 1016 3108 vitae,
1036 3042 1089 3095 est
1109 3033 1187 3114 quia

96 3131 239 3193 rordine
270 3130 421 3211 sequitur
451 3139 528 3211 post
554 3128 722 3209 Jehudam
750 3138 785 3191 et
818 3129 1027 3200 Reubenem,
1057 3146 1096 3190 ac
1127 3147 1186 3208 per

96 3217 283 3298 ‘Jehudam'’
306 3221 516 3303 significatur
539 3223 664 3285 bonum
688 3225 823 3298 amoris,
848 3245 907 3305 per
933 3220 1186 3285 “Reubenem”

96 3332 176 3381 erum
193 3339 239 3381 ex
258 3317 319 3380 illo
334 3318 436 3391 bono,
454 3317 532 3380 inde
552 3338 611 3399 per
629 3317 815 3380 “Gadem''
831 3317 1040 3399 significatur
1059 3317 1185 3379 bonum

96 3406 175 3491 ltae;
203 3432 283 3476 nam
307 3433 352 3476 ex
376 3411 466 3474 bono
485 3414 620 3486 amoris,
641 3433 700 3494 per
723 3433 802 3475 vera
826 3434 870 3475 ex
893 3413 963 3487 1110,
984 3413 1104 3474 existit
1124 3411 1184 3473 bo·

96 3520 143 3569 um
160 3508 265 3582 vitae,
286 3516 340 3570 est
364 3509 453 3569 enim
477 3507 602 3569 bonum
624 3509 715 3569 vitae
738 3508 877 3569 tertium
901 3508 933 3568 in
958 3506 1075 3568 ordine
1094 3505 1184 3587 quod

96 3602 222 3683 {quitum
239 3621 321 3664 nam
340 3611 392 3664 est
412 3598 552 3663 effeetus
572 3600 716 3676 illorum,
735 3610 771 3663 ut
790 3621 891 3683 supra
910 3597 1036 3662 dietum
1056 3610 1120 3662 est.
1221 3597 1226 3615 '

126 3695 188 3781 [a]
220 3697 392 3779 Quoniam
412 3696 541 3759 bonum
557 3699 648 3760 vitae
667 3709 721 3761 est
740 3697 867 3760 bonum
888 3696 1054 3758 naturalis
1073 3696 1184 3759 homi·

96 3788 127 3864 Ls,
142 3791 219 3854 ideo
238 3790 412 3853 hereditas
424 3791 533 3853 tribui
549 3787 681 3852 ¹¹¹Gadis
701 3791 783 3853 data
802 3801 854 3853 est
875 3800 970 3852 trans
988 3789 1183 3870 Jordanem,

96 3884 214 3948 :simul
239 3885 340 3947 tribui
365 3884 536 3948 Reubenis
560 3894 595 3947 et
618 3884 777 3946 dimidiae
801 3886 901 3947 tribui
926 3884 1093 3946 Menassis
1117 3885 1183 3961 ibi;

96 3998 152 4043 trra
173 3981 275 4052 enim,
297 3999 382 4061 quae
406 3989 501 4042 trans
522 3978 706 4060 Jordanem
730 3988 814 4053 erat,
835 3978 1049 4059 significabat
1072 3977 1184 4040 eccle·

96 4088 148 4134 am
162 4082 347 4135 externam
364 4089 401 4146 (ut
410 4088 434 4132 ru
443 4087 559 4146 superiori
568 4087 669 4133 articulo
678 4083 799 4132 ostensum
809 4087 866 4145 esi),
884 4081 919 4133 et
935 4070 1104 4132 ecclesiae
1120 4091 1184 4132 ex·

96 4181 178 4228 :mae
197 4175 278 4227 sunt
298 4163 357 4226 illa
375 4184 461 4245 quae
481 4165 669 4246 procedunt
689 4186 735 4227 ex
755 4163 899 4226 naturali
924 4163 1079 4225 homine:
1112 4163 1185 4244 ipsa

96 4257 205 4324 :clesia
220 4261 255 4322 in
271 4279 308 4322 se
325 4255 480 4341 speetata
498 4269 551 4322 est
570 4261 603 4322 in
623 4260 758 4323 interno
775 4279 833 4322 seu
849 4259 1014 4341 spirituali
1034 4259 1182 4333 homine,

96 4363 206 4418 aterna
224 4363 342 4417 autem
362 4354 395 4415 in
413 4363 560 4417 externo
579 4375 637 4417 seu
657 4354 813 4429 naturali,
834 4374 919 4436 quae
943 4362 1059 4416 tamen
1080 4369 1182 4415 unum

96 4459 165 4529 gent
189 4451 277 4513 sicut
302 4468 404 4511 causa
427 4457 463 4512 et
487 4446 634 4513 elicitus.
681 4447 782 4531 Quod
806 4449 906 4512 tribui
930 4444 1061 4513 [¹¹Gadis
1084 4448 1182 4511 here·
