2684 4988
394 493 486 558 cae.
503 495 562 556 vt,
580 494 683 547 vem.
700 483 810 554 8.-rt.
827 481 959 567 388[d]·
1179 489 1239 571 τις

124 664 171 727 avi
191 664 374 738 caelorum,
395 674 436 728 et
462 683 600 728 carnem
618 662 814 728 santiorum
837 674 972 728 tuorum
992 665 1081 729 ferae
1101 669 1241 742 terrae,”

135 756 321 839 significatur
349 759 534 822 destruere
561 759 674 823 omnia
701 780 781 835 vera
808 780 867 843 per
894 759 979 823 falsa
1003 770 1038 823 et
1067 761 1157 824 bona
1182 783 1241 844 per

142 855 228 931 nala3
251 855 346 916 “avis
358 851 555 917 caelorum”
568 853 621 915 hic
634 873 767 935 quoque
778 864 856 916 sunt
868 855 1098 935 cogitationes
1109 854 1192 929 salsi,
1204 866 1239 918 et

104 939 106 945 ’
150 948 222 1011 “iera
236 947 370 1026 terrae”
388 958 471 1026 sunt
491 945 686 1010 affefflones
705 947 786 1010 mali
805 948 892 1010 inde.
938 947 1041 1030 Apud
1061 950 1217 1024 eundern,

186 1081 297 1131 “liedes
311 1081 388 1130 letae
400 1081 523 1130 animam
536 1081 649 1130 turturis
664 1080 718 1136 tui:
737 1081 808 1130 vitae
820 1081 980 1130 miserorum
994 1091 1103 1130 tuorum
1121 1096 1155 1130 ne
1172 1083 1241 1137 obli·

251 1147 362 1195 viscaria
376 1147 404 1195 in
418 1156 577 1210 perpetuum
586 1145 599 1164 ”
611 1145 667 1207 (Ps.
680 1146 762 1194 lxxiv.
777 1147 831 1208 19):

159 1297 197 1358 per
211 1288 398 1343 “turturem
407 1278 423 1305 ’⁹
442 1278 653 1360 significatur
674 1278 801 1341 bonum
824 1277 1009 1359 spirituale,
1034 1278 1084 1340 ita
1106 1298 1239 1360 quoque

157 1372 191 1436 illi
203 1377 248 1456 qui
264 1377 295 1436 in
313 1394 356 1437 eo
373 1374 465 1436 bono
484 1382 575 1447 sunt,
592 1383 627 1437 et
644 1394 702 1454 per
721 1371 875 1434 “seram”
891 1370 1101 1452 significatur
1118 1371 1238 1435 salsum

154 1468 214 1530 nali
223 1471 352 1550 cupiens
365 1468 552 1539 destruere,
566 1468 614 1528 ita
629 1487 762 1548 quoque
775 1465 822 1528 illi
838 1466 894 1547 qui
911 1467 943 1528 in
960 1466 1045 1528 salso
1062 1465 1140 1528 mali
1159 1478 1237 1530 sunt

149 1570 183 1622 et
199 1565 319 1644 cupiunt
346 1563 543 1636 destruere3
576 1561 655 1623 inde
682 1570 779 1642 patet
808 1561 887 1641 quid
915 1559 1123 1640 significatur
1149 1559 1237 1643 [per]

151 1653 218 1717 “Ne
231 1657 285 1718 des
303 1655 393 1719 serae
410 1657 561 1718 animam
581 1655 721 1717 turturis
738 1655 787 1717 tui
798 1654 826 1716 :”
850 1675 908 1734 per
926 1660 945 1685 ‘⁴
957 1655 1097 1716 miseros
1106 1654 1120 1677 ”
1137 1654 1238 1717 intel·

147 1741 275 1828 liguntur
292 1753 347 1831 qui
364 1750 604 1813 infestantura
626 1748 730 1822 falsis,
747 1759 782 1812 et
802 1750 880 1812 inde
903 1749 936 1811 in
959 1749 1138 1811 anxietate
1157 1758 1236 1812 sunt

145 1852 184 1903 et
198 1841 382 1925 exspedlant
403 1842 650 1906 liberationem.

203 1933 258 2016 [d]
285 1934 390 2017 Apud
409 1933 625 2008 Ezechielem,

193 2065 250 2117 Oves
263 2069 421 2130 '‘dispersae
433 2078 497 2116 sunt
514 2068 572 2116 sine
584 2077 699 2128 pastore.
714 2076 741 2115 et
758 2063 844 2115 latiae
856 2075 920 2116 sunt
937 2067 964 2115 iu
983 2068 1069 2115 cibum
1082 2068 1156 2115 omni
1169 2066 1240 2116 [erae

256 2135 320 2196 agri,
334 2148 365 2181 ac
377 2134 515 2194 dispersae
527 2131 610 2181 uunt”
622 2133 722 2191 (xxxiv.
735 2144 758 2192 5,
770 2133 810 2193 8):

148 2282 201 2342 per
209 2265 279 2330 haec
290 2265 500 2348 significatur
510 2265 601 2346 quod
613 2265 703 2327 bona
713 2265 891 2328 charitatis
902 2286 961 2346 per
973 2264 1057 2326 salsa
1067 2261 1239 2327 destrudla

152 2359 215 2433 sint,
230 2371 261 2424 et
283 2381 419 2443 prorsus
437 2369 642 2440 consumpta
665 2379 723 2440 per
742 2360 851 2420 omnis
875 2360 1008 2439 generis
1028 2359 1117 2421 mala
1137 2358 1238 2434 inde;

156 2452 230 2517 ”iera
249 2455 340 2537 agri''
359 2464 438 2529 sunt
463 2453 553 2516 mala
575 2454 665 2515 vitae
689 2453 829 2515 oriunda
856 2474 901 2515 ex
925 2452 1016 2515 falsis
1044 2451 1216 2516 doitrinae
1229 2474 1237 2528 ;

156 2564 201 2623 per
218 2557 318 2613 “oves
328 2550 344 2573 ”
362 2550 396 2610 in
421 2546 539 2610 Verbo
562 2547 799 2629 intelliguntur
818 2549 872 2629 qui
897 2548 1040 2610 inbono
1064 2549 1240 2611 charitatis

159 2653 223 2716 sunt,
239 2644 294 2707 sed
314 2644 392 2725 quia
410 2643 577 2723 genuinus
595 2661 714 2704 sensus
733 2641 915 2723 spiritualis
935 2652 987 2704 est
1012 2640 1202 2705 abstraiius
1221 2664 1240 2705 a

161 2740 287 2812 personis,
319 2758 379 2818 per
409 2735 545 2798 “oves'’
575 2733 809 2816 significantur
839 2735 928 2797 bona
951 2735 1147 2812 charitatis;
1183 2757 1241 2817 per

163 2829 333 2904 ‘'pastores''
356 2828 591 2912 significantur
614 2831 669 2912 qui
696 2850 755 2910 per
778 2850 857 2891 vera
881 2829 1008 2893 ducunt
1032 2830 1074 2892 ad
1102 2830 1238 2903 bonum,

159 2924 348 2996 etabsrratie
364 2928 436 3007 ipsa
452 2944 531 2986 vera
548 2944 607 3005 per
619 2944 705 3004 quae
719 2924 854 2995 bonum,
871 2924 946 2986 ideo
965 2925 1063 2986 “sine
1081 2935 1217 3006 pastore
1226 2926 1240 2948 ”

154 3010 293 3092 significat
322 3040 390 3083 non
418 3038 533 3081 verum
562 3038 621 3099 per
647 3018 737 3099 quod
765 3020 902 3090 bonum,
935 3020 982 3080 ita
1012 3018 1151 3095 salsum3
1182 3040 1241 3101 per

151 3103 228 3177 “fieri
242 3117 273 3178 in
290 3113 427 3181 cibum''
443 3110 651 3194 significatur
667 3112 830 3184 consumi,
849 3112 1002 3174 similiter
1018 3132 1057 3174 ac
1075 3134 1133 3194 per
1151 3119 1238 3175 “co-

139 3205 241 3271 foed?
258 3229 334 3272 curn
358 3208 401 3270 de
424 3204 521 3281 ieris;
546 3226 608 3288 per
632 3205 763 3269 “ieram
786 3206 859 3286 agri
868 3204 882 3229 '’
901 3205 1133 3287 significantur
1152 3207 1241 3269 mala

130 3297 177 3356 ΒΧ
197 3303 290 3367 falsie.
335 3301 441 3383 Apud
461 3300 615 3378 Hrbbum,

183 3437 300 3487 “Beatus
312 3438 396 3485 horno
408 3448 487 3498 quem
500 3435 613 3494 castigat
625 3432 721 3490 Deus„
732 3470 753 3482 ..
764 3433 803 3482 ,in
816 3432 886 3482 lame
900 3434 1011 3482 redimet
1030 3444 1055 3483 te
1073 3449 1089 3481 a
1106 3445 1199 3488 morte,
1215 3445 1242 3484 et

255 3506 282 3551 in
300 3503 373 3551 bello
390 3517 407 3549 a
418 3500 543 3548 manibus
560 3499 873 3559 gladii,....vastitatem
892 3509 918 3547 et
936 3498 1034 3547 iamem
1055 3500 1162 3557 ridebis,
1182 3511 1208 3549 et
1225 3516 1242 3549 a

254 3570 312 3617 iera
324 3579 411 3616 terrae
424 3580 478 3613 non
492 3564 598 3613 timebis
606 3563 620 3580 '¹
632 3564 667 3623 (v.
682 3576 719 3622 17,
733 3576 772 3621 20,
785 3565 841 3622 22):

104 3675 213 3779 {Qec
225 3695 266 3757 de
279 3690 529 3757 tentationibus
541 3710 548 3764 ;
568 3688 715 3751 “beatus
728 3688 832 3750 homo
848 3708 947 3770 quem
964 3688 1111 3768 castigat
1127 3687 1242 3750 Deus”

104 3774 294 3867 fignificat
313 3787 369 3869 qui
389 3795 562 3859 tentatur;
589 3784 649 3846 “in
668 3782 755 3864 same
775 3783 918 3845 redimet
938 3795 1008 3846 tea
1028 3783 1155 3846 morte''
1172 3784 1240 3863 sig-

104 3869 243 3945 ²ificar
262 3881 498 3944 liberationem
518 3898 537 3940 a
556 3878 654 3939 malis
673 3897 748 3939 cum
768 3887 922 3939 tentatur
943 3898 1002 3958 per
1020 3873 1186 3939 descitum
1206 3888 1241 3939 et

104 3965 204 4036 mon
220 3977 469 4058 perceptionem
490 3973 589 4047 boni;
615 3973 675 4034 “in
696 3971 787 4034 bello
806 3992 825 4034 a
845 3973 998 4033 manibus
1021 3971 1148 4052 gladii”
1172 3972 1241 4050 sig-

104 4061 244 4134 nificat
263 4070 498 4133 liberationem
517 4087 537 4128 a
555 4066 647 4128 salsis
666 4085 742 4127 curn
763 4075 916 4128 tentatur
939 4087 997 4147 per
1020 4064 1186 4128 desedlum
1207 4078 1242 4129 et

104 4159 208 4224 ¹‘on
234 4161 439 4227 intelledtum
470 4162 539 4223 veri
571 4160 767 4242 (“bellum”
797 4169 849 4222 est
884 4160 1069 4241 tentatio);
1106 4162 1241 4222 “vasti-

115 4250 295 4322 tatemer
318 4258 440 4321 samem
464 4254 610 4318 ridebis’'
634 4253 802 4335 significat
826 4254 916 4335 quod
941 4274 1008 4315 non
1035 4256 1064 4316 ei
1091 4251 1242 4316 descetus

124 4335 238 4427 bom
255 4360 312 4416 “et
327 4375 346 4415 a
361 4352 429 4416 iera
446 4362 558 4414 terrae
575 4369 641 4411 non
659 4348 810 4412 timebis''
827 4346 995 4429 significat
1015 4347 1105 4429 quod
1123 4349 1152 4410 ei
1173 4367 1242 4409 non

146 4435 263 4507 falsum.
304 4447 403 4529 Apud
423 4443 637 4518 Ezechielem,
