2684 4988
115 489 196 573 1136
422 497 675 551 neocmvrsrs
698 499 930 550 EXPLICATA.

111 675 255 755 primurn
275 673 407 735 dicetur
425 671 504 753 quid
525 691 584 753 per
603 669 763 732 Divinum
780 668 961 751 spirituale
983 668 1123 733 Domini
1140 665 1221 732 intel·

110 767 236 849 ligitur.
283 765 423 830 Caelum
443 765 664 846 distinguitur
686 764 721 826 in
743 764 811 827 duo
834 783 955 846 regna,
977 783 1119 846 quorum
1137 781 1215 826 unum

109 872 254 924 vocatur
280 880 422 942 regnum
451 859 612 935 caeleste,
641 867 678 923 et
705 859 1027 941 alterumregnum
1055 857 1209 940 spirituale,
1244 820 1250 965 l

112 955 227 1037 Ipsum
248 954 408 1018 Divinum
429 954 618 1036 procedens
637 975 657 1016 a
677 953 827 1017 Domino
846 953 928 1016 lacit
953 953 1097 1027 caelum,
1117 963 1146 1014 et
1164 952 1206 1014 Di·
1248 976 1250 981 ·

111 1052 226 1112 vinum
251 1051 439 1131 procedens
462 1071 483 1112 a
510 1049 659 1111 Domino
682 1058 735 1113 est
763 1047 926 1112 Divinum
950 1047 1083 1110 Bonum
1105 1048 1202 1109 unitum
1245 1082 1250 1171 ¹

113 1145 238 1208 Divino
257 1144 360 1207 Vero.
406 1141 536 1207 Omnes
554 1144 588 1206 in
607 1143 704 1206 caelo
722 1145 779 1224 qui
801 1144 970 1224 recipiunt
992 1142 1140 1204 Divinum
1155 1141 1201 1203 Bu·

113 1260 193 1304 num
217 1240 292 1322 plus
314 1258 416 1320 quam
441 1238 601 1300 Divinum
623 1238 762 1313 Verum,
782 1238 829 1300 illi
854 1237 1071 1301 constituunt
1092 1253 1198 1318 regnum

112 1334 263 1399 caeleste
294 1333 451 1408 Domini;
486 1351 606 1395 omnes
637 1341 753 1395 autem
786 1332 842 1414 qui
876 1333 1044 1413 recipiunt
1077 1330 1198 1393 Divinum

112 1428 241 1491 Verum
266 1425 341 1508 plus
368 1445 468 1508 quarn
494 1427 655 1489 Divinum
679 1425 822 1498 Bonum,
847 1424 896 1489 illi
920 1427 1127 1488 constituunt
1145 1441 1197 1502 reg·

111 1541 191 1584 num
211 1519 385 1602 spirituale
404 1520 559 1582 Domini:
584 1540 688 1602 quare
706 1519 865 1581 Divinum
884 1519 1023 1582 Domini
1042 1518 1124 1601 quod
1139 1515 1197 1580 rcci-

112 1617 201 1697 pitur
218 1615 261 1677 ab
273 1614 405 1696 angelis
422 1616 454 1676 in
470 1615 613 1678 caelesti
629 1634 737 1695 regno
754 1614 903 1687 Domini,
918 1625 1061 1678 vocatur
1076 1612 1196 1676 Divinum

112 1710 272 1783 caeleste,
298 1730 336 1772 ac
365 1709 525 1772 Divinum
559 1709 709 1794 Domini·
727 1709 818 1791 quod
845 1710 1008 1790 recipitur
1036 1709 1078 1772 ab
1101 1703 1197 1788 angelis

112 1805 146 1869 in
164 1823 271 1885 regno
291 1802 456 1885 spirituali
477 1803 625 1877 Domini,
643 1813 785 1866 vocatur
802 1803 964 1866 Divinum
981 1801 1158 1885 spirituale;
1173 1806 1196 1860 at
1245 1802 1250 1901 ¹

112 1898 286 1962 sciendum
303 1908 356 1960 est
375 1897 467 1978 quod
484 1896 644 1961 Divinum
663 1918 683 1960 a
700 1897 849 1960 Domino
866 1898 1057 1979 procedens
1074 1899 1119 1961 ita
1133 1896 1197 1959 dica·
1229 1902 1250 1983 'l

112 2002 167 2055 tur
193 2013 238 2054 ex
262 1993 469 2072 receptione,
493 2002 529 2054 et
557 2011 625 2055 non
653 1992 743 2073 quod
771 1993 839 2054 duo
864 1991 1001 2067 Divina,
1025 1992 1157 2055 caeleste
1174 1996 1197 2050 et
1246 2006 1250 2093 r¹

113 2086 299 2169 spirituale,
315 2086 523 2168 procedant;
547 2106 626 2149 nam
644 2085 803 2149 Divinum
821 2086 967 2162 Bonum,
981 2087 1071 2168 quod
1086 2102 1196 2164 arecep·
1246 2098 1250 2117 ¹

112 2183 207 2244 tione
226 2191 369 2242 vocatur
389 2180 547 2243 Divinum
567 2180 728 2255 caeleste,
745 2200 785 2243 ac
806 2180 969 2243 Divinum
989 2180 1121 2254 Verum,
1135 2172 1196 2260 quod

113 2296 134 2338 a
156 2276 352 2357 receptione
375 2286 517 2338 vocatur
541 2275 701 2339 Divinum
724 2276 911 2357 spirituale,
932 2278 982 2339 ita
1005 2277 1097 2339 unita
1111 2290 1196 2357 proce·

113 2368 200 2429 dunt
219 2376 256 2428 ut
276 2385 344 2428 non
360 2367 429 2428 sint
445 2366 513 2428 duo
529 2367 588 2429 sed
606 2386 720 2429 unum.
753 2383 856 2441 (Verum
867 2379 1196 2442 haecampliuserposiur'de

111 2463 182 2502 autur
190 2457 214 2500 in
222 2469 295 2513 opere
305 2457 342 2500 De
353 2456 422 2500 Caelo
429 2461 453 2500 et
461 2456 564 2515 lnscrrro,
573 2469 596 2502 n.
607 2459 689 2507 20-28.
699 2457 740 2501 ubl
751 2455 833 2501 adium
841 2463 877 2500 est
886 2456 925 2501 De
932 2457 1028 2502 duobus
1038 2457 1124 2515 Regnis,
1131 2456 1196 2510 inque

112 2532 159 2570 tres
167 2525 233 2570 Caeli
243 2524 346 2568 distincti
357 2532 424 2569 sunt:
441 2533 464 2567 et
476 2537 499 2568 n.
511 2537 546 2582 13·
558 2537 608 2582 133·
619 2536 669 2581 139,
678 2524 719 2569 ubl
731 2523 811 2568 actum
823 2533 858 2569 est
869 2525 901 2569 de
911 2525 1000 2569 Divino
1011 2517 1195 2584 procedentem!
1246 2510 1250 2543 ·'

111 2593 140 2637 sit
152 2593 266 2637 Divinum
278 2593 373 2636 Bonum
385 2593 478 2636 unitum
491 2591 579 2636 Divino
591 2591 662 2643 Vero,
675 2599 697 2636 et
708 2593 775 2649 quod
786 2593 836 2636 duo
851 2592 899 2636 sint
915 2594 991 2637 modo
1002 2594 1066 2651 apud
1076 2584 1195 2649 recipiens)
1246 2568 1250 2671 l

112 2659 214 2741 Quod
234 2660 401 2722 Dominus
421 2660 532 2742 quoad
553 2659 712 2722 Divinum
732 2660 919 2742 spirituale,
940 2671 976 2723 et
997 2662 1073 2724 inde
1090 2672 1194 2741 regnum
1245 2674 1250 2737 t

111 2755 285 2836 spirituale
309 2754 518 2836 significetur
541 2775 600 2836 per
624 2754 868 2835 “Josephum,”
892 2766 1033 2819 constat
1055 2755 1149 2818 adhuc
1165 2765 1194 2812 ex
1246 2744 1250 2843 j

112 2850 331 2931 sequentibus
355 2849 406 2911 his
429 2848 619 2911 locis:-ln
641 2845 877 2911 benedidtione
898 2847 1043 2912 filiorum
1062 2846 1194 2913 Israelisa
1246 2846 1250 2951 l

111 2954 219 3025 patre,
1246 2954 1250 3001 t

162 3076 270 3126 “Filius
285 3076 417 3125 fecundae
430 3076 573 3140 Josephus,
589 3075 659 3124 filius
673 3076 804 3125 fecundae
816 3075 894 3138 juxta
908 3077 1024 3135 iontem,
1039 3077 1112 3134 filiae,
1123 3067 1193 3124 incedit
1246 3064 1250 3125 l

241 3157 322 3204 super
332 3157 435 3190 murum
446 3157 451 3197 ;
464 3151 491 3190 et
499 3143 696 3190 exacerbabunt
706 3142 790 3198 illum,
800 3153 826 3190 et
833 3142 1035 3203 jaculabantur,
1046 3153 1071 3192 et
1080 3142 1133 3191 odio
1138 3136 1193 3187 heht·

241 3211 308 3256 bunt
321 3208 395 3257 illum
409 3208 541 3268 sagittarii
552 3223 558 3264 ;
576 3218 603 3256 et
616 3208 720 3255 sedebit
733 3209 758 3254 in
770 3207 861 3255 valido
874 3222 954 3257 arcus
967 3211 1018 3263 sui.
1031 3219 1057 3258 et
1069 3205 1194 3257 robonbffl·

241 3285 285 3322 tur
298 3274 409 3322 brachia
425 3288 553 3321 manuum
569 3272 638 3321 illius
653 3287 669 3320 a
684 3273 809 3321 manibus
825 3274 946 3334 potentis
960 3274 1072 3338 Jacobi;
1089 3273 1139 3322 inde
1150 3267 1194 3337 ch-

240 3350 284 3388 tor
297 3339 378 3401 Lapis
393 3338 500 3387 Israelis
512 3353 529 3386 a
542 3338 600 3387 Deo
613 3339 697 3400 patris
710 3339 756 3395 tui,
772 3348 799 3387 et
810 3339 916 3400 juvabit
928 3349 965 3398 te,
975 3351 1004 3389 et
1015 3354 1075 3388 curn
1086 3332 1192 3388 Schtddtl.

241 3416 267 3454 et
286 3405 426 3453 benedicet
444 3404 491 3452 tibi
510 3401 745 3453 benedictionibus
763 3404 829 3452 caeli
850 3405 977 3468 desuper,
997 3399 1193 3466 benedictionibus

241 3471 331 3532 abyssi
344 3470 458 3532 jacentis
473 3470 551 3527 inira,
567 3467 802 3519 benedidtionibus
816 3471 929 3518 uberum
944 3480 972 3519 et
986 3473 1069 3520 uteri:
1087 3457 1193 3518 benediclt

240 3551 307 3584 ones
316 3536 400 3598 patris
410 3535 448 3584 tui
459 3535 652 3597 praevalebunt
660 3550 742 3596 super
750 3533 990 3586 benediciiouibus
997 3538 1136 3598 genitorum
1144 3537 1194 3577 meo·

241 3617 308 3657 rum,
320 3616 404 3664 usque
416 3601 450 3648 ad
463 3601 626 3649 desiderium
637 3600 745 3649 collium
756 3600 856 3649 saeculi
868 3615 874 3657 ;
892 3612 973 3650 erunt
985 3602 1065 3665 capiti
1074 3594 1193 3666 Joseptirtl

241 3667 334 3715 vertici
349 3666 473 3715 Naziraei
485 3667 597 3716 fratrum
613 3665 686 3715 illius
696 3665 710 3684 ”
722 3663 796 3727 (Gerr.
808 3665 873 3716 xlirt
889 3668 998 3728 22-26):

111 3789 225 3852 “lilius
244 3789 408 3852 secundae
425 3786 619 3870 Josephus'’
639 3787 807 3869 significat
830 3808 975 3869 regnum
999 3784 1152 3872 spirituale
1168 3780 1192 3879 ei

109 3884 288 3949 ecclesiam
306 3882 516 3965 spiritualem
535 3882 683 3956 Domini,
702 3902 741 3945 ac
761 3883 794 3944 in
814 3902 974 3963 supremo
994 3904 1091 3946 sensu
1108 3880 1192 3943 Doffll·

110 4000 189 4042 num
220 3979 332 4061 quoad
365 3978 525 4040 Divinum
554 3976 750 4059 spirituale;
792 3976 907 4039 “filius
937 3976 1100 4041 secundae
1122 3979 1192 4049 supra

110 4073 269 4146 sontem,'’
289 4071 458 4154 significat
482 4069 774 4135 fructificationem
798 4094 819 4135 a
840 4074 928 4134 veris
948 4094 1035 4154 quae
1054 4094 1095 4136 ex
1109 4059 1191 4130 Verb⁰

111 4168 243 4252 (“filius
272 4167 459 4231 secundae”
483 4177 536 4230 est
564 4164 776 4230 fruetificatio
804 4168 945 4242 everis,
971 4179 1008 4231 et
1029 4161 1140 4232 “sons’'
1155 4156 1190 4218 est

109 4264 297 4346 Verbum):
332 4262 458 4336 “filiae,
477 4263 603 4326 incedit
624 4283 723 4344 super
743 4262 868 4338 muro,”
885 4263 1056 4344 significat
1074 4261 1112 4326 ad
1129 4265 1188 4340 pul·

109 4361 259 4423 nandum
276 4380 321 4423 ex
338 4361 425 4421 veris
442 4380 528 4441 quae
544 4380 589 4422 ex
609 4359 700 4421 bono
717 4368 838 4421 contra
853 4358 938 4421 salsa
955 4380 1042 4442 quae
1057 4380 1098 4423 err
1111 4347 1189 4418 mal⁰i

110 4454 276 4518 “murus'’
293 4464 346 4518 est
366 4473 481 4517 verum
502 4463 639 4517 tutans:
666 4458 730 4516 “et
750 4454 1008 4519 exacerbabunt
1026 4444 1189 4522 illun'sis·
