2684 4988
425 489 731 552 cnr.v111.‚vn1ts.
753 489 881 558 13.-u.
899 491 970 561 53²·
1174 486 1250 555 132¹

120 660 215 724 inde
224 662 312 724 veris
322 671 399 724 sunt
413 682 420 736 ;
438 682 496 743 per
508 667 527 694 “
537 680 660 724 nomen
672 659 810 724 Domini
817 660 833 685 ”
843 679 906 724 nec
917 658 1120 741 intelligitur
1130 675 1255 721 nomen

126 754 258 838 Ipsius,
278 755 338 819 sed
361 775 461 818 omne
484 757 611 819 bonum
633 757 759 819 amoris
781 765 817 819 et
836 773 954 819 verum
976 752 1066 826 fidei.
1087 773 1145 835 per
1168 771 1256 834 quae

126 847 259 910 colitur
282 860 719 927 (vitatusupra.n.102‚135).
763 845 821 908 Ex
849 846 902 908 his
924 845 1031 907 etiam
1054 850 1151 926 patet
1174 842 1254 925 quid

130 937 346 1020 significatur
364 959 423 1021 per
442 939 580 1001 Domini
600 939 703 1002 verba
722 938 811 1021 apud
830 937 966 1011 Lucam,

187 1073 297 1124 “Errant
306 1088 339 1122 ex
347 1087 417 1122 nunc
426 1073 542 1150 quinque
552 1073 631 1122 divisi
641 1073 669 1122 in
678 1072 761 1123 domo
770 1086 834 1129 una,
844 1081 898 1120 tren
907 1080 1003 1120 contra
1012 1070 1080 1119 duos
1090 1078 1117 1119 et
1128 1068 1183 1119 duo
1192 1083 1256 1119 eou-

234 1161 240 1171 ·
266 1137 532 1200 tratres”(xri.52):
1241 1210 1244 1215 ‚

137 1281 196 1341 per
211 1260 295 1322 haec
315 1259 517 1341 intelligitur
536 1259 625 1342 quod
646 1268 724 1341 post
744 1258 932 1322 adventum
950 1257 1100 1330 Domini,
1117 1256 1254 1339 quando

138 1354 214 1435 Ipse
238 1364 339 1417 notus
360 1351 467 1417 ladius
490 1364 555 1428 est,
575 1373 614 1416 ac
639 1353 800 1417 interiora
819 1350 926 1415 Verbi
949 1353 993 1416 ab
1016 1352 1096 1434 Ipso
1119 1360 1154 1414 et
1177 1370 1254 1414 cum

139 1448 216 1530 Ipso
233 1449 384 1511 revelata
399 1458 489 1522 sunt,
507 1452 540 1511 in
557 1447 701 1511 ecclesia
718 1458 790 1511 tam
809 1449 843 1510 in
859 1449 1030 1510 communi
1047 1467 1148 1528 quam
1164 1445 1254 1527 apud

137 1536 307 1605 hominem
326 1543 490 1606 ecclesiae
510 1545 542 1604 in
563 1542 757 1624 particulari
776 1541 952 1604 dissidium
972 1541 1119 1604 futurum
1138 1537 1183 1602 sit
1202 1540 1253 1602 in·

137 1645 188 1698 ter
204 1637 330 1698 bonum
347 1646 382 1699 et
398 1657 527 1709 verum,
544 1656 583 1699 ac
604 1638 693 1699 inter
708 1653 825 1699 verum
841 1645 877 1698 et
896 1636 1043 1711 bonum;
1067 1635 1132 1697 hoc
1150 1632 1253 1697 intel·

138 1728 251 1811 ligitur
274 1751 333 1811 per
355 1732 445 1813 quod
471 1733 532 1793 “in
561 1732 664 1793 domo
691 1750 757 1792 una
784 1730 882 1791 divisi
910 1739 1007 1792 erunt
1036 1738 1106 1791 tres
1132 1737 1254 1792 contra

137 1825 219 1887 duos
235 1835 270 1888 et
287 1826 354 1887 duo
370 1836 489 1888 contra
506 1836 576 1888 tres
589 1824 616 1886 τ’·
639 1845 699 1907 per
714 1824 882 1887 “domum
891 1823 906 1846 ‘’
922 1822 1126 1904 intelligitur
1142 1822 1253 1886 eccle·

137 1920 183 1981 sia
202 1921 235 1981 in
253 1921 432 1992 communi,
450 1930 485 1982 et
505 1920 593 2001 apud
612 1919 786 1981 hominem
802 1917 968 1981 ecclesiae
987 1919 1020 1979 in
1038 1916 1252 1998 particulari;

137 2033 193 2092 per
214 2019 312 2075 “tres
322 2014 336 2036 ”
355 2012 588 2095 significantur
611 2034 700 2086 vera,
721 2024 757 2076 et
781 2033 840 2094 per
865 2012 979 2074 “duos
988 2011 1003 2035 ”
1021 2011 1131 2087 bona;
1162 2011 1252 2093 quod

137 2105 268 2169 dicatur
286 2109 376 2188 quod
398 2109 572 2190 “quinque
596 2108 692 2170 divisi
716 2107 838 2170 erunt”
857 2104 1025 2187 significat
1049 2105 1139 2187 quod
1163 2105 1253 2187 apud

136 2198 210 2261 illos
230 2202 284 2282 qui
303 2200 527 2265 reformantur
543 2201 612 2265 tale
629 2202 804 2264 dissidium
822 2203 896 2264 erit.
944 2197 1058 2281 Quare
1073 2201 1178 2262 etiarn
1198 2219 1252 2262 se-

138 2294 258 2374 quitur.

185 2424 353 2475 “Dividetur
369 2437 444 2489 pater
461 2437 556 2477 contra
574 2427 667 2484 lilium,
684 2437 711 2476 et
728 2427 799 2476 lilius
817 2439 911 2477 contra
926 2436 1038 2490 patrem,
1055 2435 1142 2475 mater
1159 2435 1253 2476 contra

264 2490 346 2540 filiam
359 2503 387 2542 et
399 2492 453 2541 filia
465 2503 559 2542 contra
572 2502 685 2541 matrem
693 2492 707 2512 ''
720 2492 799 2553 (vers.
813 2504 843 2553 53
856 2493 918 2554 ibit:

136 2636 193 2696 per
228 2615 413 2697 “patrem'’
449 2618 538 2679 enirn
576 2616 785 2697 significatur
820 2618 945 2680 bonum
983 2616 1159 2691 ecclesiae,
1193 2638 1253 2699 per

137 2708 267 2771 “tilium
277 2710 291 2733 '¹
311 2730 426 2773 verum
446 2711 622 2785 ecclesiae,
641 2733 700 2794 per
720 2718 895 2774 “matrem
904 2711 920 2735 ”
938 2732 1055 2774 verum
1074 2711 1251 2785 ecclesiae,

136 2814 168 2866 et
185 2825 244 2885 per
262 2803 417 2866 “liliam'’
433 2806 559 2867 bonum
575 2806 655 2886 ejus.
702 2804 787 2887 Quis
807 2826 874 2869 non
891 2807 1006 2869 videre
1025 2816 1140 2888 potest
1160 2808 1251 2888 quod

136 2901 261 2961 numeri
285 2901 441 2981 quinque,
462 2899 540 2974 duo,
561 2910 596 2962 et
621 2910 701 2974 tres,
722 2921 790 2963 non
815 2899 895 2965 dieti
918 2901 1039 2964 suerint
1064 2901 1126 2962 nisi
1146 2902 1250 2983 signi·

135 2991 348 3056 ficavissent?
391 2993 577 3076 “Quinque
586 2994 601 3018 ''
620 2995 653 3056 in
673 2994 791 3057 Verbo
809 2994 1002 3077 significant
1024 3015 1143 3057 omnes
1162 2995 1249 3069 illos,

134 3088 268 3168 quando
289 3090 383 3151 “duo
392 3088 407 3110 ”
430 3098 465 3151 et
491 3095 592 3151 “tres
602 3089 617 3112 ”
635 3099 841 3170 sequuntur;
871 3100 907 3152 at
929 3091 1102 3172 “quinque
1112 3087 1127 3113 '⁹
1146 3089 1250 3170 signi·

135 3180 235 3244 ficant
259 3182 389 3264 aliquos
413 3192 447 3245 et
476 3204 613 3264 paucos.
638 3185 776 3266 quando
800 3184 971 3247 “decem''
993 3194 1052 3247 aut
1078 3183 1251 3265 “viginti”

135 3278 339 3355 praecedunt
360 3287 417 3339 aut
442 3288 638 3359 sequuntur.
684 3277 812 3341 Similia
836 3278 1074 3360 intelliguntur
1096 3279 1129 3340 in
1153 3298 1250 3360 prae·

135 3380 236 3451 cepto
257 3371 421 3452 Decalogi
442 3392 500 3453 per

184 3502 327 3551 “Tertiam
338 3514 365 3552 et
377 3514 498 3566 quartam
509 3505 742 3566 generationem,''
751 3521 799 3555 seu
811 3520 858 3569 per
869 3505 958 3555 “filios
968 3507 1099 3555 tertianos
1108 3515 1135 3555 et
1162 3515 1250 3556 uerta-

262 3568 340 3624 nos.’'
355 3584 436 3630 super
452 3585 521 3632 quos
542 3570 615 3619 Deus
630 3572 787 3620 visitaturus
805 3571 974 3635 iniquitatem
993 3581 1134 3635 parentum
1145 3522 1248 3633 ίἶὶῖποιί.

261 3649 305 3683 xx.
317 3646 329 3693 5
341 3648 347 3691 ;
364 3636 447 3684 Num.
458 3636 512 3685 xiv.
526 3637 571 3695 183
588 3636 683 3686 Deutr.
695 3651 720 3686 v.
732 3652 756 3699 q,
769 3636 824 3697 10):

133 3777 190 3837 per
228 3758 396 3819 “tertiam
433 3768 467 3821 et
504 3770 661 3839 quartam
699 3759 981 3840 generationem'’
1017 3759 1249 3842 significantur

132 3870 249 3914 omnes
269 3853 323 3933 qui
343 3853 375 3913 in
396 3852 486 3914 salsis
510 3874 553 3915 ex
575 3852 666 3916 malo
685 3863 784 3929 sunt;
813 3875 871 3936 per
893 3855 1058 3917 “tertiam
1077 3854 1248 3935 generati·

132 3966 231 4008 onem
241 3946 256 3969 '⁹
272 3947 327 4028 qui
347 3947 379 4006 in
399 3946 490 4009 falsis
510 3947 589 4009 mali
609 3956 699 4020 sunt,
717 3957 752 4010 et
772 3968 832 4030 per
850 3954 1033 4030 “quartam
1053 3948 1247 4029 generatio·

132 4040 232 4103 nem”
257 4042 312 4122 qui
340 4041 372 4101 in
401 4041 498 4103 malis
527 4041 600 4103 salsi
629 4050 728 4103 sunt:
763 4043 856 4103 “tria
867 4041 882 4065 ”
909 4041 998 4103 enirn
1028 4043 1060 4103 in
1088 4042 1248 4123 opposito

132 4155 230 4197 sensu
247 4133 439 4214 significant
457 4134 550 4209 salsa,
565 4145 600 4198 et
616 4141 789 4218 “quatuor
797 4135 813 4159 '’
826 4134 924 4198 mala.
971 4133 1055 4215 Quis
1072 4154 1140 4197 non
1152 4134 1246 4198 videt

131 4230 219 4311 quod
243 4239 363 4291 contra
379 4229 546 4309 justitiam
571 4230 729 4292 Divinam
753 4229 850 4304 foret,
870 4230 1008 4292 visitare
1030 4229 1245 4311 iniquitatem

131 4333 308 4404 parentum
328 4343 428 4404 super
448 4322 534 4386 filios
557 4345 662 4405 usque
684 4323 727 4386 ad
752 4325 889 4387 tertiam
908 4332 943 4385 et
963 4333 1120 4404 quartam
1138 4341 1243 4404 gene·

130 4419 318 4481 rationem?
365 4418 476 4482 Docet
495 4420 584 4481 enirn
605 4419 772 4481 Dominus
