2684 4988
112 446 175 531 938
424 461 673 514 anocacvasrs
696 464 920 514 exactem.

109 626 281 713 '‘⁸'l'yrus’'
299 634 515 714 cognitiones
538 654 582 696 ex
607 633 735 707 Verbo,
756 635 809 697 hic
832 634 890 696 illa
910 643 1046 697 vastata
1067 630 1191 717 persalse

111 735 147 789 et
160 726 250 788 mala
263 729 382 809 quibus
395 728 567 809 applicata
583 749 590 805 ;
610 726 669 791 ¹¹¹et
680 730 757 811 quia
771 728 958 790 lamentum
971 739 1024 791 est
1038 738 1190 811 propterea,

111 819 190 883 ideo
207 822 329 884 dicitur
350 823 496 884 “dolore
515 824 737 904 corripientur
748 823 774 884 :’'
797 824 887 904 quod
907 825 955 885 sic
976 825 1103 904 perierit
1120 842 1190 886 onne

111 914 237 978 bonum
256 917 289 978 in
310 917 453 979 naturali
473 928 508 979 et
528 937 643 979 verum
662 917 716 991 ibi,
737 918 947 999 significatur
966 938 1025 999 per
1042 918 1190 980 “Transite

111 1010 145 1072 itt
157 1009 397 1085 Tharschisch,
410 1011 534 1092 ejulate
546 1011 757 1075 habitatores
766 1011 895 1074 insulae
908 1011 935 1089 ;”
946 1019 966 1044 ‘⁶
976 1011 1190 1076 Tharschisch’'

65 1115 74 1135 ·
112 1104 279 1187 significat
300 1106 389 1167 bona
409 1117 443 1168 et
463 1126 543 1168 vera
563 1108 723 1169 interiora
746 1108 779 1168 in
803 1106 960 1180 naturali,
987 1108 1190 1169 “habitatores

112 1196 243 1259 insulae
251 1197 267 1219 ”
279 1197 370 1259 bona
386 1209 421 1259 et
437 1219 517 1259 vera
533 1199 707 1261 exteriora
722 1199 767 1261 ibi
784 1216 822 1274 (ut
832 1229 929 1273 quoque
940 1216 1034 1274 supra),
1050 1195 1189 1279 “ejulare”

112 1288 281 1370 significat
301 1289 454 1352 dolorem
474 1290 518 1352 ob
537 1293 777 1353 vastationem.

98 1376 102 1382 ’
173 1376 242 1462 [ὦ]
277 1381 381 1461 Apud
400 1381 601 1456 Jeremiam,

163 1523 288 1586 “Accepi
303 1524 412 1573 calicem
424 1540 440 1572 e
453 1538 534 1573 manu
546 1523 674 1588 Jehovae,
689 1534 717 1573 et
728 1523 821 1572 bibere
833 1522 885 1572 leci
898 1539 994 1572 omnes
1006 1533 1097 1587 gentes
1107 1523 1135 1570 ad
1144 1534 1189 1596 quaa

242 1604 284 1638 me
298 1590 371 1638 misit
383 1590 505 1653 Jehovah
515 1605 533 1645 ;.
543 1627 550 1639 .
560 1628 566 1640 .
576 1604 683 1639 ‚omnes
696 1604 774 1650 reges
786 1589 851 1653 Tyri
866 1600 893 1638 et
905 1604 1001 1639 omnes
1014 1604 1088 1651 reges
1098 1588 1187 1642 Zidonr,

242 1665 269 1704 et
281 1670 358 1716 reges
372 1655 477 1704 insulae
489 1669 558 1718 quae
571 1656 598 1702 in
612 1655 725 1703 transitu
737 1654 820 1702 maris
828 1653 842 1672 ”
854 1655 925 1716 (xxv.
940 1655 992 1718 1⁷l.
1005 1659 1074 1719 ²²ll²

111 1797 329 1850 recensentur
346 1787 390 1848 ibi
408 1785 519 1868 plures
535 1798 657 1867 gentes
673 1807 759 1868 quae
772 1785 825 1848 hic
843 1806 910 1848 non
927 1784 1006 1850 inde
1019 1785 1186 1852 adferuntur,

112 1901 171 1963 per
197 1901 280 1962 quas
308 1900 426 1943 omnes
454 1880 686 1962 significantur
714 1880 803 1941 bona
832 1891 866 1942 et
896 1901 976 1942 vera
1003 1880 1147 1942 ecclesiae
1165 1877 1209 1964 in¹

98 1994 236 2056 genere
253 1986 287 2036 et
308 1977 340 2036 in
358 1976 469 2056 specie
485 1996 571 2057 quae
589 1985 726 2037 vastata
742 1985 841 2050 sunt;
865 1984 900 2036 et
920 1995 978 2056 per
1000 1980 1117 2054 “reges
1132 1969 1187 2050 Tyn'

112 2079 146 2132 et
160 2068 297 2131 Zidonis
308 2068 322 2089 ”
334 2068 567 2150 significantur
580 2070 795 2150 cognitiones
809 2070 878 2130 veri
891 2079 926 2130 et
944 2069 1023 2130 boni
1036 2089 1054 2130 e
1067 2064 1188 2128 Verboiu

111 2162 256 2225 naturali
268 2163 415 2234 homine,
430 2183 508 2225 nam
517 2183 636 2226 omnes
646 2162 861 2243 cognitiones
873 2164 942 2224 veri
955 2172 989 2224 et
1004 2163 1089 2233 boni,
1099 2167 1187 2241 quate·

112 2276 174 2318 nus
190 2257 416 2336 cognitiones,
437 2269 514 2319 sunt
532 2257 721 2318 innaturali
738 2255 886 2329 homine,
899 2276 984 2337 quae
1001 2255 1187 2317 huntveraet

112 2350 201 2413 bona
213 2369 289 2413 cum
305 2352 427 2412 vivitur
441 2351 625 2413 secundum
642 2349 728 2424 illas,
740 2350 817 2431 quia
829 2371 888 2431 per
901 2352 1007 2411 vitam
1024 2349 1188 2428 recipiuntur

111 2445 145 2507 in
168 2443 331 2527 spirituali
356 2443 492 2507 homine
505 2466 512 2522 ;
537 2464 596 2526 per
617 2449 742 2524 “reges
767 2443 896 2505 insulae
919 2464 1006 2525 quae
1029 2444 1060 2505 in
1079 2436 1187 2503 transitu

111 2541 212 2601 maris
223 2539 237 2560 ”
261 2536 494 2617 significantur
522 2539 736 2619 cognitiones
759 2539 829 2599 veri
854 2538 888 2599 in
916 2538 1037 2599 ultimo
1061 2528 1187 2597 naturalis

111 2632 267 2707 hominis,
287 2631 377 2713 quod
395 2643 537 2694 vocatur
553 2632 706 2695 naturale
726 2631 892 2704 sensuale,
910 2634 987 2713 quia
1011 2652 1068 2714 per
1085 2631 1136 2691 hoc
1150 2631 1187 2684 est

4 2740 9 2750 ’
111 2729 274 2790 transitus
294 2728 326 2787 in
343 2727 502 2790 interiora
519 2726 682 2789 naturalis
698 2726 864 2802 hominis;
890 2733 909 2756 ‘⁶
921 2746 1013 2789 mare
1021 2726 1035 2749 ’¹
1054 2717 1186 2804 significat

112 2818 303 2881 naturalem
327 2819 500 2880 hominem
528 2820 562 2880 in
584 2818 756 2880 communi
779 2834 898 2891 (videatur
913 2847 995 2890 supra,
1009 2847 1031 2878 n.
1047 2831 1109 2895 275.
1122 2821 1186 2890 34212

111 2913 261 2975 vastatio
273 2912 405 2974 illorum
419 2909 620 2990 intelligitur
633 2931 692 2991 per
707 2908 876 2971 “calicem
887 2908 1040 2989 Jehovae
1058 2925 1140 2990 quem
1152 2900 1186 2963 bi·

111 3006 189 3070 bere
206 3007 283 3069 fecit
303 3004 454 3087 gentes.”
499 3003 601 3085 Apud
622 3004 777 3076 eundem,

162 3154 179 3175 ‘¹
188 3151 301 3213 Propter
315 3151 385 3198 diem
399 3150 551 3197 venientem
564 3149 597 3196 ad
610 3148 770 3196 vastandum
783 3162 879 3196 omnes
899 3147 1086 3204 philisthaeos,
1097 3145 1126 3194 ad
1138 3135 1186 3188 erci-

240 3217 357 3264 dendum
368 3216 442 3277 Tyro
455 3227 481 3263 et
494 3211 615 3263 luzrdoni
627 3229 736 3262 omnem
749 3215 884 3261 residuum
898 3215 1080 3271 auxiliantem,
1090 3210 1187 3273 quiam·

241 3291 301 3330 tans
314 3281 435 3344 Jehovah
452 3280 641 3336 Philisthaeos‚
656 3279 782 3342 reliquias
795 3279 900 3327 insulae
915 3277 1074 3340 Caphthor”
1084 3267 1185 3338 (xlviith

110 3435 169 3497 per
183 3421 202 3446 ‘⁴
213 3411 463 3476 Philisthaeos''
478 3412 715 3492 intelliguntur
731 3412 786 3492 qui
802 3412 836 3472 in
852 3412 925 3471 sola
943 3409 1019 3482 fide,
1037 3431 1090 3472 seu
1104 3409 1130 3468 in
1141 3395 1186 3461 fide

110 3518 268 3591 separata
278 3529 297 3569 a
307 3508 475 3569 charitate
487 3528 494 3583 ;
511 3526 614 3588 quare
623 3507 726 3567 etiam
739 3513 758 3535 “
768 3506 973 3585 praeputiati
982 3504 996 3526 ''
1006 3502 1185 3566 vocabantur.

110 3621 171 3683 per
187 3601 279 3682 quod
302 3599 512 3680 significatur
530 3598 621 3680 quod
644 3617 712 3659 non
735 3597 802 3659 illis
823 3598 974 3658 charitas
993 3609 1186 3679 (hominumn

109 3720 178 3765 3412,
192 3719 259 3764 3413·
275 3709 342 3762 ⁸093.
357 3707 446 3762 8319:
471 3709 529 3769 per
550 3686 653 3768 “[ad]
676 3685 906 3748 excidendum
929 3686 1025 3765 Tyro
1046 3695 1078 3747 et
1099 3677 1187 3744 Zidossl

109 3803 246 3846 omnem
270 3784 437 3844 residuum
460 3780 682 3841 auxiliantem
692 3779 706 3801 ''
726 3777 935 3859 significatur
954 3779 1045 3859 quod
1067 3776 1186 3837 illis11⁰n

109 3879 222 3961 aliqua
233 3878 386 3957 cognitio
399 3876 468 3938 veri
484 3886 519 3937 et
536 3875 614 3936 boni
627 3895 634 3950 ;
656 3880 675 3905 “
687 3874 839 3936 residuus
851 3873 1020 3935 auxilians
1030 3873 1045 3895 ''
1057 3860 1186 3962 significtt

109 3992 177 4035 non
194 3972 405 4034 concordans
419 3969 580 4050 amplius:
605 3967 713 4030 simile
729 3968 818 4048 quod
839 3987 897 4048 per
915 3969 1109 4030 “residuum
1119 3970 1187 4024 auxt-

109 4065 274 4128 liantem''
298 4066 401 4127 etiarn
421 4085 479 4145 per
500 4061 684 4144 “reliquias
711 4062 840 4123 insulae
869 4060 1074 4142 Caphth0r”
1094 4041 1188 4136 sigilii·

110 4169 216 4222 catur.
262 4158 364 4239 Apud
384 4159 541 4231 eundem,

160 4293 310 4343 '‘Transite
325 4293 351 4340 in
367 4292 469 4340 insulas
488 4291 676 4339 Kitthaeorum
689 4300 717 4339 et
728 4288 825 4345 videte.
840 4289 867 4337 in
881 4288 1012 4337 Arabiam
1026 4288 1117 4337 mittite
1129 4288 1150 4328 et
1162 4276 1194 4341 ‘F'

238 4359 339 4407 tendite
352 4360 443 4419 probe,
458 4367 484 4404 et
496 4358 584 4405 videte
597 4371 662 4405 num
674 4354 775 4404 tactum
787 4355 823 4403 sit
834 4356 903 4403 sicut
920 4356 981 4413 hoc,
997 4369 1060 4404 num
1075 4338 1192 4401 mutavenl

239 4438 306 4485 gens
318 4423 406 4472 deos”
421 4422 458 4483 tii.
473 4435 510 4479 10,
525 4427 579 4482 11):
