2684 4988
234 513 330 564 can.
348 512 411 576 vr,
428 512 530 563 vans.
552 513 678 562 11.-u.
696 498 821 583 395[a].
1034 501 1098 582 849

104 692 152 744 mt
166 704 176 757 3
199 682 238 744 in
254 682 358 745 malo
371 683 460 745 enim
473 701 587 744 eorum
600 692 652 744 est
666 682 850 754 inimicitia,
865 681 968 744 immo
982 682 1095 744 odium

104 775 319 851 Dominum,
347 786 382 839 et
407 796 538 858 quoque
560 785 682 838 contra
705 775 781 837 illos
804 777 859 857 qui
883 775 1051 838 ducuntur
1076 796 1097 839 a

108 920 115 941 ,
130 872 193 952 qui
211 881 300 933 sunt
318 871 376 952 qui
393 871 425 932 in
443 869 619 933 charitatis
635 871 706 932 vita
722 880 800 932 sunt
815 892 822 945 ;
846 870 905 932 sed
922 871 1095 933 Inimicitia

106 965 206 1026 dium
224 964 316 1026 illud
335 964 422 1026 latet
439 964 471 1025 in
485 965 603 1045 spiritu
615 984 742 1037 eorum,
758 974 964 1045 quapropter
981 965 1014 1026 in
1031 964 1096 1026 illis

104 1060 199 1120 ando
223 1058 314 1121 fiunt
335 1059 490 1139 spiritus;
515 1058 627 1139 prodit
647 1068 728 1120 tunc
748 1059 938 1139 antipathia
961 1057 1019 1120 illa
1038 1079 1097 1120 seu

104 1154 135 1214 io
148 1153 259 1215 insita
270 1152 374 1214 malo.
410 1150 484 1214 Sint
498 1172 558 1233 pro
569 1152 730 1232 exemplo
743 1151 790 1214 illi
804 1153 892 1233 apud
904 1174 988 1234 quos
1002 1172 1098 1216 amor

104 1247 132 1307 di
156 1246 443 1328 praedominatus
462 1255 535 1308 est:
560 1245 693 1307 illorum
711 1245 896 1325 jucundum
916 1257 968 1309 est
988 1247 1096 1309 domi·

104 1361 158 1422 per
174 1340 275 1412 alios,
290 1350 326 1402 et
344 1341 371 1401 si
388 1349 541 1421 possunt,
555 1360 655 1421 super
671 1361 809 1416 omnes;
834 1342 898 1403 hoc
913 1341 1097 1421 jucundum

104 1434 145 1495 lis
165 1444 246 1516 post
268 1444 426 1507 mortem,
447 1453 508 1497 nec
530 1444 646 1516 potest
667 1434 795 1507 auferri,
817 1436 975 1517 quoniam
996 1456 1097 1499 omne

104 1548 154 1590 um
178 1539 234 1591 est
259 1529 395 1602 amoris,
420 1539 454 1591 et
478 1549 573 1590 amor
599 1529 860 1609 praedominans
887 1529 967 1592 facit
991 1532 1097 1593 vitam

104 1643 129 1695 s,
143 1633 180 1684 et
196 1623 283 1684 haec
298 1623 369 1684 vita
383 1631 498 1684 manet
514 1623 547 1684 in
561 1633 747 1685 aeternum.
794 1621 850 1697 Hi,
864 1625 1000 1706 quando
1014 1623 1097 1687 fiunt

104 1737 123 1789 ε,
135 1736 213 1779 cum
227 1737 272 1779 ex
283 1716 432 1797 jucundo
444 1716 568 1778 amoris
582 1717 631 1777 sui
644 1712 804 1780 affectant
815 1718 975 1780 continue
988 1719 1096 1780 domi·

104 1831 182 1892 uper
195 1810 291 1882 alios,
306 1811 393 1872 sicut
410 1810 443 1871 in
457 1810 594 1882 mundo,
610 1820 644 1872 et
659 1830 725 1872 non
743 1821 895 1892 possunt,
911 1813 1099 1875 irascuntur

104 1926 147 1981 o;
171 1914 207 1966 et
227 1906 305 1986 quia
325 1903 440 1985 Ipsum
460 1924 528 1966 non
548 1914 691 1984 possunt
709 1904 835 1966 damno
854 1904 997 1980 afficere,
1016 1908 1098 1969 iras·

108 1998 236 2081 illisqui
248 1999 432 2060 Dominum
444 1996 645 2079 profitentur
657 2019 664 2073 3
678 1997 861 2078 jucundum
874 2000 962 2061 enim
974 2003 1098 2063 amoris

112 2104 164 2156 est
180 2095 378 2174 oppositum
392 2092 541 2173 jucundo
557 2093 681 2154 amoris
698 2092 874 2155 caelestis:
900 2094 965 2156 hoc
979 2093 1097 2175 jucun·

104 2197 132 2249 st
152 2196 188 2248 ut
210 2187 378 2248 Dominus
397 2195 529 2266 regnet,
550 2184 631 2247 illud
651 2195 765 2248 autem
785 2185 968 2267 jucundum
989 2199 1041 2250 est
1062 2199 1098 2251 ut

104 2290 224 2363 gnent3
248 2300 335 2362 quae
353 2300 454 2342 causa
470 2290 523 2342 est
539 2280 630 2361 quod
647 2279 721 2342 huic
736 2280 884 2360 jucundo
901 2283 1037 2344 insitum
1055 2284 1098 2346 sit

104 2386 224 2438 contra
239 2374 434 2448 Dominum,
446 2385 481 2436 et
494 2385 615 2436 contra
628 2393 746 2435 omnes
757 2375 813 2454 qui
825 2374 868 2436 ab
880 2375 958 2456 Ipso
969 2377 1097 2439 ducun-

104 2469 123 2530 ri
148 2478 229 2531 sunt
253 2469 309 2550 qui
336 2469 370 2529 in
393 2467 570 2530 charitatis
593 2469 664 2530 vita
690 2479 779 2530 sunt.
836 2468 891 2530 Ex
919 2469 970 2531 his
994 2471 1097 2533 videri

114 2583 227 2636 causa,
249 2583 307 2624 cur
326 2562 373 2624 illi
393 2563 448 2644 qui
471 2561 612 2642 professi
632 2571 710 2623 sunt
732 2560 914 2624 Dominum
934 2574 969 2625 et
989 2563 1097 2626 chari-

104 2658 182 2719 itam
200 2666 358 2737 egerunt,
376 2677 395 2718 a
415 2656 562 2718 Domino
579 2656 731 2736 exempti
748 2656 816 2717 sint
834 2656 951 2718 talium
968 2657 1097 2720 violen-

104 2771 118 2813 c
137 2752 308 2814 reconditi
331 2751 365 2812 in
389 2762 478 2813 terra
500 2750 664 2821 inferiore,
686 2760 720 2812 et
744 2750 788 2812 ibi
811 2753 972 2814 reservati
995 2773 1098 2835 usque

104 2847 212 2908 cium:
235 2856 314 2927 post
324 2845 484 2926 judicium
495 2855 609 2908 autem
623 2845 670 2906 illi
681 2846 735 2926 qui
749 2844 989 2908 habitaverunt
1000 2867 1099 2927 supra

107 2988 115 3013 ,
135 2959 238 3021 super
258 2940 441 3012 montibus,
462 2938 605 3001 collibus
624 2948 659 3000 et
681 2939 785 3020 petris
805 2939 859 3010 ibi,
880 2941 935 3020 qui
954 2940 1097 3014 luerunt,

104 3055 132 3096 ra
144 3032 287 3106 diflum,
301 3035 440 3096 interius
453 3033 543 3106 mali,
557 3031 654 3113 ejecti
672 3044 750 3095 sunt
763 3055 770 3106 ;
795 3044 829 3095 et
847 3033 893 3095 illi
907 3035 961 3115 qui
979 3055 1098 3097 recon-

104 3128 229 3191 bterra
250 3149 309 3189 seu
328 3128 390 3188 sub
409 3128 516 3200 caelo,
534 3127 670 3199 elevati,
687 3147 726 3189 ac
745 3127 970 3190 hereditatem
987 3131 1098 3192 sortiti

104 3243 112 3284 s
125 3223 216 3285 unde
233 3223 362 3304 priores
375 3218 471 3300 ejecti
484 3232 572 3283 sunt.
618 3220 673 3282 Ex
691 3221 742 3282 his
756 3241 843 3283 nunc
861 3222 991 3303 plenius
1004 3243 1098 3285 com·

104 3317 142 3379 .di
159 3325 278 3398 potest
292 3315 371 3396 quid
387 3313 588 3395 intelligitur
600 3335 659 3395 per
675 3315 758 3377 haec
775 3316 808 3377 in
822 3337 919 3377 versu
932 3318 1098 3398 sequenti,

108 3409 238 3473 dictum
250 3411 293 3472 sit
307 3411 355 3472 eis
368 3419 405 3471 ut
418 3410 666 3490 requiescerent
677 3409 787 3473 adhuc
800 3420 935 3492 tempus
947 3431 1097 3492 parvum,

104 3504 184 3567 dum
203 3502 448 3585 complentur.”

104 3608 206 3694 5[a].
228 3625 309 3684 [Vm.
324 3625 369 3683 11.]
392 3608 451 3670 “fr
465 3609 557 3670 drino
574 3608 702 3690 ompulit
716 3610 815 3671 riolas
833 3609 1098 3690 albu0.''—Quod

104 3714 148 3765 :et
161 3702 326 3764 Divinum
344 3700 375 3763 V
371 3722 462 3762 erum
475 3722 496 3762 a
508 3701 647 3762 Domino
657 3701 751 3780 apud
758 3700 843 3774 illos,
855 3710 888 3762 et
898 3702 1099 3777 tutationem,

104 3806 120 3859 ,t
136 3817 181 3859 ex
198 3795 448 3876 significatione
465 3795 604 3858 “stolae
624 3794 752 3869 albae,”
768 3796 858 3877 quod
878 3797 921 3857 sit
942 3796 1100 3858 Divinum

104 3909 113 3952 ι
130 3910 150 3953 a
170 3890 330 3962 Domino,
353 3889 495 3952 “stola”
514 3890 604 3952 enim
624 3887 793 3969 significat
813 3910 929 3952 verum
949 3890 982 3951 in
1006 3910 1099 3953 com-

108 3986 182 4065 quia
200 3995 253 4047 est
274 4004 455 4047 commune
474 3985 720 4056 indumentum,
741 3993 776 4046 et
798 3983 964 4047 “album''
980 3984 1101 4046 dicitur

104 4080 138 4140 ris
159 4100 245 4161 quae
273 4100 293 4141 a
321 4080 488 4154 Domino;
519 4078 632 4140 album
661 4079 750 4140 enim
778 4089 830 4141 est
859 4077 952 4150 lucis,
977 4087 1012 4140 et
1041 4078 1100 4139 lux

104 4172 172 4235 lens
190 4195 210 4235 a
234 4173 384 4235 Domino
403 4182 439 4235 ut
463 4172 542 4235 Sole
566 4173 598 4233 in
618 4193 678 4233 sua
696 4174 844 4234 essentia
864 4183 917 4234 est
942 4172 1100 4233 Divinum

104 4286 135 4328 n:
154 4269 240 4348 quod
255 4288 314 4349 per
329 4268 456 4329 “datas
473 4266 613 4347 singulis
626 4266 733 4328 stolas
746 4265 865 4328 albas”
878 4267 982 4328 etiam
996 4266 1100 4345 signi-

104 4364 249 4436 rtutatio,
263 4364 395 4425 dicetur
410 4362 513 4438 inlra3
534 4363 676 4443 primum
693 4371 821 4435 tamen,
836 4362 924 4423 unde
941 4371 993 4423 est
1011 4361 1100 4441 quod

104 4455 196 4520 aalba
206 4458 221 4480 ”
233 4456 402 4539 significet
420 4456 577 4518 Divinum
592 4455 720 4519 Verum
733 4477 753 4519 a
766 4455 925 4519 Domino.
971 4453 1101 4518 Omnes
