<?xml version="1.0" encoding="UTF-8"?>
<!DOCTYPE html PUBLIC "-//W3C//DTD XHTML 1.0 Transitional//EN"
    "http://www.w3.org/TR/xhtml1/DTD/xhtml1-transitional.dtd">
<html xmlns="http://www.w3.org/1999/xhtml" xml:lang="en" lang="en">
 <head>
  <title>
</title>
<meta http-equiv="Content-Type" content="text/html;charset=utf-8" />
  <meta name='ocr-system' content='tesseract 3.04.00' />
  <meta name='ocr-capabilities' content='ocr_page ocr_carea ocr_par ocr_line ocrx_word'/>
</head>
<body>
  <div class='ocr_page' id='page_1' title='image "./apocalypsisexpl00swedgoog_0474.png"; bbox 0 0 2684 4988; ppageno 0'>
   <div class='ocr_carea' id='block_1_1' title="bbox 122 476 931 564">
    <p class='ocr_par' dir='ltr' id='par_1_1' title="bbox 122 476 931 564">
     <span class='ocr_line' id='line_1_1' title="bbox 122 476 931 564; baseline 0.005 -18"><span class='ocrx_word' id='word_1_1' title='bbox 122 476 201 564; x_wconf 79' lang='lat'><strong>¹13⁸</strong></span> <span class='ocrx_word' id='word_1_2' title='bbox 428 496 679 548; x_wconf 73' lang='lat' dir='ltr'><strong>arocacursn</strong></span> <span class='ocrx_word' id='word_1_3' title='bbox 702 498 931 550; x_wconf 69' lang='lat' dir='ltr'><strong>exuerem.</strong></span> 
     </span>
    </p>
   </div>
   <div class='ocr_carea' id='block_1_2' title="bbox 115 667 1227 2264">
    <p class='ocr_par' dir='ltr' id='par_1_2' title="bbox 115 667 1227 2264">
     <span class='ocr_line' id='line_1_2' title="bbox 117 667 1227 755; baseline 0.006 -25"><span class='ocrx_word' id='word_1_4' title='bbox 117 667 198 732; x_wconf 88' lang='lat' dir='ltr'><strong>ficat</strong></span> <span class='ocrx_word' id='word_1_5' title='bbox 228 668 391 732; x_wconf 87' lang='lat' dir='ltr'><strong>influxum</strong></span> <span class='ocrx_word' id='word_1_6' title='bbox 418 668 508 743; x_wconf 90' lang='lat' dir='ltr'><strong>inde,</strong></span> <span class='ocrx_word' id='word_1_7' title='bbox 532 672 567 732; x_wconf 91' lang='lat' dir='ltr'><strong>et</strong></span> <span class='ocrx_word' id='word_1_8' title='bbox 596 669 769 750; x_wconf 82' lang='lat' dir='ltr'><strong>“abyssus</strong></span> <span class='ocrx_word' id='word_1_9' title='bbox 788 668 907 751; x_wconf 85' lang='lat' dir='ltr'><strong>jacens</strong></span> <span class='ocrx_word' id='word_1_10' title='bbox 938 672 1053 735; x_wconf 85' lang='lat' dir='ltr'><strong>infra”</strong></span> <span class='ocrx_word' id='word_1_11' title='bbox 1076 672 1227 755; x_wconf 84' lang='lat' dir='ltr'><strong>significat</strong></span> 
     </span>
     <span class='ocr_line' id='line_1_3' title="bbox 118 763 1221 853; baseline 0.005 -27"><span class='ocrx_word' id='word_1_12' title='bbox 118 763 308 827; x_wconf 84' lang='lat' dir='ltr'><strong>naturalem</strong></span> <span class='ocrx_word' id='word_1_13' title='bbox 323 763 503 853; x_wconf 21' lang='lat' dir='ltr'><strong>&#39;hominem</strong></span> <span class='ocrx_word' id='word_1_14' title='bbox 527 763 583 826; x_wconf 87' lang='lat' dir='ltr'><strong>ubi</strong></span> <span class='ocrx_word' id='word_1_15' title='bbox 605 765 822 845; x_wconf 86' lang='lat' dir='ltr'><strong>cognitiones</strong></span> <span class='ocrx_word' id='word_1_16' title='bbox 840 767 912 829; x_wconf 88' lang='lat' dir='ltr'><strong>veri</strong></span> <span class='ocrx_word' id='word_1_17' title='bbox 937 776 973 829; x_wconf 90' lang='lat' dir='ltr'><strong>et</strong></span> <span class='ocrx_word' id='word_1_18' title='bbox 998 767 1081 830; x_wconf 91' lang='lat' dir='ltr'><strong>boni</strong></span> <span class='ocrx_word' id='word_1_19' title='bbox 1104 769 1145 831; x_wconf 92' lang='lat' dir='ltr'><strong>ad</strong></span> <span class='ocrx_word' id='word_1_20' title='bbox 1165 789 1221 850; x_wconf 85' lang='lat' dir='ltr'><strong>per·</strong></span> 
     </span>
     <span class='ocr_line' id='line_1_4' title="bbox 116 857 1216 945; baseline 0.003 -24"><span class='ocrx_word' id='word_1_21' title='bbox 116 860 323 940; x_wconf 84' lang='lat' dir='ltr'><strong>ceptionem,</strong></span> <span class='ocrx_word' id='word_1_22' title='bbox 343 878 382 921; x_wconf 91' lang='lat' dir='ltr'><strong>ac</strong></span> <span class='ocrx_word' id='word_1_23' title='bbox 402 857 589 921; x_wconf 84' lang='lat' dir='ltr'><strong>scientifica</strong></span> <span class='ocrx_word' id='word_1_24' title='bbox 607 857 863 923; x_wconf 87' lang='lat' dir='ltr'><strong>confirmantia:</strong></span> <span class='ocrx_word' id='word_1_25' title='bbox 894 862 968 925; x_wconf 89' lang='lat' dir='ltr'><strong>“de</strong></span> <span class='ocrx_word' id='word_1_26' title='bbox 988 863 1145 943; x_wconf 86' lang='lat' dir='ltr'><strong>pretiosis</strong></span> <span class='ocrx_word' id='word_1_27' title='bbox 1159 882 1216 945; x_wconf 87' lang='lat' dir='ltr'><strong>pro·</strong></span> 
     </span>
     <span class='ocr_line' id='line_1_5' title="bbox 116 951 1212 1037; baseline 0.004 -22"><span class='ocrx_word' id='word_1_28' title='bbox 116 962 281 1016; x_wconf 88' lang='lat' dir='ltr'><strong>ventuum</strong></span> <span class='ocrx_word' id='word_1_29' title='bbox 298 953 390 1027; x_wconf 91' lang='lat' dir='ltr'><strong>solis,</strong></span> <span class='ocrx_word' id='word_1_30' title='bbox 404 963 439 1016; x_wconf 93' lang='lat' dir='ltr'><strong>et</strong></span> <span class='ocrx_word' id='word_1_31' title='bbox 456 954 499 1016; x_wconf 90' lang='lat' dir='ltr'><strong>de</strong></span> <span class='ocrx_word' id='word_1_32' title='bbox 514 954 673 1035; x_wconf 88' lang='lat' dir='ltr'><strong>pretiosis</strong></span> <span class='ocrx_word' id='word_1_33' title='bbox 689 951 844 1035; x_wconf 72' lang='lat' dir='ltr'><strong>produdti</strong></span> <span class='ocrx_word' id='word_1_34' title='bbox 861 956 1062 1031; x_wconf 88' lang='lat' dir='ltr'><strong>mensium,&#39;’</strong></span> <span class='ocrx_word' id='word_1_35' title='bbox 1075 956 1212 1037; x_wconf 85' lang='lat' dir='ltr'><strong>significat</strong></span> 
     </span>
     <span class='ocr_line' id='line_1_6' title="bbox 116 1038 1208 1130; baseline 0.001 -19"><span class='ocrx_word' id='word_1_36' title='bbox 116 1069 162 1111; x_wconf 89' lang='lat' dir='ltr'><strong>ex</strong></span> <span class='ocrx_word' id='word_1_37' title='bbox 174 1048 262 1110; x_wconf 88' lang='lat' dir='ltr'><strong>veris</strong></span> <span class='ocrx_word' id='word_1_38' title='bbox 276 1038 519 1129; x_wconf 87' lang='lat' dir='ltr'><strong>profluentibus</strong></span> <span class='ocrx_word' id='word_1_39' title='bbox 534 1069 579 1111; x_wconf 91' lang='lat' dir='ltr'><strong>ex</strong></span> <span class='ocrx_word' id='word_1_40' title='bbox 595 1047 737 1112; x_wconf 92' lang='lat' dir='ltr'><strong>caelesti</strong></span> <span class='ocrx_word' id='word_1_41' title='bbox 752 1069 861 1130; x_wconf 90' lang='lat' dir='ltr'><strong>regno</strong></span> <span class='ocrx_word' id='word_1_42' title='bbox 878 1048 1031 1125; x_wconf 87' lang='lat' dir='ltr'><strong>Domini,</strong></span> <span class='ocrx_word' id='word_1_43' title='bbox 1045 1061 1080 1114; x_wconf 92' lang='lat' dir='ltr'><strong>et</strong></span> <span class='ocrx_word' id='word_1_44' title='bbox 1096 1053 1208 1114; x_wconf 80' lang='lat' dir='ltr'><strong>exueris</strong></span> 
     </span>
     <span class='ocr_line' id='line_1_7' title="bbox 117 1141 1207 1227; baseline 0.001 -22"><span class='ocrx_word' id='word_1_45' title='bbox 117 1141 360 1223; x_wconf 89' lang='lat' dir='ltr'><strong>profluentibus</strong></span> <span class='ocrx_word' id='word_1_46' title='bbox 376 1164 421 1206; x_wconf 88' lang='lat' dir='ltr'><strong>ex</strong></span> <span class='ocrx_word' id='word_1_47' title='bbox 440 1142 605 1224; x_wconf 89' lang='lat' dir='ltr'><strong>spirituali</strong></span> <span class='ocrx_word' id='word_1_48' title='bbox 623 1162 731 1224; x_wconf 89' lang='lat' dir='ltr'><strong>regno</strong></span> <span class='ocrx_word' id='word_1_49' title='bbox 751 1142 910 1221; x_wconf 88' lang='lat' dir='ltr'><strong>Domini;</strong></span> <span class='ocrx_word' id='word_1_50' title='bbox 937 1146 1114 1227; x_wconf 89' lang='lat' dir='ltr'><strong>“pretiosa</strong></span> <span class='ocrx_word' id='word_1_51' title='bbox 1130 1145 1207 1207; x_wconf 85' lang='lat' dir='ltr'><strong>solis”</strong></span> 
     </span>
     <span class='ocr_line' id='line_1_8' title="bbox 116 1236 1204 1318; baseline 0.001 -19"><span class='ocrx_word' id='word_1_52' title='bbox 116 1245 195 1300; x_wconf 90' lang='lat' dir='ltr'><strong>sunt</strong></span> <span class='ocrx_word' id='word_1_53' title='bbox 212 1257 291 1299; x_wconf 92' lang='lat' dir='ltr'><strong>vera</strong></span> <span class='ocrx_word' id='word_1_54' title='bbox 307 1257 351 1298; x_wconf 88' lang='lat' dir='ltr'><strong>ex</strong></span> <span class='ocrx_word' id='word_1_55' title='bbox 368 1256 475 1318; x_wconf 89' lang='lat' dir='ltr'><strong>regno</strong></span> <span class='ocrx_word' id='word_1_56' title='bbox 491 1236 643 1310; x_wconf 92' lang='lat' dir='ltr'><strong>caelesti,</strong></span> <span class='ocrx_word' id='word_1_57' title='bbox 663 1238 842 1318; x_wconf 85' lang='lat' dir='ltr'><strong>“pretiosa</strong></span> <span class='ocrx_word' id='word_1_58' title='bbox 858 1240 1028 1301; x_wconf 91' lang='lat' dir='ltr'><strong>mensium</strong></span> <span class='ocrx_word' id='word_1_59' title='bbox 1037 1239 1052 1262; x_wconf 89' lang='grc'><strong>”</strong></span> <span class='ocrx_word' id='word_1_60' title='bbox 1067 1249 1137 1301; x_wconf 89' lang='lat' dir='ltr'><strong>sunt</strong></span> <span class='ocrx_word' id='word_1_61' title='bbox 1150 1259 1204 1300; x_wconf 86' lang='lat' dir='ltr'><strong>vera</strong></span> 
     </span>
     <span class='ocr_line' id='line_1_9' title="bbox 116 1330 1203 1414; baseline -0.002 -20"><span class='ocrx_word' id='word_1_62' title='bbox 116 1351 160 1394; x_wconf 90' lang='lat' dir='ltr'><strong>ex</strong></span> <span class='ocrx_word' id='word_1_63' title='bbox 177 1351 284 1412; x_wconf 89' lang='lat' dir='ltr'><strong>regno</strong></span> <span class='ocrx_word' id='word_1_64' title='bbox 297 1331 473 1412; x_wconf 87' lang='lat' dir='ltr'><strong>spirituali,</strong></span> <span class='ocrx_word' id='word_1_65' title='bbox 489 1338 509 1362; x_wconf 90' lang='lat'>“</span> <span class='ocrx_word' id='word_1_66' title='bbox 518 1330 728 1412; x_wconf 89' lang='lat' dir='ltr'><strong>proventus”</strong></span> <span class='ocrx_word' id='word_1_67' title='bbox 741 1341 775 1395; x_wconf 87' lang='lat' dir='ltr'><strong>et</strong></span> <span class='ocrx_word' id='word_1_68' title='bbox 791 1336 810 1363; x_wconf 78' lang='lat'><strong>‘⁶</strong></span> <span class='ocrx_word' id='word_1_69' title='bbox 819 1330 1048 1413; x_wconf 72' lang='lat' dir='ltr'><strong>produdtum”</strong></span> <span class='ocrx_word' id='word_1_70' title='bbox 1060 1343 1132 1395; x_wconf 90' lang='lat' dir='ltr'><strong>sunt</strong></span> <span class='ocrx_word' id='word_1_71' title='bbox 1144 1352 1203 1414; x_wconf 83' lang='lat' dir='ltr'><strong>quae</strong></span> 
     </span>
     <span class='ocr_line' id='line_1_10' title="bbox 116 1424 1201 1509; baseline -0.003 -22"><span class='ocrx_word' id='word_1_72' title='bbox 116 1424 305 1508; x_wconf 86' lang='lat' dir='ltr'><strong>profluunt:</strong></span> <span class='ocrx_word' id='word_1_73' title='bbox 333 1426 403 1488; x_wconf 90' lang='lat' dir='ltr'><strong>“de</strong></span> <span class='ocrx_word' id='word_1_74' title='bbox 427 1427 583 1508; x_wconf 90' lang='lat' dir='ltr'><strong>primitiis</strong></span> <span class='ocrx_word' id='word_1_75' title='bbox 602 1427 769 1488; x_wconf 91' lang='lat' dir='ltr'><strong>montium</strong></span> <span class='ocrx_word' id='word_1_76' title='bbox 788 1427 941 1500; x_wconf 88' lang='lat' dir='ltr'><strong>orientis,</strong></span> <span class='ocrx_word' id='word_1_77' title='bbox 959 1436 995 1490; x_wconf 91' lang='lat' dir='ltr'><strong>et</strong></span> <span class='ocrx_word' id='word_1_78' title='bbox 1019 1428 1061 1490; x_wconf 95' lang='lat' dir='ltr'><strong>de</strong></span> <span class='ocrx_word' id='word_1_79' title='bbox 1083 1426 1201 1509; x_wconf 87' lang='lat' dir='ltr'><strong>pretiosis</strong></span> 
     </span>
     <span class='ocr_line' id='line_1_11' title="bbox 116 1519 1201 1602; baseline -0.002 -21"><span class='ocrx_word' id='word_1_80' title='bbox 116 1520 253 1582; x_wconf 91' lang='lat' dir='ltr'><strong>collium</strong></span> <span class='ocrx_word' id='word_1_81' title='bbox 273 1520 428 1591; x_wconf 72' lang='lat' dir='ltr'><strong>saeculi”</strong></span> <span class='ocrx_word' id='word_1_82' title='bbox 447 1519 618 1601; x_wconf 86' lang='lat' dir='ltr'><strong>significat</strong></span> <span class='ocrx_word' id='word_1_83' title='bbox 642 1541 722 1583; x_wconf 89' lang='lat' dir='ltr'><strong>vera</strong></span> <span class='ocrx_word' id='word_1_84' title='bbox 743 1521 891 1601; x_wconf 89' lang='lat' dir='ltr'><strong>genuina</strong></span> <span class='ocrx_word' id='word_1_85' title='bbox 914 1521 1029 1602; x_wconf 92' lang='lat' dir='ltr'><strong>qualia</strong></span> <span class='ocrx_word' id='word_1_86' title='bbox 1051 1521 1164 1585; x_wconf 84' lang='lat' dir='ltr'><strong>suerunt</strong></span> <span class='ocrx_word' id='word_1_87' title='bbox 1181 1520 1201 1580; x_wconf 89' lang='lat' dir='ltr'><strong>in</strong></span> 
     </span>
     <span class='ocr_line' id='line_1_12' title="bbox 116 1614 1202 1698; baseline -0.005 -21"><span class='ocrx_word' id='word_1_88' title='bbox 116 1614 366 1697; x_wconf 87' lang='lat' dir='ltr'><strong>Antiquissima</strong></span> <span class='ocrx_word' id='word_1_89' title='bbox 397 1615 563 1689; x_wconf 88' lang='lat' dir='ltr'><strong>Ecclesia,</strong></span> <span class='ocrx_word' id='word_1_90' title='bbox 591 1624 627 1678; x_wconf 91' lang='lat' dir='ltr'><strong>et</strong></span> <span class='ocrx_word' id='word_1_91' title='bbox 656 1614 770 1696; x_wconf 89' lang='lat' dir='ltr'><strong>qualia</strong></span> <span class='ocrx_word' id='word_1_92' title='bbox 799 1615 832 1676; x_wconf 94' lang='lat' dir='ltr'><strong>in</strong></span> <span class='ocrx_word' id='word_1_93' title='bbox 863 1614 1040 1698; x_wconf 88' lang='lat' dir='ltr'><strong>Antiqua;</strong></span> <span class='ocrx_word' id='word_1_94' title='bbox 1073 1623 1202 1678; x_wconf 83' lang='lat' dir='ltr'><strong>“montes</strong></span> 
     </span>
     <span class='ocr_line' id='line_1_13' title="bbox 115 1707 1201 1793; baseline -0.003 -22"><span class='ocrx_word' id='word_1_95' title='bbox 115 1710 280 1772; x_wconf 88' lang='lat' dir='ltr'><strong>orientis”</strong></span> <span class='ocrx_word' id='word_1_96' title='bbox 295 1708 488 1790; x_wconf 83' lang='lat' dir='ltr'><strong>significant</strong></span> <span class='ocrx_word' id='word_1_97' title='bbox 505 1709 790 1791; x_wconf 88' lang='lat' dir='ltr'><strong>Antiquissimam</strong></span> <span class='ocrx_word' id='word_1_98' title='bbox 810 1709 1002 1772; x_wconf 88' lang='lat' dir='ltr'><strong>Ecclesiam</strong></span> <span class='ocrx_word' id='word_1_99' title='bbox 1022 1731 1105 1793; x_wconf 89' lang='lat' dir='ltr'><strong>quae</strong></span> <span class='ocrx_word' id='word_1_100' title='bbox 1120 1707 1201 1771; x_wconf 83' lang='lat' dir='ltr'><strong>iuitin</strong></span> 
     </span>
     <span class='ocr_line' id='line_1_14' title="bbox 115 1802 1202 1887; baseline -0.003 -22"><span class='ocrx_word' id='word_1_101' title='bbox 115 1822 231 1866; x_wconf 90' lang='lat' dir='ltr'><strong>amore</strong></span> <span class='ocrx_word' id='word_1_102' title='bbox 250 1805 283 1865; x_wconf 91' lang='lat' dir='ltr'><strong>in</strong></span> <span class='ocrx_word' id='word_1_103' title='bbox 304 1804 508 1881; x_wconf 91' lang='lat' dir='ltr'><strong>Dominum;</strong></span> <span class='ocrx_word' id='word_1_104' title='bbox 531 1803 590 1866; x_wconf 92' lang='lat' dir='ltr'><strong>illa</strong></span> <span class='ocrx_word' id='word_1_105' title='bbox 608 1802 752 1866; x_wconf 87' lang='lat' dir='ltr'><strong>ecclesia</strong></span> <span class='ocrx_word' id='word_1_106' title='bbox 771 1803 975 1868; x_wconf 88' lang='lat' dir='ltr'><strong>describitur</strong></span> <span class='ocrx_word' id='word_1_107' title='bbox 994 1826 1052 1887; x_wconf 91' lang='lat' dir='ltr'><strong>per</strong></span> <span class='ocrx_word' id='word_1_108' title='bbox 1071 1810 1202 1867; x_wconf 81' lang='lat' dir='ltr'><strong>“montes</strong></span> 
     </span>
     <span class='ocr_line' id='line_1_15' title="bbox 115 1896 1201 1980; baseline -0.001 -20"><span class='ocrx_word' id='word_1_109' title='bbox 115 1898 285 1971; x_wconf 88' lang='lat' dir='ltr'><strong>orientis,&#39;’</strong></span> <span class='ocrx_word' id='word_1_110' title='bbox 302 1900 379 1980; x_wconf 89' lang='lat' dir='ltr'><strong>quia</strong></span> <span class='ocrx_word' id='word_1_111' title='bbox 400 1898 549 1961; x_wconf 88' lang='lat' dir='ltr'><strong>“mons”</strong></span> <span class='ocrx_word' id='word_1_112' title='bbox 564 1897 734 1979; x_wconf 84' lang='lat' dir='ltr'><strong>significat</strong></span> <span class='ocrx_word' id='word_1_113' title='bbox 754 1918 905 1961; x_wconf 90' lang='lat' dir='ltr'><strong>amorem</strong></span> <span class='ocrx_word' id='word_1_114' title='bbox 925 1909 961 1962; x_wconf 93' lang='lat' dir='ltr'><strong>et</strong></span> <span class='ocrx_word' id='word_1_115' title='bbox 983 1898 1138 1962; x_wconf 75' lang='lat' dir='ltr'><strong>“oriens&#39;’</strong></span> <span class='ocrx_word' id='word_1_116' title='bbox 1152 1896 1201 1959; x_wconf 89' lang='lat' dir='ltr'><strong>Do·</strong></span> 
     </span>
     <span class='ocr_line' id='line_1_16' title="bbox 116 1991 1201 2076; baseline -0.004 -22"><span class='ocrx_word' id='word_1_117' title='bbox 116 1994 266 2070; x_wconf 89' lang='lat' dir='ltr'><strong>minum;</strong></span> <span class='ocrx_word' id='word_1_118' title='bbox 295 1992 430 2056; x_wconf 86' lang='lat' dir='ltr'><strong>“colles</strong></span> <span class='ocrx_word' id='word_1_119' title='bbox 454 1992 603 2056; x_wconf 90' lang='lat' dir='ltr'><strong>saeculi”</strong></span> <span class='ocrx_word' id='word_1_120' title='bbox 622 1991 814 2074; x_wconf 89' lang='lat' dir='ltr'><strong>significant</strong></span> <span class='ocrx_word' id='word_1_121' title='bbox 831 1992 1025 2076; x_wconf 90' lang='lat' dir='ltr'><strong>Antiquam</strong></span> <span class='ocrx_word' id='word_1_122' title='bbox 1048 1993 1201 2057; x_wconf 83' lang='lat' dir='ltr'><strong>Ecclesiam</strong></span> 
     </span>
     <span class='ocr_line' id='line_1_17' title="bbox 115 2084 1201 2169; baseline -0.001 -20"><span class='ocrx_word' id='word_1_123' title='bbox 115 2108 201 2169; x_wconf 92' lang='lat' dir='ltr'><strong>quae</strong></span> <span class='ocrx_word' id='word_1_124' title='bbox 218 2086 278 2150; x_wconf 83' lang='lat' dir='ltr'><strong>suit</strong></span> <span class='ocrx_word' id='word_1_125' title='bbox 295 2089 328 2149; x_wconf 96' lang='lat' dir='ltr'><strong>in</strong></span> <span class='ocrx_word' id='word_1_126' title='bbox 341 2088 510 2151; x_wconf 88' lang='lat' dir='ltr'><strong>charitate</strong></span> <span class='ocrx_word' id='word_1_127' title='bbox 522 2107 605 2168; x_wconf 86' lang='lat' dir='ltr'><strong>erga</strong></span> <span class='ocrx_word' id='word_1_128' title='bbox 617 2088 809 2169; x_wconf 92' lang='lat' dir='ltr'><strong>proximum</strong></span> <span class='ocrx_word' id='word_1_129' title='bbox 822 2109 829 2163; x_wconf 92' lang='lat'>;</span> <span class='ocrx_word' id='word_1_130' title='bbox 854 2088 939 2151; x_wconf 91' lang='lat' dir='ltr'><strong>haec</strong></span> <span class='ocrx_word' id='word_1_131' title='bbox 952 2088 1097 2152; x_wconf 92' lang='lat' dir='ltr'><strong>ecclesia</strong></span> <span class='ocrx_word' id='word_1_132' title='bbox 1108 2084 1201 2152; x_wconf 82' lang='lat' dir='ltr'><strong>deseri·</strong></span> 
     </span>
     <span class='ocr_line' id='line_1_18' title="bbox 116 2179 1201 2264; baseline -0.002 -20"><span class='ocrx_word' id='word_1_133' title='bbox 116 2182 205 2244; x_wconf 91' lang='lat' dir='ltr'><strong>bitur</strong></span> <span class='ocrx_word' id='word_1_134' title='bbox 224 2203 283 2264; x_wconf 91' lang='lat' dir='ltr'><strong>per</strong></span> <span class='ocrx_word' id='word_1_135' title='bbox 304 2182 438 2244; x_wconf 81' lang='lat' dir='ltr'><strong>“colles</strong></span> <span class='ocrx_word' id='word_1_136' title='bbox 457 2181 613 2255; x_wconf 66' lang='lat' dir='ltr'><strong>saeculi”</strong></span> <span class='ocrx_word' id='word_1_137' title='bbox 632 2183 709 2264; x_wconf 93' lang='lat' dir='ltr'><strong>quia</strong></span> <span class='ocrx_word' id='word_1_138' title='bbox 730 2181 889 2244; x_wconf 87' lang='lat' dir='ltr'><strong>‘¹”colles</strong></span> <span class='ocrx_word' id='word_1_139' title='bbox 909 2183 1101 2264; x_wconf 85' lang='lat' dir='ltr'><strong>significant</strong></span> <span class='ocrx_word' id='word_1_140' title='bbox 1122 2179 1201 2246; x_wconf 89' lang='lat' dir='ltr'><strong>chari·</strong></span> 
     </span>
    </p>
   </div>
   <div class='ocr_carea' id='block_1_3' title="bbox 115 2275 1202 2443">
    <p class='ocr_par' dir='ltr' id='par_1_3' title="bbox 115 2275 1202 2443">
     <span class='ocr_line' id='line_1_19' title="bbox 116 2275 1202 2357; baseline -0.006 -20"><span class='ocrx_word' id='word_1_141' title='bbox 116 2284 226 2337; x_wconf 89' lang='lat' dir='ltr'><strong>tatem</strong></span> <span class='ocrx_word' id='word_1_142' title='bbox 243 2295 325 2356; x_wconf 90' lang='lat' dir='ltr'><strong>erga</strong></span> <span class='ocrx_word' id='word_1_143' title='bbox 341 2275 556 2357; x_wconf 88' lang='lat' dir='ltr'><strong>proximum:</strong></span> <span class='ocrx_word' id='word_1_144' title='bbox 577 2285 677 2347; x_wconf 80' lang='lat' dir='ltr'><strong>(quou&#39;&#39;</strong></span> <span class='ocrx_word' id='word_1_145' title='bbox 686 2290 801 2335; x_wconf 49' lang='lat' dir='ltr'><strong>morus·</strong></span> <span class='ocrx_word' id='word_1_146' title='bbox 811 2298 834 2335; x_wconf 82' lang='lat' dir='ltr'><strong>er</strong></span> <span class='ocrx_word' id='word_1_147' title='bbox 844 2287 961 2336; x_wconf 58' lang='lat' dir='ltr'><strong>&#39;eones&#39;</strong></span> <span class='ocrx_word' id='word_1_148' title='bbox 974 2288 1202 2350; x_wconf 61' lang='grc' dir='ltr'><strong>ιιιιιιιςιιιῡιιιιιιῑᾱι</strong></span> 
     </span>
     <span class='ocr_line' id='line_1_20' title="bbox 115 2356 1201 2443; baseline -0.003 -20"><span class='ocrx_word' id='word_1_149' title='bbox 115 2386 169 2424; x_wconf 78' lang='lat' dir='ltr'><strong>arur</strong></span> <span class='ocrx_word' id='word_1_150' title='bbox 177 2391 256 2436; x_wconf 79' lang='lat' dir='ltr'><strong>supra</strong></span> <span class='ocrx_word' id='word_1_151' title='bbox 266 2392 289 2423; x_wconf 94' lang='grc' dir='ltr'><strong>ιι.</strong></span> <span class='ocrx_word' id='word_1_152' title='bbox 298 2376 360 2442; x_wconf 84' lang='grc'><strong>405</strong></span> <span class='ocrx_word' id='word_1_153' title='bbox 371 2368 413 2436; x_wconf 88' lang='lat'><strong>:‘)</strong></span> <span class='ocrx_word' id='word_1_154' title='bbox 419 2369 470 2425; x_wconf 85' lang='lat' dir='ltr'><strong>‘et</strong></span> <span class='ocrx_word' id='word_1_155' title='bbox 486 2361 529 2424; x_wconf 89' lang='lat' dir='ltr'><strong>de</strong></span> <span class='ocrx_word' id='word_1_156' title='bbox 545 2362 706 2443; x_wconf 90' lang='lat' dir='ltr'><strong>pretiosis</strong></span> <span class='ocrx_word' id='word_1_157' title='bbox 721 2370 833 2424; x_wconf 90' lang='lat' dir='ltr'><strong>terrae</strong></span> <span class='ocrx_word' id='word_1_158' title='bbox 849 2373 885 2424; x_wconf 89' lang='lat' dir='ltr'><strong>et</strong></span> <span class='ocrx_word' id='word_1_159' title='bbox 902 2360 1156 2443; x_wconf 89' lang='lat' dir='ltr'><strong>plenitudinis&#39;</strong></span> <span class='ocrx_word' id='word_1_160' title='bbox 1133 2356 1201 2441; x_wconf 69' lang='lat' dir='ltr'><strong>ejus&#39;*</strong></span> 
     </span>
    </p>
   </div>
   <div class='ocr_carea' id='block_1_4' title="bbox 114 2447 1200 3102">
    <p class='ocr_par' dir='ltr' id='par_1_4' title="bbox 114 2447 1199 3102">
     <span class='ocr_line' id='line_1_21' title="bbox 115 2447 1199 2536; baseline -0.001 -20"><span class='ocrx_word' id='word_1_161' title='bbox 115 2454 284 2536; x_wconf 83' lang='lat' dir='ltr'><strong>significat</strong></span> <span class='ocrx_word' id='word_1_162' title='bbox 309 2454 488 2518; x_wconf 90' lang='lat' dir='ltr'><strong>ecclesiam</strong></span> <span class='ocrx_word' id='word_1_163' title='bbox 511 2464 691 2517; x_wconf 89' lang='lat' dir='ltr'><strong>externam</strong></span> <span class='ocrx_word' id='word_1_164' title='bbox 714 2453 936 2535; x_wconf 89' lang='lat' dir='ltr'><strong>spiritualem,</strong></span> <span class='ocrx_word' id='word_1_165' title='bbox 957 2475 1044 2536; x_wconf 90' lang='lat' dir='ltr'><strong>quae</strong></span> <span class='ocrx_word' id='word_1_166' title='bbox 1067 2466 1116 2518; x_wconf 92' lang='lat' dir='ltr'><strong>est</strong></span> <span class='ocrx_word' id='word_1_167' title='bbox 1137 2447 1199 2533; x_wconf 86' lang='lat' dir='ltr'><strong>apud</strong></span> 
     </span>
     <span class='ocr_line' id='line_1_22' title="bbox 116 2541 1200 2630; baseline -0.003 -20"><span class='ocrx_word' id='word_1_168' title='bbox 116 2549 193 2611; x_wconf 91' lang='lat' dir='ltr'><strong>illos</strong></span> <span class='ocrx_word' id='word_1_169' title='bbox 205 2551 260 2630; x_wconf 90' lang='lat' dir='ltr'><strong>qui</strong></span> <span class='ocrx_word' id='word_1_170' title='bbox 274 2551 391 2612; x_wconf 88' lang='lat' dir='ltr'><strong>vivunt</strong></span> <span class='ocrx_word' id='word_1_171' title='bbox 406 2549 590 2611; x_wconf 92' lang='lat' dir='ltr'><strong>secundum</strong></span> <span class='ocrx_word' id='word_1_172' title='bbox 604 2550 820 2629; x_wconf 85' lang='lat' dir='ltr'><strong>cognitiones</strong></span> <span class='ocrx_word' id='word_1_173' title='bbox 833 2550 903 2612; x_wconf 92' lang='lat' dir='ltr'><strong>veri</strong></span> <span class='ocrx_word' id='word_1_174' title='bbox 916 2569 954 2611; x_wconf 91' lang='lat' dir='ltr'><strong>ac</strong></span> <span class='ocrx_word' id='word_1_175' title='bbox 970 2550 1051 2612; x_wconf 93' lang='lat' dir='ltr'><strong>boni</strong></span> <span class='ocrx_word' id='word_1_176' title='bbox 1064 2571 1071 2626; x_wconf 90' lang='grc'><strong>;</strong></span> <span class='ocrx_word' id='word_1_177' title='bbox 1092 2541 1200 2611; x_wconf 83' lang='lat' dir='ltr'><strong>“terra’&#39;</strong></span> 
     </span>
     <span class='ocr_line' id='line_1_23' title="bbox 115 2642 1199 2725; baseline -0.007 -19"><span class='ocrx_word' id='word_1_178' title='bbox 115 2655 168 2708; x_wconf 92' lang='lat' dir='ltr'><strong>est</strong></span> <span class='ocrx_word' id='word_1_179' title='bbox 182 2644 326 2707; x_wconf 90' lang='lat' dir='ltr'><strong>ecclesia</strong></span> <span class='ocrx_word' id='word_1_180' title='bbox 342 2643 409 2715; x_wconf 91' lang='lat' dir='ltr'><strong>illa,</strong></span> <span class='ocrx_word' id='word_1_181' title='bbox 424 2654 459 2705; x_wconf 93' lang='lat' dir='ltr'><strong>et</strong></span> <span class='ocrx_word' id='word_1_182' title='bbox 475 2649 493 2674; x_wconf 85' lang='lat'><strong>¹⁴</strong></span> <span class='ocrx_word' id='word_1_183' title='bbox 506 2642 682 2725; x_wconf 89' lang='lat' dir='ltr'><strong>plenitudo</strong></span> <span class='ocrx_word' id='word_1_184' title='bbox 691 2642 706 2665; x_wconf 88' lang='lat'><strong>&#39;&#39;</strong></span> <span class='ocrx_word' id='word_1_185' title='bbox 719 2654 796 2705; x_wconf 91' lang='lat' dir='ltr'><strong>sunt</strong></span> <span class='ocrx_word' id='word_1_186' title='bbox 811 2644 1029 2724; x_wconf 87' lang='lat' dir='ltr'><strong>cognitiones</strong></span> <span class='ocrx_word' id='word_1_187' title='bbox 1045 2645 1077 2707; x_wconf 94' lang='lat' dir='ltr'><strong>in</strong></span> <span class='ocrx_word' id='word_1_188' title='bbox 1089 2653 1199 2707; x_wconf 86' lang='lat' dir='ltr'><strong>externo</strong></span> 
     </span>
     <span class='ocr_line' id='line_1_24' title="bbox 115 2725 1198 2820; baseline -0.007 -19"><span class='ocrx_word' id='word_1_189' title='bbox 115 2738 272 2801; x_wconf 89' lang='lat' dir='ltr'><strong>homine:</strong></span> <span class='ocrx_word' id='word_1_190' title='bbox 305 2747 368 2801; x_wconf 82' lang='lat' dir='ltr'><strong>“et</strong></span> <span class='ocrx_word' id='word_1_191' title='bbox 393 2738 643 2819; x_wconf 89' lang='lat' dir='ltr'><strong>beneplacitum</strong></span> <span class='ocrx_word' id='word_1_192' title='bbox 668 2738 855 2800; x_wconf 91' lang='lat' dir='ltr'><strong>habitantis</strong></span> <span class='ocrx_word' id='word_1_193' title='bbox 879 2739 912 2800; x_wconf 92' lang='lat' dir='ltr'><strong>in</strong></span> <span class='ocrx_word' id='word_1_194' title='bbox 937 2739 1045 2802; x_wconf 89' lang='lat' dir='ltr'><strong>rubo”</strong></span> <span class='ocrx_word' id='word_1_195' title='bbox 1066 2725 1198 2820; x_wconf 80' lang='lat' dir='ltr'><strong>significat</strong></span> 
     </span>
     <span class='ocr_line' id='line_1_25' title="bbox 116 2827 1198 2916; baseline -0.008 -19"><span class='ocrx_word' id='word_1_196' title='bbox 116 2835 299 2897; x_wconf 90' lang='lat' dir='ltr'><strong>Dominum</strong></span> <span class='ocrx_word' id='word_1_197' title='bbox 328 2835 439 2916; x_wconf 90' lang='lat' dir='ltr'><strong>quoad</strong></span> <span class='ocrx_word' id='word_1_198' title='bbox 471 2834 629 2896; x_wconf 92' lang='lat' dir='ltr'><strong>Divinum</strong></span> <span class='ocrx_word' id='word_1_199' title='bbox 660 2833 844 2916; x_wconf 89' lang='lat' dir='ltr'><strong>spirituale,</strong></span> <span class='ocrx_word' id='word_1_200' title='bbox 873 2835 965 2915; x_wconf 92' lang='lat' dir='ltr'><strong>quod</strong></span> <span class='ocrx_word' id='word_1_201' title='bbox 996 2836 1040 2898; x_wconf 94' lang='lat' dir='ltr'><strong>ab</strong></span> <span class='ocrx_word' id='word_1_202' title='bbox 1069 2835 1138 2916; x_wconf 91' lang='lat' dir='ltr'><strong>Ipso</strong></span> <span class='ocrx_word' id='word_1_203' title='bbox 1159 2827 1198 2892; x_wconf 85' lang='lat' dir='ltr'><strong>illa</strong></span> 
     </span>
     <span class='ocr_line' id='line_1_26' title="bbox 114 2927 1197 3010; baseline -0.005 -18"><span class='ocrx_word' id='word_1_204' title='bbox 114 2931 246 2993; x_wconf 90' lang='lat' dir='ltr'><strong>omnia:</strong></span> <span class='ocrx_word' id='word_1_205' title='bbox 274 2931 440 2992; x_wconf 85' lang='lat' dir='ltr'><strong>“venient</strong></span> <span class='ocrx_word' id='word_1_206' title='bbox 457 2931 560 3010; x_wconf 91' lang='lat' dir='ltr'><strong>capiti</strong></span> <span class='ocrx_word' id='word_1_207' title='bbox 572 2927 722 3010; x_wconf 89' lang='lat' dir='ltr'><strong>Josephi,</strong></span> <span class='ocrx_word' id='word_1_208' title='bbox 736 2938 770 2991; x_wconf 91' lang='lat' dir='ltr'><strong>et</strong></span> <span class='ocrx_word' id='word_1_209' title='bbox 788 2930 907 2991; x_wconf 88' lang='lat' dir='ltr'><strong>vertici</strong></span> <span class='ocrx_word' id='word_1_210' title='bbox 925 2929 1080 2993; x_wconf 92' lang='lat' dir='ltr'><strong>Naziraei</strong></span> <span class='ocrx_word' id='word_1_211' title='bbox 1094 2929 1197 2991; x_wconf 82' lang='lat' dir='ltr'><strong>fratrum</strong></span> 
     </span>
     <span class='ocr_line' id='line_1_27' title="bbox 114 3020 1196 3102; baseline 0.001 -18"><span class='ocrx_word' id='word_1_212' title='bbox 114 3020 215 3101; x_wconf 85' lang='lat' dir='ltr'><strong>ejus,&#39;’</strong></span> <span class='ocrx_word' id='word_1_213' title='bbox 228 3020 398 3101; x_wconf 85' lang='lat' dir='ltr'><strong>significat</strong></span> <span class='ocrx_word' id='word_1_214' title='bbox 415 3020 528 3102; x_wconf 91' lang='lat' dir='ltr'><strong>quoad</strong></span> <span class='ocrx_word' id='word_1_215' title='bbox 544 3022 707 3083; x_wconf 89' lang='lat' dir='ltr'><strong>interiora</strong></span> <span class='ocrx_word' id='word_1_216' title='bbox 723 3030 758 3083; x_wconf 87' lang='lat' dir='ltr'><strong>et</strong></span> <span class='ocrx_word' id='word_1_217' title='bbox 774 3020 886 3102; x_wconf 93' lang='lat' dir='ltr'><strong>quoad</strong></span> <span class='ocrx_word' id='word_1_218' title='bbox 903 3023 1079 3084; x_wconf 86' lang='lat' dir='ltr'><strong>exteriora</strong></span> <span class='ocrx_word' id='word_1_219' title='bbox 1093 3031 1196 3095; x_wconf 73' lang='grc' dir='ltr'><strong>(ιιιιιιιιτι)ι</strong></span> 
     </span>
    </p>
   </div>
   <div class='ocr_carea' id='block_1_5' title="bbox 177 3125 606 3209">
    <p class='ocr_par' dir='ltr' id='par_1_5' title="bbox 177 3125 606 3209">
     <span class='ocr_line' id='line_1_28' title="bbox 177 3125 606 3209; baseline -0.005 -19"><span class='ocrx_word' id='word_1_220' title='bbox 177 3126 238 3209; x_wconf 64' lang='lat' dir='ltr'><strong>[ra]</strong></span> <span class='ocrx_word' id='word_1_221' title='bbox 265 3127 369 3207; x_wconf 84' lang='lat' dir='ltr'><strong>Apud</strong></span> <span class='ocrx_word' id='word_1_222' title='bbox 393 3125 606 3199; x_wconf 74' lang='lat' dir='ltr'><strong>Sachariam,</strong></span> 
     </span>
    </p>
   </div>
   <div class='ocr_carea' id='block_1_6' title="bbox 165 3282 1193 3412">
    <p class='ocr_par' dir='ltr' id='par_1_6' title="bbox 165 3282 1193 3412">
     <span class='ocr_line' id='line_1_29' title="bbox 165 3282 1193 3347; baseline -0.001 -15.973"><span class='ocrx_word' id='word_1_223' title='bbox 165 3284 333 3333; x_wconf 83' lang='lat' dir='ltr'><strong>“Potentem</strong></span> <span class='ocrx_word' id='word_1_224' title='bbox 352 3285 449 3332; x_wconf 82' lang='lat' dir='ltr'><strong>faciam</strong></span> <span class='ocrx_word' id='word_1_225' title='bbox 468 3284 578 3332; x_wconf 91' lang='lat' dir='ltr'><strong>domurn</strong></span> <span class='ocrx_word' id='word_1_226' title='bbox 594 3282 722 3347; x_wconf 86' lang='lat' dir='ltr'><strong>Jehudae,</strong></span> <span class='ocrx_word' id='word_1_227' title='bbox 739 3293 766 3332; x_wconf 88' lang='lat' dir='ltr'><strong>et</strong></span> <span class='ocrx_word' id='word_1_228' title='bbox 783 3283 894 3331; x_wconf 90' lang='lat' dir='ltr'><strong>domum</strong></span> <span class='ocrx_word' id='word_1_229' title='bbox 910 3282 1025 3347; x_wconf 89' lang='lat' dir='ltr'><strong>Josephi</strong></span> <span class='ocrx_word' id='word_1_230' title='bbox 1043 3285 1152 3334; x_wconf 76' lang='lat' dir='ltr'><strong>salvabo·</strong></span> <span class='ocrx_word' id='word_1_231' title='bbox 1148 3307 1193 3336; x_wconf 82' lang='lat'><strong>·····</strong></span> 
     </span>
     <span class='ocr_line' id='line_1_30' title="bbox 243 3335 1191 3412; baseline -0.003 -16"><span class='ocrx_word' id='word_1_232' title='bbox 243 3350 305 3397; x_wconf 89' lang='lat' dir='ltr'><strong>hinc</strong></span> <span class='ocrx_word' id='word_1_233' title='bbox 314 3360 391 3398; x_wconf 90' lang='lat' dir='ltr'><strong>erunt</strong></span> <span class='ocrx_word' id='word_1_234' title='bbox 398 3350 465 3398; x_wconf 87' lang='lat' dir='ltr'><strong>sicut</strong></span> <span class='ocrx_word' id='word_1_235' title='bbox 474 3359 571 3411; x_wconf 86' lang='lat' dir='ltr'><strong>potens</strong></span> <span class='ocrx_word' id='word_1_236' title='bbox 581 3349 717 3412; x_wconf 87' lang='lat' dir='ltr'><strong>Ephraim,</strong></span> <span class='ocrx_word' id='word_1_237' title='bbox 727 3359 753 3397; x_wconf 84' lang='lat' dir='ltr'><strong>et</strong></span> <span class='ocrx_word' id='word_1_238' title='bbox 763 3349 905 3397; x_wconf 86' lang='lat' dir='ltr'><strong>laetabitur</strong></span> <span class='ocrx_word' id='word_1_239' title='bbox 914 3364 961 3398; x_wconf 92' lang='lat' dir='ltr'><strong>cor</strong></span> <span class='ocrx_word' id='word_1_240' title='bbox 969 3365 1064 3399; x_wconf 88' lang='lat' dir='ltr'><strong>eorum</strong></span> <span class='ocrx_word' id='word_1_241' title='bbox 1071 3335 1191 3399; x_wconf 81' lang='lat' dir='ltr'><strong>sicutriuo</strong></span> 
     </span>
    </p>
   </div>
   <div class='ocr_carea' id='block_1_7' title="bbox 243 3415 367 3476">
    <p class='ocr_par' dir='ltr' id='par_1_7' title="bbox 243 3415 367 3476">
     <span class='ocr_line' id='line_1_31' title="bbox 243 3415 367 3476; baseline -0.02 -12.798"><span class='ocrx_word' id='word_1_242' title='bbox 243 3415 367 3476; x_wconf 80' lang='lat' dir='ltr'><strong>(x.,:67)</strong></span> 
     </span>
    </p>
   </div>
   <div class='ocr_carea' id='block_1_8' title="bbox 107 3576 1209 4522">
    <p class='ocr_par' dir='ltr' id='par_1_8' title="bbox 107 3576 1209 4522">
     <span class='ocr_line' id='line_1_32' title="bbox 111 3576 1196 3669; baseline -0.006 -19"><span class='ocrx_word' id='word_1_243' title='bbox 111 3609 170 3669; x_wconf 91' lang='lat' dir='ltr'><strong>per</strong></span> <span class='ocrx_word' id='word_1_244' title='bbox 199 3589 365 3650; x_wconf 90' lang='lat' dir='ltr'><strong>“domurn</strong></span> <span class='ocrx_word' id='word_1_245' title='bbox 393 3587 569 3668; x_wconf 73' lang='lat' dir='ltr'><strong>jehudae”</strong></span> <span class='ocrx_word' id='word_1_246' title='bbox 597 3587 650 3650; x_wconf 89' lang='lat' dir='ltr'><strong>hic</strong></span> <span class='ocrx_word' id='word_1_247' title='bbox 680 3586 883 3668; x_wconf 88' lang='lat' dir='ltr'><strong>intelligitur</strong></span> <span class='ocrx_word' id='word_1_248' title='bbox 913 3586 1060 3651; x_wconf 88' lang='lat' dir='ltr'><strong>ecclesia</strong></span> <span class='ocrx_word' id='word_1_249' title='bbox 1085 3576 1196 3669; x_wconf 74' lang='lat' dir='ltr'><strong>quaein</strong></span> 
     </span>
     <span class='ocr_line' id='line_1_33' title="bbox 110 3676 1195 3764; baseline -0.003 -20"><span class='ocrx_word' id='word_1_250' title='bbox 110 3703 225 3745; x_wconf 91' lang='lat' dir='ltr'><strong>amore</strong></span> <span class='ocrx_word' id='word_1_251' title='bbox 254 3685 286 3745; x_wconf 92' lang='lat' dir='ltr'><strong>in</strong></span> <span class='ocrx_word' id='word_1_252' title='bbox 316 3683 509 3755; x_wconf 91' lang='lat' dir='ltr'><strong>Dominum,</strong></span> <span class='ocrx_word' id='word_1_253' title='bbox 534 3703 620 3764; x_wconf 89' lang='lat' dir='ltr'><strong>quae</strong></span> <span class='ocrx_word' id='word_1_254' title='bbox 647 3693 789 3745; x_wconf 91' lang='lat' dir='ltr'><strong>vocatur</strong></span> <span class='ocrx_word' id='word_1_255' title='bbox 815 3681 960 3745; x_wconf 90' lang='lat' dir='ltr'><strong>ecclesia</strong></span> <span class='ocrx_word' id='word_1_256' title='bbox 988 3683 1151 3753; x_wconf 90' lang='lat' dir='ltr'><strong>caelestis;</strong></span> <span class='ocrx_word' id='word_1_257' title='bbox 1172 3676 1195 3732; x_wconf 74' lang='lat' dir='ltr'><strong>el</strong></span> 
     </span>
     <span class='ocr_line' id='line_1_34' title="bbox 111 3763 1196 3858; baseline -0.006 -20"><span class='ocrx_word' id='word_1_258' title='bbox 111 3796 170 3856; x_wconf 89' lang='lat' dir='ltr'><strong>per</strong></span> <span class='ocrx_word' id='word_1_259' title='bbox 191 3777 430 3858; x_wconf 81' lang='lat' dir='ltr'><strong>“Josephum”</strong></span> <span class='ocrx_word' id='word_1_260' title='bbox 449 3776 652 3857; x_wconf 85' lang='lat' dir='ltr'><strong>intelligitur</strong></span> <span class='ocrx_word' id='word_1_261' title='bbox 674 3776 818 3840; x_wconf 89' lang='lat' dir='ltr'><strong>ecclesia</strong></span> <span class='ocrx_word' id='word_1_262' title='bbox 841 3798 927 3858; x_wconf 91' lang='lat' dir='ltr'><strong>quae</strong></span> <span class='ocrx_word' id='word_1_263' title='bbox 951 3778 985 3839; x_wconf 93' lang='lat' dir='ltr'><strong>in</strong></span> <span class='ocrx_word' id='word_1_264' title='bbox 1010 3779 1098 3840; x_wconf 92' lang='lat' dir='ltr'><strong>bono</strong></span> <span class='ocrx_word' id='word_1_265' title='bbox 1118 3763 1196 3837; x_wconf 84' lang='lat' dir='ltr'><strong>chari·</strong></span> 
     </span>
     <span class='ocr_line' id='line_1_35' title="bbox 110 3871 1197 3953; baseline 0 -19"><span class='ocrx_word' id='word_1_266' title='bbox 110 3873 192 3934; x_wconf 89' lang='lat' dir='ltr'><strong>tatis</strong></span> <span class='ocrx_word' id='word_1_267' title='bbox 212 3883 247 3935; x_wconf 93' lang='lat' dir='ltr'><strong>et</strong></span> <span class='ocrx_word' id='word_1_268' title='bbox 268 3874 354 3934; x_wconf 90' lang='lat' dir='ltr'><strong>veris</strong></span> <span class='ocrx_word' id='word_1_269' title='bbox 374 3871 461 3944; x_wconf 90' lang='lat' dir='ltr'><strong>fidei,</strong></span> <span class='ocrx_word' id='word_1_270' title='bbox 482 3893 568 3952; x_wconf 90' lang='lat' dir='ltr'><strong>quae</strong></span> <span class='ocrx_word' id='word_1_271' title='bbox 588 3883 729 3934; x_wconf 92' lang='lat' dir='ltr'><strong>vocatur</strong></span> <span class='ocrx_word' id='word_1_272' title='bbox 752 3871 897 3934; x_wconf 90' lang='lat' dir='ltr'><strong>ecclesia</strong></span> <span class='ocrx_word' id='word_1_273' title='bbox 916 3873 1117 3953; x_wconf 89' lang='lat' dir='ltr'><strong>spiritualis;</strong></span> <span class='ocrx_word' id='word_1_274' title='bbox 1139 3879 1197 3948; x_wconf 88' lang='lat' dir='ltr'><strong>quo</strong></span> 
     </span>
     <span class='ocr_line' id='line_1_36' title="bbox 110 3959 1199 4069; baseline -0.003 -43"><span class='ocrx_word' id='word_1_275' title='bbox 110 3967 199 4028; x_wconf 92' lang='lat' dir='ltr'><strong>niam</strong></span> <span class='ocrx_word' id='word_1_276' title='bbox 219 3987 298 4029; x_wconf 90' lang='lat' dir='ltr'><strong>vera</strong></span> <span class='ocrx_word' id='word_1_277' title='bbox 315 3966 403 4027; x_wconf 92' lang='lat' dir='ltr'><strong>illius</strong></span> <span class='ocrx_word' id='word_1_278' title='bbox 423 3966 586 4029; x_wconf 89' lang='lat' dir='ltr'><strong>ecclesiae</strong></span> <span class='ocrx_word' id='word_1_279' title='bbox 607 3968 798 4047; x_wconf 89' lang='lat' dir='ltr'><strong>potentiam</strong></span> <span class='ocrx_word' id='word_1_280' title='bbox 818 3988 863 4028; x_wconf 85' lang='lat' dir='ltr'><strong>ex</strong></span> <span class='ocrx_word' id='word_1_281' title='bbox 883 3967 975 4030; x_wconf 92' lang='lat' dir='ltr'><strong>bono</strong></span> <span class='ocrx_word' id='word_1_282' title='bbox 995 3966 1129 4038; x_wconf 89' lang='lat' dir='ltr'><strong>habent,</strong></span> <span class='ocrx_word' id='word_1_283' title='bbox 1145 3959 1199 4069; x_wconf 74' lang='lat' dir='ltr'><strong>idt⁰¹</strong></span> 
     </span>
     <span class='ocr_line' id='line_1_37' title="bbox 109 4043 1199 4172; baseline -0.003 -51"><span class='ocrx_word' id='word_1_284' title='bbox 109 4059 364 4142; x_wconf 84' lang='lat' dir='ltr'><strong>diciturquod¹‘</strong></span> <span class='ocrx_word' id='word_1_285' title='bbox 373 4072 471 4123; x_wconf 88' lang='lat' dir='ltr'><strong>erunt</strong></span> <span class='ocrx_word' id='word_1_286' title='bbox 485 4060 910 4143; x_wconf 85' lang='lat' dir='ltr'><strong>srcutpotensEphrarm</strong></span> <span class='ocrx_word' id='word_1_287' title='bbox 922 4068 1022 4125; x_wconf 91' lang='lat' dir='ltr'><strong>nam‘</strong></span> <span class='ocrx_word' id='word_1_288' title='bbox 1028 4043 1199 4172; x_wconf 80' lang='lat' dir='ltr'><strong>‘Ephrairn&#39;’</strong></span> 
     </span>
     <span class='ocr_line' id='line_1_38' title="bbox 108 4151 1201 4235; baseline 0 -20"><span class='ocrx_word' id='word_1_289' title='bbox 108 4154 277 4235; x_wconf 82' lang='lat' dir='ltr'><strong>significat</strong></span> <span class='ocrx_word' id='word_1_290' title='bbox 298 4176 413 4218; x_wconf 89' lang='lat' dir='ltr'><strong>verum</strong></span> <span class='ocrx_word' id='word_1_291' title='bbox 433 4177 478 4217; x_wconf 88' lang='lat' dir='ltr'><strong>ex</strong></span> <span class='ocrx_word' id='word_1_292' title='bbox 502 4157 620 4219; x_wconf 93' lang='lat' dir='ltr'><strong>bono</strong></span> <span class='ocrx_word' id='word_1_293' title='bbox 612 4176 645 4218; x_wconf 87' lang='lat' dir='ltr'><strong>rn</strong></span> <span class='ocrx_word' id='word_1_294' title='bbox 665 4155 811 4219; x_wconf 88' lang='lat' dir='ltr'><strong>naturali</strong></span> <span class='ocrx_word' id='word_1_295' title='bbox 834 4156 984 4230; x_wconf 91' lang='lat' dir='ltr'><strong>homine,</strong></span> <span class='ocrx_word' id='word_1_296' title='bbox 1006 4159 1058 4220; x_wconf 93' lang='lat' dir='ltr'><strong>cui</strong></span> <span class='ocrx_word' id='word_1_297' title='bbox 1077 4175 1149 4221; x_wconf 90' lang='lat' dir='ltr'><strong>vero</strong></span> <span class='ocrx_word' id='word_1_298' title='bbox 1163 4151 1201 4215; x_wconf 65' lang='lat' dir='ltr'><strong>esi</strong></span> 
     </span>
     <span class='ocr_line' id='line_1_39' title="bbox 108 4238 1205 4335; baseline 0 -24"><span class='ocrx_word' id='word_1_299' title='bbox 108 4252 283 4330; x_wconf 85' lang='lat' dir='ltr'><strong>potentia:</strong></span> <span class='ocrx_word' id='word_1_300' title='bbox 316 4251 475 4330; x_wconf 85' lang='lat' dir='ltr'><strong>gaudium</strong></span> <span class='ocrx_word' id='word_1_301' title='bbox 500 4272 615 4314; x_wconf 91' lang='lat' dir='ltr'><strong>eorum</strong></span> <span class='ocrx_word' id='word_1_302' title='bbox 639 4272 684 4314; x_wconf 88' lang='lat' dir='ltr'><strong>ex</strong></span> <span class='ocrx_word' id='word_1_303' title='bbox 707 4253 794 4314; x_wconf 89' lang='lat' dir='ltr'><strong>veris</strong></span> <span class='ocrx_word' id='word_1_304' title='bbox 824 4250 1036 4332; x_wconf 87' lang='lat' dir='ltr'><strong>significatur</strong></span> <span class='ocrx_word' id='word_1_305' title='bbox 1059 4274 1118 4335; x_wconf 89' lang='lat' dir='ltr'><strong>per</strong></span> <span class='ocrx_word' id='word_1_306' title='bbox 1136 4238 1205 4332; x_wconf 75' lang='lat' dir='ltr'><strong>quud</strong></span> 
     </span>
     <span class='ocr_line' id='line_1_40' title="bbox 110 4343 1209 4429; baseline 0.001 -24"><span class='ocrx_word' id='word_1_307' title='bbox 110 4343 324 4407; x_wconf 86' lang='lat' dir='ltr'><strong>“laetabitur</strong></span> <span class='ocrx_word' id='word_1_308' title='bbox 355 4366 412 4407; x_wconf 92' lang='lat' dir='ltr'><strong>cor</strong></span> <span class='ocrx_word' id='word_1_309' title='bbox 446 4366 561 4408; x_wconf 90' lang='lat' dir='ltr'><strong>eorum</strong></span> <span class='ocrx_word' id='word_1_310' title='bbox 591 4348 677 4409; x_wconf 87' lang='lat' dir='ltr'><strong>sicut</strong></span> <span class='ocrx_word' id='word_1_311' title='bbox 709 4348 787 4408; x_wconf 92' lang='lat' dir='ltr'><strong>vino</strong></span> <span class='ocrx_word' id='word_1_312' title='bbox 800 4346 826 4423; x_wconf 90' lang='grc'><strong>;”</strong></span> <span class='ocrx_word' id='word_1_313' title='bbox 863 4347 1032 4410; x_wconf 85' lang='lat' dir='ltr'><strong>“vinum&#39;’</strong></span> <span class='ocrx_word' id='word_1_314' title='bbox 1063 4344 1209 4429; x_wconf 80' lang='lat' dir='ltr'><strong>significat</strong></span> 
     </span>
     <span class='ocr_line' id='line_1_41' title="bbox 107 4440 793 4522; baseline 0.004 -20"><span class='ocrx_word' id='word_1_315' title='bbox 107 4460 223 4502; x_wconf 90' lang='lat' dir='ltr'><strong>verum</strong></span> <span class='ocrx_word' id='word_1_316' title='bbox 243 4461 288 4503; x_wconf 89' lang='lat' dir='ltr'><strong>ex</strong></span> <span class='ocrx_word' id='word_1_317' title='bbox 309 4441 408 4503; x_wconf 92' lang='lat' dir='ltr'><strong>bono.</strong></span> <span class='ocrx_word' id='word_1_318' title='bbox 454 4440 559 4522; x_wconf 86' lang='lat' dir='ltr'><strong>Apud</strong></span> <span class='ocrx_word' id='word_1_319' title='bbox 578 4441 793 4516; x_wconf 74' lang='lat' dir='ltr'><strong>Ezechielem,</strong></span> 
     </span>
    </p>
   </div>
   <div class='ocr_carea' id='block_1_9' title="bbox 0 0 1346 4988">
    <p class='ocr_par' dir='ltr' id='par_1_9' title="bbox 0 0 1346 4988">
     <span class='ocr_line' id='line_1_42' title="bbox 0 0 1346 4988; baseline 0 1"><span class='ocrx_word' id='word_1_320' title='bbox 0 0 1346 4988; x_wconf 95' lang='lat' dir='ltr'><strong> </strong></span> 
     </span>
    </p>
   </div>
  </div>
 </body>
</html>
