<?xml version="1.0" encoding="UTF-8"?>
<!DOCTYPE html PUBLIC "-//W3C//DTD XHTML 1.0 Transitional//EN"
    "http://www.w3.org/TR/xhtml1/DTD/xhtml1-transitional.dtd">
<html xmlns="http://www.w3.org/1999/xhtml" xml:lang="en" lang="en">
 <head>
  <title>
</title>
<meta http-equiv="Content-Type" content="text/html;charset=utf-8" />
  <meta name='ocr-system' content='tesseract 3.04.00' />
  <meta name='ocr-capabilities' content='ocr_page ocr_carea ocr_par ocr_line ocrx_word'/>
</head>
<body>
  <div class='ocr_page' id='page_1' title='image "./apocalypsisexpl00swedgoog_0147.png"; bbox 0 0 2684 4988; ppageno 0'>
   <div class='ocr_carea' id='block_1_1' title="bbox 393 435 1227 550">
    <p class='ocr_par' dir='ltr' id='par_1_1' title="bbox 393 435 1227 550">
     <span class='ocr_line' id='line_1_1' title="bbox 393 435 1227 550; baseline -0.004 -20"><span class='ocrx_word' id='word_1_1' title='bbox 393 479 477 530; x_wconf 75' lang='lat' dir='ltr'>cnr.</span> <span class='ocrx_word' id='word_1_2' title='bbox 494 478 555 539; x_wconf 90' lang='lat' dir='ltr'>v1.,</span> <span class='ocrx_word' id='word_1_3' title='bbox 572 478 676 528; x_wconf 76' lang='lat' dir='ltr'>vans.</span> <span class='ocrx_word' id='word_1_4' title='bbox 693 435 802 527; x_wconf 81' lang='lat' dir='ltr'>8.-u.</span> <span class='ocrx_word' id='word_1_5' title='bbox 820 463 939 548; x_wconf 82' lang='lat' dir='ltr'>386[c].</span> <span class='ocrx_word' id='word_1_6' title='bbox 1163 481 1227 550; x_wconf 87' lang='lat'>799</span> 
     </span>
    </p>
   </div>
   <div class='ocr_carea' id='block_1_2' title="bbox 115 646 1226 1569">
    <p class='ocr_par' dir='ltr' id='par_1_2' title="bbox 115 646 1226 1569">
     <span class='ocr_line' id='line_1_2' title="bbox 115 646 1226 729; baseline 0.003 -20"><span class='ocrx_word' id='word_1_7' title='bbox 115 647 268 711; x_wconf 83' lang='lat' dir='ltr'>desolatio</span> <span class='ocrx_word' id='word_1_8' title='bbox 291 656 352 710; x_wconf 93' lang='lat' dir='ltr'>aut</span> <span class='ocrx_word' id='word_1_9' title='bbox 381 648 540 710; x_wconf 91' lang='lat' dir='ltr'>interitus</span> <span class='ocrx_word' id='word_1_10' title='bbox 562 646 725 710; x_wconf 86' lang='lat' dir='ltr'>ecclesiae</span> <span class='ocrx_word' id='word_1_11' title='bbox 748 647 792 710; x_wconf 93' lang='lat' dir='ltr'>ob</span> <span class='ocrx_word' id='word_1_12' title='bbox 815 667 881 710; x_wconf 93' lang='lat' dir='ltr'>non</span> <span class='ocrx_word' id='word_1_13' title='bbox 906 648 1119 729; x_wconf 84' lang='lat' dir='ltr'><strong>cognitiones</strong></span> <span class='ocrx_word' id='word_1_14' title='bbox 1146 651 1226 713; x_wconf 93' lang='lat' dir='ltr'>boni</span> 
     </span>
     <span class='ocr_line' id='line_1_3' title="bbox 120 741 1224 824; baseline 0.004 -20"><span class='ocrx_word' id='word_1_15' title='bbox 120 752 149 805; x_wconf 92' lang='lat' dir='ltr'>et</span> <span class='ocrx_word' id='word_1_16' title='bbox 166 744 240 814; x_wconf 86' lang='lat' dir='ltr'>veri,</span> <span class='ocrx_word' id='word_1_17' title='bbox 263 741 476 823; x_wconf 83' lang='lat' dir='ltr'>significatur</span> <span class='ocrx_word' id='word_1_18' title='bbox 499 763 557 824; x_wconf 90' lang='lat' dir='ltr'>per</span> <span class='ocrx_word' id='word_1_19' title='bbox 582 741 775 805; x_wconf 84' lang='lat' dir='ltr'>“Exulabit</span> <span class='ocrx_word' id='word_1_20' title='bbox 802 743 944 824; x_wconf 92' lang='lat' dir='ltr'>populus</span> <span class='ocrx_word' id='word_1_21' title='bbox 969 763 1062 806; x_wconf 87' lang='lat' dir='ltr'>meus</span> <span class='ocrx_word' id='word_1_22' title='bbox 1088 745 1133 807; x_wconf 93' lang='lat' dir='ltr'>ob</span> <span class='ocrx_word' id='word_1_23' title='bbox 1155 765 1224 808; x_wconf 94' lang='lat' dir='ltr'>non</span> 
     </span>
     <span class='ocr_line' id='line_1_4' title="bbox 126 835 1226 918; baseline 0.003 -20"><span class='ocrx_word' id='word_1_24' title='bbox 126 837 277 898; x_wconf 82' lang='lat' dir='ltr'>scientiam</span> <span class='ocrx_word' id='word_1_25' title='bbox 290 837 316 910; x_wconf 88' lang='lat'>;&#39;’</span> <span class='ocrx_word' id='word_1_26' title='bbox 330 837 493 898; x_wconf 91' lang='lat' dir='ltr'>Divinum</span> <span class='ocrx_word' id='word_1_27' title='bbox 506 835 632 898; x_wconf 93' lang='lat' dir='ltr'>Verum</span> <span class='ocrx_word' id='word_1_28' title='bbox 643 837 731 918; x_wconf 90' lang='lat' dir='ltr'>quod</span> <span class='ocrx_word' id='word_1_29' title='bbox 742 837 820 900; x_wconf 83' lang='lat' dir='ltr'>lacit</span> <span class='ocrx_word' id='word_1_30' title='bbox 832 837 1009 900; x_wconf 90' lang='lat' dir='ltr'>ecclesiam</span> <span class='ocrx_word' id='word_1_31' title='bbox 1020 837 1226 918; x_wconf 87' lang='lat' dir='ltr'>significatur</span> 
     </span>
     <span class='ocr_line' id='line_1_5' title="bbox 131 931 1224 1012; baseline 0.001 -20"><span class='ocrx_word' id='word_1_32' title='bbox 131 950 174 1011; x_wconf 86' lang='lat' dir='ltr'>per</span> <span class='ocrx_word' id='word_1_33' title='bbox 186 931 350 1011; x_wconf 83' lang='lat' dir='ltr'>“gloriam</span> <span class='ocrx_word' id='word_1_34' title='bbox 366 931 391 1006; x_wconf 86' lang='grc'>;”</span> <span class='ocrx_word' id='word_1_35' title='bbox 415 931 506 1012; x_wconf 93' lang='lat' dir='ltr'>quod</span> <span class='ocrx_word' id='word_1_36' title='bbox 525 931 557 992; x_wconf 93' lang='lat' dir='ltr'>id</span> <span class='ocrx_word' id='word_1_37' title='bbox 577 951 644 992; x_wconf 95' lang='lat' dir='ltr'>non</span> <span class='ocrx_word' id='word_1_38' title='bbox 661 932 715 1005; x_wconf 93' lang='lat' dir='ltr'>sit,</span> <span class='ocrx_word' id='word_1_39' title='bbox 732 942 767 994; x_wconf 94' lang='lat' dir='ltr'>et</span> <span class='ocrx_word' id='word_1_40' title='bbox 785 932 864 993; x_wconf 88' lang='lat' dir='ltr'>inde</span> <span class='ocrx_word' id='word_1_41' title='bbox 880 951 948 993; x_wconf 93' lang='lat' dir='ltr'>non</span> <span class='ocrx_word' id='word_1_42' title='bbox 967 931 1103 1005; x_wconf 89' lang='lat' dir='ltr'>bonum,</span> <span class='ocrx_word' id='word_1_43' title='bbox 1121 933 1224 1012; x_wconf 91' lang='lat' dir='ltr'>signi·</span> 
     </span>
     <span class='ocr_line' id='line_1_6' title="bbox 135 1023 1226 1106; baseline 0.002 -20"><span class='ocrx_word' id='word_1_44' title='bbox 135 1023 225 1087; x_wconf 87' lang='lat' dir='ltr'>icatur</span> <span class='ocrx_word' id='word_1_45' title='bbox 236 1045 293 1106; x_wconf 92' lang='lat' dir='ltr'>per</span> <span class='ocrx_word' id='word_1_46' title='bbox 304 1025 396 1106; x_wconf 91' lang='lat' dir='ltr'>quod</span> <span class='ocrx_word' id='word_1_47' title='bbox 413 1024 551 1104; x_wconf 86' lang='lat' dir='ltr'>“gloria</span> <span class='ocrx_word' id='word_1_48' title='bbox 563 1024 632 1105; x_wconf 89' lang='lat' dir='ltr'>ejus</span> <span class='ocrx_word' id='word_1_49' title='bbox 645 1026 711 1087; x_wconf 90' lang='lat' dir='ltr'>sint</span> <span class='ocrx_word' id='word_1_50' title='bbox 728 1025 881 1088; x_wconf 90' lang='lat' dir='ltr'>homines</span> <span class='ocrx_word' id='word_1_51' title='bbox 893 1025 988 1087; x_wconf 86' lang='lat' dir='ltr'>samis</span> <span class='ocrx_word' id='word_1_52' title='bbox 1002 1025 1027 1102; x_wconf 89' lang='lat'>;”</span> <span class='ocrx_word' id='word_1_53' title='bbox 1044 1026 1226 1089; x_wconf 88' lang='lat' dir='ltr'>“homines</span> 
     </span>
     <span class='ocr_line' id='line_1_7' title="bbox 138 1106 1225 1200; baseline 0.003 -21"><span class='ocrx_word' id='word_1_54' title='bbox 138 1117 227 1180; x_wconf 87' lang='lat' dir='ltr'>larnis&#39;&#39;</span> <span class='ocrx_word' id='word_1_55' title='bbox 238 1129 313 1181; x_wconf 88' lang='lat' dir='ltr'>sunt</span> <span class='ocrx_word' id='word_1_56' title='bbox 330 1120 386 1200; x_wconf 94' lang='lat' dir='ltr'>qui</span> <span class='ocrx_word' id='word_1_57' title='bbox 404 1120 437 1180; x_wconf 95' lang='lat' dir='ltr'>in</span> <span class='ocrx_word' id='word_1_58' title='bbox 455 1106 545 1181; x_wconf 75' lang='lat' dir='ltr'>n&#39;ulla</span> <span class='ocrx_word' id='word_1_59' title='bbox 562 1120 779 1200; x_wconf 85' lang='lat' dir='ltr'>perceptione</span> <span class='ocrx_word' id='word_1_60' title='bbox 796 1120 874 1182; x_wconf 93' lang='lat' dir='ltr'>boni</span> <span class='ocrx_word' id='word_1_61' title='bbox 891 1129 926 1182; x_wconf 86' lang='lat' dir='ltr'>et</span> <span class='ocrx_word' id='word_1_62' title='bbox 943 1120 975 1181; x_wconf 92' lang='lat' dir='ltr'>in</span> <span class='ocrx_word' id='word_1_63' title='bbox 992 1119 1091 1182; x_wconf 85' lang='lat' dir='ltr'>nullis</span> <span class='ocrx_word' id='word_1_64' title='bbox 1107 1121 1225 1200; x_wconf 88' lang='lat' dir='ltr'>cogni-</span> 
     </span>
     <span class='ocr_line' id='line_1_8' title="bbox 141 1213 1225 1295; baseline 0.002 -22"><span class='ocrx_word' id='word_1_65' title='bbox 141 1213 254 1274; x_wconf 87' lang='lat' dir='ltr'>tionibus</span> <span class='ocrx_word' id='word_1_66' title='bbox 266 1214 333 1274; x_wconf 90' lang='lat' dir='ltr'>veri</span> <span class='ocrx_word' id='word_1_67' title='bbox 346 1233 353 1274; x_wconf 93' lang='lat'><strong>:</strong></span> <span class='ocrx_word' id='word_1_68' title='bbox 379 1224 414 1275; x_wconf 92' lang='lat' dir='ltr'>et</span> <span class='ocrx_word' id='word_1_69' title='bbox 428 1214 518 1294; x_wconf 90' lang='lat' dir='ltr'>quod</span> <span class='ocrx_word' id='word_1_70' title='bbox 532 1213 609 1276; x_wconf 90' lang='lat' dir='ltr'>inde</span> <span class='ocrx_word' id='word_1_71' title='bbox 623 1233 690 1275; x_wconf 89' lang='lat' dir='ltr'>non</span> <span class='ocrx_word' id='word_1_72' title='bbox 704 1233 829 1285; x_wconf 88' lang='lat' dir='ltr'>verum,</span> <span class='ocrx_word' id='word_1_73' title='bbox 844 1213 1051 1293; x_wconf 89' lang='lat' dir='ltr'>significatur</span> <span class='ocrx_word' id='word_1_74' title='bbox 1064 1233 1122 1295; x_wconf 89' lang='lat' dir='ltr'>per</span> <span class='ocrx_word' id='word_1_75' title='bbox 1135 1213 1225 1295; x_wconf 91' lang='lat' dir='ltr'>quod</span> 
     </span>
     <span class='ocr_line' id='line_1_9' title="bbox 143 1304 1226 1385; baseline 0.001 -18"><span class='ocrx_word' id='word_1_76' title='bbox 143 1305 318 1368; x_wconf 85' lang='lat' dir='ltr'>“multitudo</span> <span class='ocrx_word' id='word_1_77' title='bbox 343 1304 415 1385; x_wconf 88' lang='lat' dir='ltr'>ejus</span> <span class='ocrx_word' id='word_1_78' title='bbox 441 1307 485 1369; x_wconf 93' lang='lat' dir='ltr'>sit</span> <span class='ocrx_word' id='word_1_79' title='bbox 512 1307 602 1368; x_wconf 87' lang='lat' dir='ltr'>sicca</span> <span class='ocrx_word' id='word_1_80' title='bbox 628 1308 682 1369; x_wconf 92' lang='lat' dir='ltr'>siti</span> <span class='ocrx_word' id='word_1_81' title='bbox 697 1306 723 1384; x_wconf 88' lang='lat'>;”</span> <span class='ocrx_word' id='word_1_82' title='bbox 751 1308 868 1369; x_wconf 87' lang='lat' dir='ltr'>“sicca</span> <span class='ocrx_word' id='word_1_83' title='bbox 894 1308 949 1369; x_wconf 90' lang='lat' dir='ltr'>siti</span> <span class='ocrx_word' id='word_1_84' title='bbox 959 1306 974 1329; x_wconf 78' lang='lat'>&#39;⁹</span> <span class='ocrx_word' id='word_1_85' title='bbox 996 1317 1049 1369; x_wconf 92' lang='lat' dir='ltr'>est</span> <span class='ocrx_word' id='word_1_86' title='bbox 1076 1305 1226 1369; x_wconf 77' lang='lat' dir='ltr'>desedius</span> 
     </span>
     <span class='ocr_line' id='line_1_10' title="bbox 144 1400 1225 1483; baseline 0.003 -24"><span class='ocrx_word' id='word_1_87' title='bbox 144 1400 198 1469; x_wconf 79' lang='lat' dir='ltr'>reri,</span> <span class='ocrx_word' id='word_1_88' title='bbox 211 1420 244 1462; x_wconf 89' lang='lat' dir='ltr'>ac</span> <span class='ocrx_word' id='word_1_89' title='bbox 260 1400 472 1463; x_wconf 84' lang='lat' dir='ltr'>“multitudo</span> <span class='ocrx_word' id='word_1_90' title='bbox 480 1400 496 1425; x_wconf 91' lang='grc'>”</span> <span class='ocrx_word' id='word_1_91' title='bbox 511 1401 544 1462; x_wconf 92' lang='lat' dir='ltr'>in</span> <span class='ocrx_word' id='word_1_92' title='bbox 562 1400 678 1465; x_wconf 90' lang='lat' dir='ltr'>Verbo</span> <span class='ocrx_word' id='word_1_93' title='bbox 694 1401 907 1483; x_wconf 88' lang='lat' dir='ltr'>praedicatur</span> <span class='ocrx_word' id='word_1_94' title='bbox 922 1401 965 1464; x_wconf 93' lang='lat' dir='ltr'>de</span> <span class='ocrx_word' id='word_1_95' title='bbox 981 1403 1078 1464; x_wconf 90' lang='lat' dir='ltr'>veris.</span> <span class='ocrx_word' id='word_1_96' title='bbox 1122 1400 1225 1483; x_wconf 87' lang='lat' dir='ltr'>Apud</span> 
     </span>
     <span class='ocr_line' id='line_1_11' title="bbox 146 1495 264 1569; baseline 0.034 -15"><span class='ocrx_word' id='word_1_97' title='bbox 146 1495 264 1569; x_wconf 89' lang='lat' dir='ltr'>eundem,</span> 
     </span>
    </p>
   </div>
   <div class='ocr_carea' id='block_1_3' title="bbox 179 1616 1227 1879">
    <p class='ocr_par' dir='ltr' id='par_1_3' title="bbox 179 1616 1227 1879">
     <span class='ocr_line' id='line_1_12' title="bbox 179 1616 1227 1682; baseline 0.002 -16"><span class='ocrx_word' id='word_1_98' title='bbox 179 1616 302 1680; x_wconf 82' lang='lat' dir='ltr'>“Populus</span> <span class='ocrx_word' id='word_1_99' title='bbox 313 1618 400 1668; x_wconf 84' lang='lat' dir='ltr'>Deum</span> <span class='ocrx_word' id='word_1_100' title='bbox 412 1634 489 1668; x_wconf 87' lang='lat' dir='ltr'>suum</span> <span class='ocrx_word' id='word_1_101' title='bbox 498 1630 630 1682; x_wconf 79' lang='lat' dir='ltr'>quaeret..</span> <span class='ocrx_word' id='word_1_102' title='bbox 640 1657 645 1669; x_wconf 95' lang='lat'>.</span> <span class='ocrx_word' id='word_1_103' title='bbox 657 1619 754 1681; x_wconf 85' lang='lat' dir='ltr'>.legem</span> <span class='ocrx_word' id='word_1_104' title='bbox 765 1629 791 1668; x_wconf 94' lang='lat' dir='ltr'>et</span> <span class='ocrx_word' id='word_1_105' title='bbox 803 1620 987 1669; x_wconf 81' lang='lat' dir='ltr'>testimonium</span> <span class='ocrx_word' id='word_1_106' title='bbox 998 1634 1016 1676; x_wconf 79' lang='grc' dir='ltr'>ς.</span> <span class='ocrx_word' id='word_1_107' title='bbox 1027 1634 1118 1669; x_wconf 89' lang='lat' dir='ltr'>..nam</span> <span class='ocrx_word' id='word_1_108' title='bbox 1131 1618 1227 1668; x_wconf 82' lang='lat' dir='ltr'>transl·</span> 
     </span>
     <span class='ocr_line' id='line_1_13' title="bbox 239 1684 1224 1749; baseline 0 -17"><span class='ocrx_word' id='word_1_109' title='bbox 239 1685 274 1732; x_wconf 90' lang='lat' dir='ltr'>bit</span> <span class='ocrx_word' id='word_1_110' title='bbox 281 1699 339 1733; x_wconf 84' lang='lat' dir='ltr'>eam</span> <span class='ocrx_word' id='word_1_111' title='bbox 348 1685 493 1747; x_wconf 89' lang='lat' dir='ltr'>perplexus</span> <span class='ocrx_word' id='word_1_112' title='bbox 500 1695 526 1734; x_wconf 87' lang='lat' dir='ltr'>ec</span> <span class='ocrx_word' id='word_1_113' title='bbox 536 1684 674 1734; x_wconf 80' lang='lat' dir='ltr'>famelicus</span> <span class='ocrx_word' id='word_1_114' title='bbox 683 1700 690 1742; x_wconf 84' lang='lat'><strong>;</strong></span> <span class='ocrx_word' id='word_1_115' title='bbox 704 1685 801 1749; x_wconf 81' lang='lat' dir='ltr'>fietque</span> <span class='ocrx_word' id='word_1_116' title='bbox 808 1700 867 1734; x_wconf 87' lang='lat' dir='ltr'>cum</span> <span class='ocrx_word' id='word_1_117' title='bbox 876 1686 1024 1742; x_wconf 82' lang='lat' dir='ltr'>esuriverit,</span> <span class='ocrx_word' id='word_1_118' title='bbox 1034 1685 1224 1747; x_wconf 87' lang='lat' dir='ltr'>indignabitur,</span> 
     </span>
     <span class='ocr_line' id='line_1_14' title="bbox 239 1751 1226 1812; baseline 0.001 -15"><span class='ocrx_word' id='word_1_119' title='bbox 239 1760 264 1798; x_wconf 88' lang='lat' dir='ltr'>et</span> <span class='ocrx_word' id='word_1_120' title='bbox 281 1751 422 1798; x_wconf 85' lang='lat' dir='ltr'>maledicet</span> <span class='ocrx_word' id='word_1_121' title='bbox 439 1751 496 1811; x_wconf 83' lang='lat' dir='ltr'>regi</span> <span class='ocrx_word' id='word_1_122' title='bbox 514 1765 563 1799; x_wconf 83' lang='lat' dir='ltr'>suo</span> <span class='ocrx_word' id='word_1_123' title='bbox 577 1760 604 1798; x_wconf 87' lang='lat' dir='ltr'>et</span> <span class='ocrx_word' id='word_1_124' title='bbox 617 1751 669 1799; x_wconf 84' lang='lat' dir='ltr'>diis</span> <span class='ocrx_word' id='word_1_125' title='bbox 681 1752 746 1806; x_wconf 80' lang='lat' dir='ltr'>suis,</span> <span class='ocrx_word' id='word_1_126' title='bbox 760 1761 787 1800; x_wconf 88' lang='lat' dir='ltr'>et</span> <span class='ocrx_word' id='word_1_127' title='bbox 799 1751 925 1812; x_wconf 77' lang='lat' dir='ltr'>suspiciet</span> <span class='ocrx_word' id='word_1_128' title='bbox 937 1764 1059 1808; x_wconf 84' lang='lat' dir='ltr'>sursum;</span> <span class='ocrx_word' id='word_1_129' title='bbox 1077 1751 1110 1799; x_wconf 87' lang='lat' dir='ltr'>ad</span> <span class='ocrx_word' id='word_1_130' title='bbox 1128 1760 1226 1799; x_wconf 89' lang='lat' dir='ltr'>terram</span> 
     </span>
     <span class='ocr_line' id='line_1_15' title="bbox 239 1813 1089 1879; baseline 0.001 -17"><span class='ocrx_word' id='word_1_131' title='bbox 239 1815 315 1862; x_wconf 87' lang='lat' dir='ltr'>etiarn</span> <span class='ocrx_word' id='word_1_132' title='bbox 328 1813 470 1876; x_wconf 75' lang='lat' dir='ltr'>spedlabit,</span> <span class='ocrx_word' id='word_1_133' title='bbox 484 1816 532 1864; x_wconf 86' lang='lat' dir='ltr'>sed</span> <span class='ocrx_word' id='word_1_134' title='bbox 544 1831 604 1865; x_wconf 89' lang='lat' dir='ltr'>ecce</span> <span class='ocrx_word' id='word_1_135' title='bbox 616 1817 740 1878; x_wconf 85' lang='lat' dir='ltr'>angustia</span> <span class='ocrx_word' id='word_1_136' title='bbox 752 1825 779 1866; x_wconf 90' lang='lat' dir='ltr'>et</span> <span class='ocrx_word' id='word_1_137' title='bbox 790 1817 875 1879; x_wconf 83' lang='lat' dir='ltr'>caligo</span> <span class='ocrx_word' id='word_1_138' title='bbox 884 1815 898 1834; x_wconf 89' lang='lat'><strong>”</strong></span> <span class='ocrx_word' id='word_1_139' title='bbox 910 1816 974 1877; x_wconf 86' lang='lat' dir='ltr'>(viii.</span> <span class='ocrx_word' id='word_1_140' title='bbox 987 1817 1089 1877; x_wconf 81' lang='lat'>19-22):</span> 
     </span>
    </p>
   </div>
   <div class='ocr_carea' id='block_1_4' title="bbox 130 1943 1227 2964">
    <p class='ocr_par' dir='ltr' id='par_1_4' title="bbox 130 1943 1227 2964">
     <span class='ocr_line' id='line_1_16' title="bbox 149 1943 1225 2028; baseline 0.001 -22"><span class='ocrx_word' id='word_1_141' title='bbox 149 1943 223 2021; x_wconf 77' lang='lat' dir='ltr'>agitur</span> <span class='ocrx_word' id='word_1_142' title='bbox 237 1947 279 2008; x_wconf 93' lang='lat' dir='ltr'>ibi</span> <span class='ocrx_word' id='word_1_143' title='bbox 298 1947 341 2008; x_wconf 90' lang='lat' dir='ltr'>de</span> <span class='ocrx_word' id='word_1_144' title='bbox 360 1946 498 2028; x_wconf 91' lang='lat' dir='ltr'>illisqui</span> <span class='ocrx_word' id='word_1_145' title='bbox 518 1948 550 2009; x_wconf 90' lang='lat' dir='ltr'>in</span> <span class='ocrx_word' id='word_1_146' title='bbox 569 1947 661 2010; x_wconf 82' lang='lat' dir='ltr'>falsis</span> <span class='ocrx_word' id='word_1_147' title='bbox 679 1959 758 2011; x_wconf 89' lang='lat' dir='ltr'>sunt</span> <span class='ocrx_word' id='word_1_148' title='bbox 777 1968 821 2011; x_wconf 86' lang='lat' dir='ltr'>ex</span> <span class='ocrx_word' id='word_1_149' title='bbox 840 1945 973 2011; x_wconf 71' lang='lat' dir='ltr'>delectu</span> <span class='ocrx_word' id='word_1_150' title='bbox 992 1946 1225 2028; x_wconf 86' lang='lat' dir='ltr'>cognitionum</span> 
     </span>
     <span class='ocr_line' id='line_1_17' title="bbox 150 2039 1226 2123; baseline 0.007 -28"><span class='ocrx_word' id='word_1_151' title='bbox 150 2039 234 2101; x_wconf 85' lang='lat' dir='ltr'>veriet</span> <span class='ocrx_word' id='word_1_152' title='bbox 251 2040 340 2114; x_wconf 89' lang='lat' dir='ltr'>boni,</span> <span class='ocrx_word' id='word_1_153' title='bbox 358 2051 393 2102; x_wconf 94' lang='lat' dir='ltr'>et</span> <span class='ocrx_word' id='word_1_154' title='bbox 412 2041 455 2103; x_wconf 94' lang='lat' dir='ltr'>de</span> <span class='ocrx_word' id='word_1_155' title='bbox 471 2041 704 2121; x_wconf 85' lang='lat' dir='ltr'>indignatione</span> <span class='ocrx_word' id='word_1_156' title='bbox 720 2061 836 2104; x_wconf 91' lang='lat' dir='ltr'>eorum</span> <span class='ocrx_word' id='word_1_157' title='bbox 853 2052 1051 2123; x_wconf 87' lang='lat' dir='ltr'>propterea;</span> <span class='ocrx_word' id='word_1_158' title='bbox 1076 2039 1226 2116; x_wconf 72' lang='lat' dir='ltr'>desedius</span> 
     </span>
     <span class='ocr_line' id='line_1_18' title="bbox 149 2127 1226 2217; baseline 0.003 -23"><span class='ocrx_word' id='word_1_159' title='bbox 149 2127 305 2196; x_wconf 78' lang='lat' dir='ltr'>describitur</span> <span class='ocrx_word' id='word_1_160' title='bbox 321 2154 380 2215; x_wconf 91' lang='lat' dir='ltr'>per</span> <span class='ocrx_word' id='word_1_161' title='bbox 396 2135 486 2215; x_wconf 92' lang='lat' dir='ltr'>quod</span> <span class='ocrx_word' id='word_1_162' title='bbox 504 2137 690 2217; x_wconf 84' lang='lat' dir='ltr'>“suspiciet</span> <span class='ocrx_word' id='word_1_163' title='bbox 706 2156 848 2209; x_wconf 89' lang='lat' dir='ltr'>sursum,</span> <span class='ocrx_word' id='word_1_164' title='bbox 866 2146 900 2199; x_wconf 90' lang='lat' dir='ltr'>et</span> <span class='ocrx_word' id='word_1_165' title='bbox 917 2136 959 2197; x_wconf 92' lang='lat' dir='ltr'>ad</span> <span class='ocrx_word' id='word_1_166' title='bbox 979 2146 1103 2197; x_wconf 87' lang='lat' dir='ltr'>terram</span> <span class='ocrx_word' id='word_1_167' title='bbox 1123 2136 1226 2197; x_wconf 91' lang='lat' dir='ltr'>etiam</span> 
     </span>
     <span class='ocr_line' id='line_1_19' title="bbox 149 2223 1226 2311; baseline 0.003 -23"><span class='ocrx_word' id='word_1_168' title='bbox 149 2223 284 2301; x_wconf 66' lang='lat' dir='ltr'>sudabit,</span> <span class='ocrx_word' id='word_1_169' title='bbox 304 2229 365 2290; x_wconf 83' lang='lat' dir='ltr'>sed</span> <span class='ocrx_word' id='word_1_170' title='bbox 385 2248 465 2291; x_wconf 89' lang='lat' dir='ltr'>ecce</span> <span class='ocrx_word' id='word_1_171' title='bbox 483 2231 640 2309; x_wconf 90' lang='lat' dir='ltr'>angustia</span> <span class='ocrx_word' id='word_1_172' title='bbox 659 2240 693 2292; x_wconf 92' lang='lat' dir='ltr'>et</span> <span class='ocrx_word' id='word_1_173' title='bbox 714 2230 825 2311; x_wconf 90' lang='lat' dir='ltr'>caligo</span> <span class='ocrx_word' id='word_1_174' title='bbox 837 2230 862 2307; x_wconf 90' lang='lat'>;”</span> <span class='ocrx_word' id='word_1_175' title='bbox 882 2231 1078 2311; x_wconf 88' lang='lat' dir='ltr'>“suspicere</span> <span class='ocrx_word' id='word_1_176' title='bbox 1097 2249 1226 2291; x_wconf 88' lang='lat' dir='ltr'>sursum</span> 
     </span>
     <span class='ocr_line' id='line_1_20' title="bbox 148 2319 1227 2406; baseline 0.005 -25"><span class='ocrx_word' id='word_1_177' title='bbox 148 2326 167 2376; x_wconf 85' lang='lat' dir='ltr'>et</span> <span class='ocrx_word' id='word_1_178' title='bbox 181 2319 319 2401; x_wconf 71' lang='lat' dir='ltr'>spedtare</span> <span class='ocrx_word' id='word_1_179' title='bbox 341 2323 384 2384; x_wconf 88' lang='lat' dir='ltr'>ad</span> <span class='ocrx_word' id='word_1_180' title='bbox 409 2332 534 2385; x_wconf 91' lang='lat' dir='ltr'>terram</span> <span class='ocrx_word' id='word_1_181' title='bbox 545 2323 560 2346; x_wconf 88' lang='lat'>&#39;&#39;</span> <span class='ocrx_word' id='word_1_182' title='bbox 578 2334 631 2387; x_wconf 90' lang='lat' dir='ltr'>est</span> <span class='ocrx_word' id='word_1_183' title='bbox 655 2326 876 2406; x_wconf 87' lang='lat' dir='ltr'>undequaque</span> <span class='ocrx_word' id='word_1_184' title='bbox 899 2324 953 2386; x_wconf 94' lang='lat' dir='ltr'>ubi</span> <span class='ocrx_word' id='word_1_185' title='bbox 976 2325 1066 2387; x_wconf 90' lang='lat' dir='ltr'>bona</span> <span class='ocrx_word' id='word_1_186' title='bbox 1089 2334 1124 2386; x_wconf 92' lang='lat' dir='ltr'>et</span> <span class='ocrx_word' id='word_1_187' title='bbox 1147 2343 1227 2386; x_wconf 85' lang='lat' dir='ltr'>vera</span> 
     </span>
     <span class='ocr_line' id='line_1_21' title="bbox 147 2417 1227 2501; baseline 0.005 -26"><span class='ocrx_word' id='word_1_188' title='bbox 147 2425 204 2487; x_wconf 81' lang='lat' dir='ltr'>sunt,</span> <span class='ocrx_word' id='word_1_189' title='bbox 215 2418 269 2478; x_wconf 90' lang='lat' dir='ltr'>sed</span> <span class='ocrx_word' id='word_1_190' title='bbox 285 2424 392 2480; x_wconf 84' lang='lat' dir='ltr'>“ecce</span> <span class='ocrx_word' id='word_1_191' title='bbox 405 2419 562 2499; x_wconf 86' lang='lat' dir='ltr'>angustia</span> <span class='ocrx_word' id='word_1_192' title='bbox 578 2428 613 2480; x_wconf 92' lang='lat' dir='ltr'>et</span> <span class='ocrx_word' id='word_1_193' title='bbox 630 2418 741 2499; x_wconf 90' lang='lat' dir='ltr'>caligo</span> <span class='ocrx_word' id='word_1_194' title='bbox 749 2418 764 2442; x_wconf 89' lang='grc'>”</span> <span class='ocrx_word' id='word_1_195' title='bbox 777 2429 828 2481; x_wconf 89' lang='lat' dir='ltr'>est</span> <span class='ocrx_word' id='word_1_196' title='bbox 841 2419 931 2501; x_wconf 93' lang='lat' dir='ltr'>quod</span> <span class='ocrx_word' id='word_1_197' title='bbox 949 2438 1015 2481; x_wconf 92' lang='lat' dir='ltr'>non</span> <span class='ocrx_word' id='word_1_198' title='bbox 1034 2417 1090 2480; x_wconf 93' lang='lat' dir='ltr'>illa</span> <span class='ocrx_word' id='word_1_199' title='bbox 1106 2417 1227 2481; x_wconf 92' lang='lat' dir='ltr'>alicubi</span> 
     </span>
     <span class='ocr_line' id='line_1_22' title="bbox 145 2502 1225 2594; baseline 0.006 -26"><span class='ocrx_word' id='word_1_200' title='bbox 145 2502 197 2578; x_wconf 81' lang='lat' dir='ltr'>sint,</span> <span class='ocrx_word' id='word_1_201' title='bbox 212 2511 267 2572; x_wconf 88' lang='lat' dir='ltr'>sed</span> <span class='ocrx_word' id='word_1_202' title='bbox 291 2531 383 2573; x_wconf 90' lang='lat' dir='ltr'>mera</span> <span class='ocrx_word' id='word_1_203' title='bbox 401 2511 485 2574; x_wconf 82' lang='lat' dir='ltr'>falsa</span> <span class='ocrx_word' id='word_1_204' title='bbox 506 2511 685 2594; x_wconf 86' lang='lat' dir='ltr'>(“caligo”</span> <span class='ocrx_word' id='word_1_205' title='bbox 704 2523 757 2576; x_wconf 90' lang='lat' dir='ltr'>est</span> <span class='ocrx_word' id='word_1_206' title='bbox 776 2515 917 2575; x_wconf 90' lang='lat' dir='ltr'>densum</span> <span class='ocrx_word' id='word_1_207' title='bbox 937 2512 1092 2594; x_wconf 85' lang='lat' dir='ltr'>salsum):</span> <span class='ocrx_word' id='word_1_208' title='bbox 1117 2513 1225 2592; x_wconf 89' lang='lat' dir='ltr'>indig-</span> 
     </span>
     <span class='ocr_line' id='line_1_23' title="bbox 142 2604 1225 2689; baseline 0.007 -27"><span class='ocrx_word' id='word_1_209' title='bbox 142 2604 207 2665; x_wconf 77' lang='lat' dir='ltr'>ratio</span> <span class='ocrx_word' id='word_1_210' title='bbox 221 2626 334 2668; x_wconf 91' lang='lat' dir='ltr'>eorum</span> <span class='ocrx_word' id='word_1_211' title='bbox 352 2617 531 2689; x_wconf 88' lang='lat' dir='ltr'>propterea</span> <span class='ocrx_word' id='word_1_212' title='bbox 549 2608 748 2669; x_wconf 88' lang='lat' dir='ltr'>describitur</span> <span class='ocrx_word' id='word_1_213' title='bbox 766 2628 825 2689; x_wconf 91' lang='lat' dir='ltr'>per</span> <span class='ocrx_word' id='word_1_214' title='bbox 845 2608 930 2670; x_wconf 82' lang='lat' dir='ltr'>“liet</span> <span class='ocrx_word' id='word_1_215' title='bbox 949 2628 1024 2670; x_wconf 89' lang='lat' dir='ltr'>cum</span> <span class='ocrx_word' id='word_1_216' title='bbox 1042 2608 1225 2683; x_wconf 80' lang='lat' dir='ltr'>esuriverit,</span> 
     </span>
     <span class='ocr_line' id='line_1_24' title="bbox 137 2686 1227 2781; baseline 0.006 -23"><span class='ocrx_word' id='word_1_217' title='bbox 137 2686 347 2778; x_wconf 70' lang='lat' dir='ltr'>indignabitur,</span> <span class='ocrx_word' id='word_1_218' title='bbox 364 2712 399 2763; x_wconf 91' lang='lat' dir='ltr'>et</span> <span class='ocrx_word' id='word_1_219' title='bbox 419 2701 601 2763; x_wconf 85' lang='lat' dir='ltr'>maledicet</span> <span class='ocrx_word' id='word_1_220' title='bbox 621 2703 692 2781; x_wconf 88' lang='lat' dir='ltr'>regi</span> <span class='ocrx_word' id='word_1_221' title='bbox 712 2722 772 2764; x_wconf 91' lang='lat' dir='ltr'>suo</span> <span class='ocrx_word' id='word_1_222' title='bbox 791 2713 825 2764; x_wconf 86' lang='lat' dir='ltr'>et</span> <span class='ocrx_word' id='word_1_223' title='bbox 845 2703 908 2764; x_wconf 88' lang='lat' dir='ltr'>diis</span> <span class='ocrx_word' id='word_1_224' title='bbox 926 2703 994 2764; x_wconf 91' lang='lat' dir='ltr'>suis</span> <span class='ocrx_word' id='word_1_225' title='bbox 1007 2701 1032 2779; x_wconf 86' lang='lat'>;”</span> <span class='ocrx_word' id='word_1_226' title='bbox 1053 2702 1227 2765; x_wconf 84' lang='lat' dir='ltr'>“esurire’&#39;</span> 
     </span>
     <span class='ocr_line' id='line_1_25' title="bbox 133 2792 1226 2884; baseline 0.008 -34"><span class='ocrx_word' id='word_1_227' title='bbox 133 2799 176 2884; x_wconf 60' lang='lat' dir='ltr'>cst</span> <span class='ocrx_word' id='word_1_228' title='bbox 192 2792 271 2856; x_wconf 88' lang='lat' dir='ltr'>velle</span> <span class='ocrx_word' id='word_1_229' title='bbox 293 2796 389 2868; x_wconf 88' lang='lat' dir='ltr'>scire,</span> <span class='ocrx_word' id='word_1_230' title='bbox 414 2801 433 2826; x_wconf 81' lang='lat'>‘⁴</span> <span class='ocrx_word' id='word_1_231' title='bbox 444 2815 506 2857; x_wconf 88' lang='lat' dir='ltr'>rex</span> <span class='ocrx_word' id='word_1_232' title='bbox 517 2794 532 2818; x_wconf 87' lang='lat'><strong>”</strong></span> <span class='ocrx_word' id='word_1_233' title='bbox 554 2806 607 2857; x_wconf 92' lang='lat' dir='ltr'>est</span> <span class='ocrx_word' id='word_1_234' title='bbox 631 2795 762 2867; x_wconf 84' lang='lat' dir='ltr'>salsum,</span> <span class='ocrx_word' id='word_1_235' title='bbox 787 2796 860 2858; x_wconf 84' lang='lat' dir='ltr'>“dii</span> <span class='ocrx_word' id='word_1_236' title='bbox 870 2796 885 2820; x_wconf 87' lang='lat'>¹’</span> <span class='ocrx_word' id='word_1_237' title='bbox 909 2807 986 2858; x_wconf 90' lang='lat' dir='ltr'>sunt</span> <span class='ocrx_word' id='word_1_238' title='bbox 1010 2796 1093 2859; x_wconf 84' lang='lat' dir='ltr'>salsa</span> <span class='ocrx_word' id='word_1_239' title='bbox 1116 2795 1226 2859; x_wconf 89' lang='lat' dir='ltr'>cultus</span> 
     </span>
     <span class='ocr_line' id='line_1_26' title="bbox 130 2884 1049 2964; baseline 0.004 -15"><span class='ocrx_word' id='word_1_240' title='bbox 130 2884 204 2958; x_wconf 69' lang='lat' dir='ltr'>mdc,</span> <span class='ocrx_word' id='word_1_241' title='bbox 219 2898 252 2950; x_wconf 90' lang='lat' dir='ltr'>et</span> <span class='ocrx_word' id='word_1_242' title='bbox 272 2888 502 2952; x_wconf 84' lang='lat' dir='ltr'>“maledicere</span> <span class='ocrx_word' id='word_1_243' title='bbox 510 2888 525 2912; x_wconf 92' lang='lat'>”</span> <span class='ocrx_word' id='word_1_244' title='bbox 544 2900 596 2952; x_wconf 92' lang='lat' dir='ltr'>est</span> <span class='ocrx_word' id='word_1_245' title='bbox 616 2890 788 2952; x_wconf 89' lang='lat' dir='ltr'>detestari.</span> <span class='ocrx_word' id='word_1_246' title='bbox 834 2890 873 2951; x_wconf 92' lang='lat' dir='ltr'>ln</span> <span class='ocrx_word' id='word_1_247' title='bbox 899 2889 1049 2964; x_wconf 82' lang='lat' dir='ltr'>Threnis,</span> 
     </span>
    </p>
   </div>
   <div class='ocr_carea' id='block_1_5' title="bbox 175 3020 1225 3151">
    <p class='ocr_par' dir='ltr' id='par_1_5' title="bbox 175 3020 1225 3151">
     <span class='ocr_line' id='line_1_27' title="bbox 175 3020 1225 3084; baseline 0.001 -14"><span class='ocrx_word' id='word_1_248' title='bbox 175 3020 262 3071; x_wconf 78' lang='lat' dir='ltr'>“Tolle</span> <span class='ocrx_word' id='word_1_249' title='bbox 277 3022 334 3071; x_wconf 84' lang='lat' dir='ltr'>ad”</span> <span class='ocrx_word' id='word_1_250' title='bbox 349 3022 495 3071; x_wconf 89' lang='lat' dir='ltr'>Dominum</span> <span class='ocrx_word' id='word_1_251' title='bbox 510 3025 631 3072; x_wconf 81' lang='lat' dir='ltr'>“manus</span> <span class='ocrx_word' id='word_1_252' title='bbox 649 3033 708 3071; x_wconf 84' lang='lat' dir='ltr'>tuas</span> <span class='ocrx_word' id='word_1_253' title='bbox 726 3037 807 3084; x_wconf 88' lang='lat' dir='ltr'>super</span> <span class='ocrx_word' id='word_1_254' title='bbox 823 3023 940 3071; x_wconf 84' lang='lat' dir='ltr'>animam</span> <span class='ocrx_word' id='word_1_255' title='bbox 960 3023 1091 3072; x_wconf 77' lang='lat' dir='ltr'>infantum</span> <span class='ocrx_word' id='word_1_256' title='bbox 1110 3032 1225 3080; x_wconf 91' lang='lat' dir='ltr'>tuorum,</span> 
     </span>
     <span class='ocr_line' id='line_1_28' title="bbox 240 3087 1188 3151; baseline 0.001 -15"><span class='ocrx_word' id='word_1_257' title='bbox 240 3089 283 3151; x_wconf 89' lang='lat' dir='ltr'>qui</span> <span class='ocrx_word' id='word_1_258' title='bbox 294 3088 449 3137; x_wconf 81' lang='lat' dir='ltr'>deiecerunt</span> <span class='ocrx_word' id='word_1_259' title='bbox 462 3104 509 3151; x_wconf 89' lang='lat' dir='ltr'>per</span> <span class='ocrx_word' id='word_1_260' title='bbox 521 3088 620 3137; x_wconf 79' lang='lat' dir='ltr'>famem</span> <span class='ocrx_word' id='word_1_261' title='bbox 632 3089 659 3137; x_wconf 93' lang='lat' dir='ltr'>in</span> <span class='ocrx_word' id='word_1_262' title='bbox 673 3089 891 3150; x_wconf 89' lang='lat' dir='ltr'>capiteomnium</span> <span class='ocrx_word' id='word_1_263' title='bbox 904 3088 1051 3150; x_wconf 79' lang='lat' dir='ltr'>platearum</span> <span class='ocrx_word' id='word_1_264' title='bbox 1059 3087 1072 3106; x_wconf 86' lang='lat'>&#39;¹</span> <span class='ocrx_word' id='word_1_265' title='bbox 1085 3088 1121 3149; x_wconf 92' lang='lat' dir='ltr'>(ii.</span> <span class='ocrx_word' id='word_1_266' title='bbox 1134 3089 1188 3150; x_wconf 64' lang='lat' dir='ltr'>¹9)ss</span> 
     </span>
    </p>
   </div>
   <div class='ocr_carea' id='block_1_6' title="bbox 127 3199 1227 3770">
    <p class='ocr_par' dir='ltr' id='par_1_6' title="bbox 127 3199 1227 3770">
     <span class='ocr_line' id='line_1_29' title="bbox 127 3199 1227 3299; baseline 0.004 -26"><span class='ocrx_word' id='word_1_267' title='bbox 127 3199 310 3279; x_wconf 73' lang='lat' dir='ltr'>lamentatio</span> <span class='ocrx_word' id='word_1_268' title='bbox 328 3237 427 3299; x_wconf 91' lang='lat' dir='ltr'>super</span> <span class='ocrx_word' id='word_1_269' title='bbox 447 3216 512 3279; x_wconf 89' lang='lat' dir='ltr'>illis</span> <span class='ocrx_word' id='word_1_270' title='bbox 530 3217 586 3298; x_wconf 91' lang='lat' dir='ltr'>qui</span> <span class='ocrx_word' id='word_1_271' title='bbox 610 3216 796 3280; x_wconf 90' lang='lat' dir='ltr'>instruendi</span> <span class='ocrx_word' id='word_1_272' title='bbox 819 3227 897 3279; x_wconf 92' lang='lat' dir='ltr'>sunt</span> <span class='ocrx_word' id='word_1_273' title='bbox 920 3217 953 3279; x_wconf 93' lang='lat' dir='ltr'>in</span> <span class='ocrx_word' id='word_1_274' title='bbox 977 3216 1227 3298; x_wconf 86' lang='lat' dir='ltr'>cognitionibus</span> 
     </span>
     <span class='ocr_line' id='line_1_30' title="bbox 127 3295 1227 3393; baseline 0.009 -29"><span class='ocrx_word' id='word_1_275' title='bbox 127 3295 249 3372; x_wconf 86' lang='lat' dir='ltr'>boniet</span> <span class='ocrx_word' id='word_1_276' title='bbox 270 3313 350 3384; x_wconf 88' lang='lat' dir='ltr'>veri,</span> <span class='ocrx_word' id='word_1_277' title='bbox 370 3332 429 3392; x_wconf 93' lang='lat' dir='ltr'>per</span> <span class='ocrx_word' id='word_1_278' title='bbox 451 3332 535 3393; x_wconf 87' lang='lat' dir='ltr'>quas</span> <span class='ocrx_word' id='word_1_279' title='bbox 557 3311 622 3374; x_wconf 92' lang='lat' dir='ltr'>illis</span> <span class='ocrx_word' id='word_1_280' title='bbox 646 3313 714 3373; x_wconf 89' lang='lat' dir='ltr'>vita</span> <span class='ocrx_word' id='word_1_281' title='bbox 738 3311 928 3393; x_wconf 89' lang='lat' dir='ltr'>spiritualis,</span> <span class='ocrx_word' id='word_1_282' title='bbox 949 3311 1146 3374; x_wconf 90' lang='lat' dir='ltr'>describitur</span> <span class='ocrx_word' id='word_1_283' title='bbox 1169 3331 1227 3392; x_wconf 89' lang='lat' dir='ltr'>per</span> 
     </span>
     <span class='ocr_line' id='line_1_31' title="bbox 130 3398 1226 3487; baseline 0.006 -27"><span class='ocrx_word' id='word_1_284' title='bbox 130 3398 242 3466; x_wconf 79' lang='lat' dir='ltr'>“Tolle</span> <span class='ocrx_word' id='word_1_285' title='bbox 262 3406 304 3467; x_wconf 89' lang='lat' dir='ltr'>ad</span> <span class='ocrx_word' id='word_1_286' title='bbox 329 3405 513 3469; x_wconf 91' lang='lat' dir='ltr'>Dominum</span> <span class='ocrx_word' id='word_1_287' title='bbox 533 3426 652 3468; x_wconf 92' lang='lat' dir='ltr'>manus</span> <span class='ocrx_word' id='word_1_288' title='bbox 676 3417 752 3469; x_wconf 88' lang='lat' dir='ltr'>tuas</span> <span class='ocrx_word' id='word_1_289' title='bbox 771 3427 869 3487; x_wconf 88' lang='lat' dir='ltr'>super</span> <span class='ocrx_word' id='word_1_290' title='bbox 892 3408 1038 3468; x_wconf 88' lang='lat' dir='ltr'>animam</span> <span class='ocrx_word' id='word_1_291' title='bbox 1062 3405 1226 3467; x_wconf 84' lang='lat' dir='ltr'>infantum</span> 
     </span>
     <span class='ocr_line' id='line_1_32' title="bbox 131 3496 1227 3582; baseline 0.011 -33"><span class='ocrx_word' id='word_1_292' title='bbox 131 3496 246 3560; x_wconf 88' lang='lat' dir='ltr'>tuorum</span> <span class='ocrx_word' id='word_1_293' title='bbox 257 3499 281 3573; x_wconf 83' lang='lat'>;&#39;&#39;</span> <span class='ocrx_word' id='word_1_294' title='bbox 303 3520 341 3562; x_wconf 88' lang='lat' dir='ltr'>ac</span> <span class='ocrx_word' id='word_1_295' title='bbox 366 3498 517 3563; x_wconf 74' lang='lat' dir='ltr'>deledtus</span> <span class='ocrx_word' id='word_1_296' title='bbox 540 3501 772 3581; x_wconf 90' lang='lat' dir='ltr'>cognitionum</span> <span class='ocrx_word' id='word_1_297' title='bbox 796 3501 926 3563; x_wconf 89' lang='lat' dir='ltr'>illarum</span> <span class='ocrx_word' id='word_1_298' title='bbox 949 3500 1146 3563; x_wconf 89' lang='lat' dir='ltr'>describitur</span> <span class='ocrx_word' id='word_1_299' title='bbox 1169 3520 1227 3582; x_wconf 91' lang='lat' dir='ltr'>per</span> 
     </span>
     <span class='ocr_line' id='line_1_33' title="bbox 136 3586 1227 3676; baseline 0.004 -26"><span class='ocrx_word' id='word_1_300' title='bbox 136 3586 344 3656; x_wconf 84' lang='lat' dir='ltr'>“Deiecerunt</span> <span class='ocrx_word' id='word_1_301' title='bbox 375 3615 435 3675; x_wconf 91' lang='lat' dir='ltr'>per</span> <span class='ocrx_word' id='word_1_302' title='bbox 464 3594 585 3657; x_wconf 81' lang='lat' dir='ltr'>samem</span> <span class='ocrx_word' id='word_1_303' title='bbox 615 3596 649 3656; x_wconf 90' lang='lat' dir='ltr'>in</span> <span class='ocrx_word' id='word_1_304' title='bbox 678 3596 789 3676; x_wconf 87' lang='lat' dir='ltr'>capite</span> <span class='ocrx_word' id='word_1_305' title='bbox 819 3597 967 3657; x_wconf 91' lang='lat' dir='ltr'>omnium</span> <span class='ocrx_word' id='word_1_306' title='bbox 998 3595 1185 3675; x_wconf 88' lang='lat' dir='ltr'>platearum</span> <span class='ocrx_word' id='word_1_307' title='bbox 1201 3592 1227 3670; x_wconf 91' lang='grc'>;”</span> 
     </span>
     <span class='ocr_line' id='line_1_34' title="bbox 140 3678 1227 3770; baseline 0.004 -24"><span class='ocrx_word' id='word_1_308' title='bbox 140 3678 247 3748; x_wconf 82' lang='lat' dir='ltr'>“lanes</span> <span class='ocrx_word' id='word_1_309' title='bbox 254 3687 267 3709; x_wconf 89' lang='grc'>”</span> <span class='ocrx_word' id='word_1_310' title='bbox 278 3699 330 3751; x_wconf 90' lang='lat' dir='ltr'>est</span> <span class='ocrx_word' id='word_1_311' title='bbox 343 3685 507 3761; x_wconf 69' lang='lat' dir='ltr'>desed‘tus,</span> <span class='ocrx_word' id='word_1_312' title='bbox 523 3694 541 3719; x_wconf 92' lang='grc'>“</span> <span class='ocrx_word' id='word_1_313' title='bbox 551 3688 685 3770; x_wconf 89' lang='lat' dir='ltr'>plateae</span> <span class='ocrx_word' id='word_1_314' title='bbox 694 3688 708 3713; x_wconf 87' lang='lat'><strong>”</strong></span> <span class='ocrx_word' id='word_1_315' title='bbox 721 3699 798 3752; x_wconf 90' lang='lat' dir='ltr'>sunt</span> <span class='ocrx_word' id='word_1_316' title='bbox 812 3710 890 3751; x_wconf 92' lang='lat' dir='ltr'>vera</span> <span class='ocrx_word' id='word_1_317' title='bbox 904 3687 1086 3763; x_wconf 78' lang='lat' dir='ltr'>dodirime,</span> <span class='ocrx_word' id='word_1_318' title='bbox 1103 3687 1227 3750; x_wconf 81' lang='lat' dir='ltr'>“defici</span> 
     </span>
    </p>
   </div>
   <div class='ocr_carea' id='block_1_7' title="bbox 143 3769 1228 4044">
    <p class='ocr_par' dir='ltr' id='par_1_7' title="bbox 143 3769 1228 4044">
     <span class='ocr_line' id='line_1_35' title="bbox 143 3769 997 3864; baseline 0.014 -31"><span class='ocrx_word' id='word_1_319' title='bbox 143 3769 271 3860; x_wconf 87' lang='lat' dir='ltr'>incapite</span> <span class='ocrx_word' id='word_1_320' title='bbox 289 3783 421 3845; x_wconf 92' lang='lat' dir='ltr'>illarum</span> <span class='ocrx_word' id='word_1_321' title='bbox 431 3783 446 3806; x_wconf 91' lang='grc'>”</span> <span class='ocrx_word' id='word_1_322' title='bbox 465 3783 626 3864; x_wconf 86' lang='lat' dir='ltr'>estquod</span> <span class='ocrx_word' id='word_1_323' title='bbox 647 3802 713 3846; x_wconf 91' lang='lat' dir='ltr'>non</span> <span class='ocrx_word' id='word_1_324' title='bbox 734 3785 811 3846; x_wconf 91' lang='lat' dir='ltr'>sint.</span> <span class='ocrx_word' id='word_1_325' title='bbox 857 3783 997 3857; x_wconf 86' lang='lat' dir='ltr'>Ibidem,</span> 
     </span>
     <span class='ocr_line' id='line_1_36' title="bbox 187 3909 1228 3978; baseline 0.001 -16"><span class='ocrx_word' id='word_1_326' title='bbox 187 3909 262 3963; x_wconf 77' lang='lat' dir='ltr'>“Seni</span> <span class='ocrx_word' id='word_1_327' title='bbox 273 3918 402 3965; x_wconf 87' lang='lat' dir='ltr'>dominati</span> <span class='ocrx_word' id='word_1_328' title='bbox 415 3926 478 3965; x_wconf 87' lang='lat' dir='ltr'>sunt</span> <span class='ocrx_word' id='word_1_329' title='bbox 496 3918 522 3965; x_wconf 91' lang='lat' dir='ltr'>in</span> <span class='ocrx_word' id='word_1_330' title='bbox 536 3932 595 3974; x_wconf 81' lang='lat' dir='ltr'>nos,</span> <span class='ocrx_word' id='word_1_331' title='bbox 609 3932 659 3966; x_wconf 91' lang='lat' dir='ltr'>nec</span> <span class='ocrx_word' id='word_1_332' title='bbox 673 3917 790 3965; x_wconf 81' lang='lat' dir='ltr'>liberans</span> <span class='ocrx_word' id='word_1_333' title='bbox 802 3932 817 3965; x_wconf 91' lang='lat' dir='ltr'>e</span> <span class='ocrx_word' id='word_1_334' title='bbox 830 3931 911 3964; x_wconf 88' lang='lat' dir='ltr'>manu</span> <span class='ocrx_word' id='word_1_335' title='bbox 923 3931 1024 3974; x_wconf 89' lang='lat' dir='ltr'>eorum,</span> <span class='ocrx_word' id='word_1_336' title='bbox 1038 3931 1097 3964; x_wconf 90' lang='lat' dir='ltr'>cum</span> <span class='ocrx_word' id='word_1_337' title='bbox 1111 3915 1228 3978; x_wconf 89' lang='lat' dir='ltr'>periculo</span> 
     </span>
     <span class='ocr_line' id='line_1_37' title="bbox 244 3982 1226 4044; baseline 0 -16"><span class='ocrx_word' id='word_1_338' title='bbox 244 3983 387 4031; x_wconf 82' lang='lat' dir='ltr'>animarum</span> <span class='ocrx_word' id='word_1_339' title='bbox 402 3993 552 4031; x_wconf 85' lang='lat' dir='ltr'>nostrarum</span> <span class='ocrx_word' id='word_1_340' title='bbox 564 3983 721 4032; x_wconf 81' lang='lat' dir='ltr'>adducimus</span> <span class='ocrx_word' id='word_1_341' title='bbox 740 3997 836 4044; x_wconf 88' lang='lat' dir='ltr'>panem</span> <span class='ocrx_word' id='word_1_342' title='bbox 850 3993 969 4030; x_wconf 88' lang='lat' dir='ltr'>nostrum</span> <span class='ocrx_word' id='word_1_343' title='bbox 990 3992 1097 4044; x_wconf 90' lang='lat' dir='ltr'>propter</span> <span class='ocrx_word' id='word_1_344' title='bbox 1109 3982 1226 4042; x_wconf 84' lang='lat' dir='ltr'>gladium</span> 
     </span>
    </p>
   </div>
   <div class='ocr_carea' id='block_1_8' title="bbox 245 4047 1229 4175">
    <p class='ocr_par' dir='ltr' id='par_1_8' title="bbox 245 4047 1229 4175">
     <span class='ocr_line' id='line_1_38' title="bbox 245 4047 1229 4109; baseline -0.001 -15"><span class='ocrx_word' id='word_1_345' title='bbox 245 4047 336 4097; x_wconf 80' lang='lat' dir='ltr'>deserti</span> <span class='ocrx_word' id='word_1_346' title='bbox 347 4062 354 4106; x_wconf 83' lang='lat'><strong>;</strong></span> <span class='ocrx_word' id='word_1_347' title='bbox 371 4057 446 4096; x_wconf 84' lang='lat' dir='ltr'>cutes</span> <span class='ocrx_word' id='word_1_348' title='bbox 459 4057 567 4096; x_wconf 83' lang='lat' dir='ltr'>nostrae</span> <span class='ocrx_word' id='word_1_349' title='bbox 579 4048 647 4096; x_wconf 87' lang='lat' dir='ltr'>sicut</span> <span class='ocrx_word' id='word_1_350' title='bbox 658 4049 779 4097; x_wconf 81' lang='lat' dir='ltr'>clibanus</span> <span class='ocrx_word' id='word_1_351' title='bbox 791 4048 946 4109; x_wconf 87' lang='lat' dir='ltr'>denigratae</span> <span class='ocrx_word' id='word_1_352' title='bbox 963 4058 1025 4096; x_wconf 86' lang='lat' dir='ltr'>sunt</span> <span class='ocrx_word' id='word_1_353' title='bbox 1044 4057 1151 4109; x_wconf 86' lang='lat' dir='ltr'>propter</span> <span class='ocrx_word' id='word_1_354' title='bbox 1169 4060 1229 4107; x_wconf 89' lang='lat' dir='ltr'>pro-</span> 
     </span>
     <span class='ocr_line' id='line_1_39' title="bbox 246 4112 580 4175; baseline 0.006 -17"><span class='ocrx_word' id='word_1_355' title='bbox 246 4112 319 4161; x_wconf 83' lang='lat' dir='ltr'>cellas</span> <span class='ocrx_word' id='word_1_356' title='bbox 331 4112 432 4161; x_wconf 73' lang='lat' dir='ltr'>famis&#39;&#39;</span> <span class='ocrx_word' id='word_1_357' title='bbox 445 4112 481 4175; x_wconf 87' lang='lat' dir='ltr'>(v.</span> <span class='ocrx_word' id='word_1_358' title='bbox 492 4113 580 4174; x_wconf 78' lang='lat'>8-10):</span> 
     </span>
    </p>
   </div>
   <div class='ocr_carea' id='block_1_9' title="bbox 104 4239 1227 4512">
    <p class='ocr_par' dir='ltr' id='par_1_9' title="bbox 104 4239 1227 4512">
     <span class='ocr_line' id='line_1_40' title="bbox 104 4239 1226 4327; baseline 0 -27"><span class='ocrx_word' id='word_1_359' title='bbox 104 4246 106 4255; x_wconf 92' lang='lat'>&#39;</span> <span class='ocrx_word' id='word_1_360' title='bbox 162 4241 199 4327; x_wconf 59' lang='lat' dir='ltr'>let</span> <span class='ocrx_word' id='word_1_361' title='bbox 217 4239 365 4303; x_wconf 83' lang='lat' dir='ltr'>“servos&#39;’</span> <span class='ocrx_word' id='word_1_362' title='bbox 388 4241 444 4323; x_wconf 88' lang='lat' dir='ltr'>qui</span> <span class='ocrx_word' id='word_1_363' title='bbox 472 4241 638 4304; x_wconf 91' lang='lat' dir='ltr'>dominati</span> <span class='ocrx_word' id='word_1_364' title='bbox 666 4261 728 4304; x_wconf 91' lang='lat' dir='ltr'>nec</span> <span class='ocrx_word' id='word_1_365' title='bbox 756 4240 900 4304; x_wconf 90' lang='lat' dir='ltr'>liberans</span> <span class='ocrx_word' id='word_1_366' title='bbox 928 4261 946 4302; x_wconf 94' lang='lat' dir='ltr'>e</span> <span class='ocrx_word' id='word_1_367' title='bbox 973 4260 1073 4301; x_wconf 92' lang='lat' dir='ltr'>manu</span> <span class='ocrx_word' id='word_1_368' title='bbox 1101 4259 1226 4313; x_wconf 91' lang='lat' dir='ltr'>eorum,</span> 
     </span>
     <span class='ocr_line' id='line_1_41' title="bbox 167 4326 1227 4413; baseline -0.004 -16"><span class='ocrx_word' id='word_1_369' title='bbox 167 4326 340 4398; x_wconf 63' lang='lat' dir='ltr'>testificantur</span> <span class='ocrx_word' id='word_1_370' title='bbox 352 4335 444 4398; x_wconf 89' lang='lat' dir='ltr'>mala</span> <span class='ocrx_word' id='word_1_371' title='bbox 456 4335 546 4398; x_wconf 89' lang='lat' dir='ltr'>vitae</span> <span class='ocrx_word' id='word_1_372' title='bbox 562 4346 597 4399; x_wconf 90' lang='lat' dir='ltr'>et</span> <span class='ocrx_word' id='word_1_373' title='bbox 613 4335 697 4397; x_wconf 86' lang='lat' dir='ltr'>salsa</span> <span class='ocrx_word' id='word_1_374' title='bbox 709 4332 892 4405; x_wconf 72' lang='lat' dir='ltr'>doctrinae,</span> <span class='ocrx_word' id='word_1_375' title='bbox 906 4335 938 4395; x_wconf 95' lang='lat' dir='ltr'>in</span> <span class='ocrx_word' id='word_1_376' title='bbox 956 4353 1078 4413; x_wconf 89' lang='lat' dir='ltr'>genere</span> <span class='ocrx_word' id='word_1_377' title='bbox 1095 4353 1227 4395; x_wconf 91' lang='lat' dir='ltr'>amores</span> 
     </span>
     <span class='ocr_line' id='line_1_42' title="bbox 169 4414 1226 4512; baseline 0.018 -44"><span class='ocrx_word' id='word_1_378' title='bbox 169 4414 252 4486; x_wconf 83' lang='lat' dir='ltr'>maliet</span> <span class='ocrx_word' id='word_1_379' title='bbox 264 4430 418 4512; x_wconf 90' lang='lat' dir='ltr'>principia</span> <span class='ocrx_word' id='word_1_380' title='bbox 433 4428 536 4492; x_wconf 85' lang='lat' dir='ltr'>salsa:</span> <span class='ocrx_word' id='word_1_381' title='bbox 558 4435 577 4461; x_wconf 85' lang='lat'>“</span> <span class='ocrx_word' id='word_1_382' title='bbox 587 4449 662 4492; x_wconf 88' lang='lat' dir='ltr'>curn</span> <span class='ocrx_word' id='word_1_383' title='bbox 679 4428 826 4510; x_wconf 89' lang='lat' dir='ltr'>periculo</span> <span class='ocrx_word' id='word_1_384' title='bbox 838 4430 1023 4491; x_wconf 91' lang='lat' dir='ltr'>animarum</span> <span class='ocrx_word' id='word_1_385' title='bbox 1038 4438 1226 4489; x_wconf 90' lang='lat' dir='ltr'>nostrarum</span> 
     </span>
    </p>
   </div>
   <div class='ocr_carea' id='block_1_10' title="bbox 0 0 1346 4988">
    <p class='ocr_par' dir='ltr' id='par_1_10' title="bbox 0 0 1346 4988">
     <span class='ocr_line' id='line_1_43' title="bbox 0 0 1346 4988; baseline 0 0"><span class='ocrx_word' id='word_1_386' title='bbox 0 0 1346 4988; x_wconf 95' lang='lat' dir='ltr'> </span> 
     </span>
    </p>
   </div>
  </div>
 </body>
</html>
