2684 4988
114 468 194 532 1042
421 462 673 516 APOCALYPSIS
695 463 923 516 Exulem

162 635 273 684 “Video
282 631 376 748 {Eum}
385 633 436 683 etsi
444 649 500 683 non
508 634 573 697 jam,
582 634 721 696 conspicio
732 633 799 683 Eum
809 635 860 684 etsi
869 649 925 683 non
933 634 1105 698 propinquus:
1114 634 1184 710 prinu

241 700 286 749 Ste
297 699 323 748 la
335 715 368 748 ex
380 698 491 764 Jacobo,
505 708 533 748 et
544 708 636 761 surget
649 699 787 762 Sceptrum
800 714 834 748 cx
849 699 971 749 lsraele”
982 700 1072 759 (Nun.
1082 714 1140 748 xxn.
1148 700 1184 759 171:

109 832 200 913 quod
220 832 308 904 dein,
329 832 439 912 patuit
461 852 505 894 ex
524 852 576 903 eo,
597 831 687 912 quod
706 831 880 912 sapientes
898 831 1034 912 quidam
1052 851 1093 894 ex
1109 831 1187 893 orien-

111 925 246 998 talibus,
272 925 408 1007 quando
436 936 536 987 natus
563 936 616 988 est
645 925 822 999 Dominus,
847 925 995 987 viderint
1021 922 1188 988 stellamtb

109 1021 251 1092 oriente,
271 1039 372 1100 quam
392 1021 519 1095 secuti;
542 1018 585 1081 de
602 1040 667 1100 qua
686 1021 735 1082 ita
753 1020 842 1101 apud
860 1017 1079 1092 Matthaeum,

161 1154 178 1176 “
187 1152 218 1201 ln
232 1152 326 1200 diebus
343 1151 460 1201 Herodis
474 1152 545 1212 regis
560 1151 697 1213 sapientes
712 1152 747 1200 ab
758 1150 936 1201 orientalibus
950 1151 1111 1200 advenerunt
1122 1149 1190 1199 ilino·

240 1217 383 1279 solymam,
393 1216 521 1274 dicentes,
532 1216 586 1265 Ubi
595 1226 637 1265 est
645 1227 724 1266 notus
735 1216 791 1265 Rex
798 1215 981 1280 judaeorum?
1009 1214 1190 1277 Vidimuslprin

240 1281 346 1330 stellam
365 1282 391 1329 in
407 1282 519 1336 oriente,
536 1290 563 1330 et
577 1281 700 1331 venimus
715 1283 828 1330 adorare
848 1281 968 1342 ipsumt.
979 1291 1050 1331 ...et
1063 1295 1118 1329 ecce
1127 1279 1188 1337 nelo,

240 1360 319 1408 quam
335 1346 461 1394 viderunt
478 1346 505 1394 in
520 1347 633 1403 oriente,
650 1346 765 1409 praeivit
780 1346 834 1396 illis
848 1346 1012 1410 usquedum
1026 1344 1189 1394 veniensstetit

240 1425 321 1473 supra
333 1411 378 1459 ubi
391 1421 449 1459 erat
462 1410 553 1459 Puer¹’
565 1412 601 1469 (ii.
616 1423 637 1468 1,
648 1424 671 1469 2,
682 1408 740 1473 ως).

112 1538 281 1620 Quoniam
306 1539 470 1602 Dominus
489 1550 541 1602 est
562 1537 693 1612 Oriens,
714 1540 791 1602 ideo
809 1541 879 1602 visa
899 1551 952 1603 est
973 1539 1073 1602 stella
1093 1538 1144 1601 illis
1157 1556 1187 1598 ex

110 1635 260 1711 oriente;
289 1644 323 1696 et
347 1636 423 1717 quia
446 1636 479 1696 in
503 1636 699 1715 cognitione
722 1646 819 1697 erant
843 1634 886 1697 de
911 1635 1062 1697 adventu
1086 1631 1187 1695 Domini

110 1749 155 1790 ex
174 1729 472 1809 repraesentativis
491 1749 576 1810 quae
595 1729 684 1810 apud
704 1728 791 1803 illos,
810 1729 888 1791 ideo
907 1727 1010 1791 stella
1029 1729 1095 1790 visa
1111 1732 1187 1789 estet
1212 1772 1215 1777 .

110 1822 263 1902 praeivit,
284 1822 426 1903 primum
443 1822 485 1884 ad
504 1821 790 1902 Hierosolymam,
805 1842 979 1904 perquam
997 1824 1067 1905 ipsa
1080 1819 1188 1884 ecclesie

110 1914 221 1996 quoad
247 1912 435 1977 doctrinam
463 1926 497 1977 et
521 1916 632 1996 quoad
657 1915 807 1978 Verbum
835 1916 1148 1997 repraesentabatur,
1164 1922 1187 1974 et

110 2008 188 2071 inde
211 2008 254 2070 ad
279 2009 390 2071 locum
414 2009 469 2072 ubi
495 2009 660 2071 Dominus
686 2009 795 2071 infans
817 2021 911 2073 erat:
943 2012 1048 2072 etiam
1071 2003 1188 2072 ‘'stella''

109 2100 277 2182 significat
306 2104 520 2182 cognitiones
547 2103 626 2164 boni
654 2112 689 2165 et
712 2104 793 2175 veri,
816 2123 855 2165 ac
885 2105 919 2165 in
946 2124 1098 2186 supremo
1116 2118 1189 2164 sensu

109 2194 345 2274 cognitionem
365 2195 407 2256 de
427 2194 577 2256 Domino
590 2216 597 2271 ;
628 2211 706 2267 (quod
720 2206 845 2255 “stenae''
860 2211 885 2256 in
899 2212 984 2257 Verbo
999 2206 1189 2270 significenoeoi

109 2289 185 2332 tiones
198 2289 256 2332 boni
270 2296 293 2333 et
307 2289 363 2340 veri,
379 2290 486 2334 videatur
500 2303 579 2347 supra,
594 2302 617 2335 n.
630 2288 679 2352 72,
696 2288 860 2353 179.402;)
886 2284 922 2337 et
943 2276 1021 2357 qula
1039 2270 1187 2337 orientales

110 2365 142 2425 in
162 2363 227 2425 illis
247 2365 498 2445 cognitionibus
517 2375 625 2438 erant,
646 2365 723 2427 ideo
740 2366 844 2427 etiam
861 2364 942 2429 dieti
962 2377 1040 2429 sunt
1054 2365 1128 2428 “tilii
1142 2363 1187 2426 ori·

111 2458 227 2520 entis”
273 2457 372 2538 Quod
397 2460 444 2520 ita
463 2456 542 2521 dieti
562 2460 617 2541 qui
636 2479 680 2520 ex
700 2458 839 2531 Arabia,
860 2470 999 2523 constat
1019 2459 1101 2542 apud
1117 2458 1187 2532 Jm·

109 2552 209 2615 utrum
230 2550 317 2633 (cap.
336 2552 420 2614 xlix.
439 2552 515 2633 28);
548 2573 606 2633 per
624 2550 738 2615 “filios
757 2554 896 2615 orientis
905 2553 920 2577 '¹
936 2555 970 2616 in
989 2554 1097 2617 Verbo
1112 2552 1188 2615 etiam

108 2644 340 2726 significantur
359 2647 573 2726 cognitiones
596 2646 675 2707 boni
694 2656 729 2708 et
749 2647 817 2708 veri
829 2667 837 2722 ;
868 2647 1024 2711 similiter
1045 2668 1099 2728 per
1116 2641 1188 2705 “lle·
1224 2692 1229 2745 1

109 2740 223 2801 darem
233 2738 248 2762 '⁸
265 2760 322 2801 seu
341 2738 562 2801 “Arabiam’'
607 2737 707 2819 Quod
729 2738 820 2801 Hiob
839 2738 938 2825 luerit,
956 2762 1002 2803 ex
1020 2740 1091 2802 liliis
1107 2739 1188 2801 orien-
1224 2760 1229 2821 Ξ

109 2834 163 2906 tis,
184 2843 280 2914 patet
301 2833 390 2913 apud
414 2832 507 2894 illum
529 2831 653 2914 (capi.
673 2831 716 2913 3).
763 2831 856 2895 Sicut
876 2833 1036 2917 pleraque
1058 2835 1088 2896 in
1103 2829 1189 2893 Verbo

108 2929 212 2989 etiam
235 2946 370 2989 sensum
394 2928 588 3008 oppositum
612 2926 751 3001 habent,
769 2928 817 2989 ita
839 2948 973 3010 quoque
995 2930 1121 2991 “oriens
1131 2924 1151 3001 ;'’
1164 2930 1188 2984 et
1227 2930 1229 2985 Ξ

108 3022 141 3083 in
160 3042 201 3083 eo
221 3041 320 3083 sensu
339 3019 506 3101 significat
527 3040 675 3083 amorem
694 3022 754 3092 sui,
772 3042 816 3082 ex
836 3040 938 3083 causa
956 3023 1033 3105 quia
1055 3022 1103 3084 hic
1120 3033 1189 3082 amor
1227 3044 1229 3049 ·

109 3125 161 3178 est
181 3117 357 3197 oppositus
376 3116 481 3176 amori
501 3116 534 3176 in
555 3114 757 3176 Dominum:
785 3115 818 3176 in
837 3115 902 3177 hoc
921 3136 1024 3181 sensu

163 3255 335 3382 N⁰m}⁰²¹⁰i.
345 3255 481 3383 ‘gneus'
499 3257 570 3317 apud
589 3256 744 3304 Ezechielem
762 3256 829 3318 (cap.
844 3256 901 3306 viii.
917 3257 966 3319 16),
983 3267 1011 3307 et
1026 3257 1093 3321 apud
1107 3252 1188 3306 asota

250 3336 307 3383 cap.
318 3336 345 3369 n.
383 3359 389 3370 .

109 3451 209 3533 Quod
229 3450 392 3513 “oriens’‘
411 3448 578 3531 significet
600 3449 782 3512 Dominum
801 3451 913 3533 quoad
934 3451 1090 3516 Divinum
1107 3448 1188 3512 Amo

108 3564 189 3618 rem,
210 3555 244 3607 θῖ
265 3545 342 3607 inde
361 3544 487 3606 bonum
506 3544 628 3606 amoris
648 3545 681 3605 in
703 3542 828 3625 Ipsum,
849 3545 994 3626 amplius
1013 3546 1114 3608 adhuc
1129 3558 1187 3604 con·

108 3649 198 3700 stare
215 3648 330 3720 potest
348 3659 392 3700 ex
410 3636 474 3699 illis
487 3657 572 3719 quae
589 3637 631 3699 de
648 3635 727 3699 Sole
743 3647 777 3699 et
793 3637 836 3699 de
854 3636 956 3700 Mane
973 3658 1070 3720 supra
1082 3645 1188 3700 ostensa
1227 3692 1229 3697 .

108 3739 187 3789 sunt
201 3745 242 3801 (ue
251 3745 314 3795 sue.
324 3757 347 3789 n.
356 3743 415 3806 401
429 3758 434 3796 ;
452 3745 514 3787 etue
524 3744 606 3795 Mane,
616 3756 638 3787 n.
653 3726 743 3806 1765
765 3746 843 3789 nam
860 3726 915 3789 ubi
932 3726 992 3790 Sol
1009 3738 1060 3790 est
1075 3719 1188 3790 incaelo

108 3819 275 3899 angelico,
292 3819 337 3881 ibi
356 3830 409 3881 est
426 3821 556 3895 oriens;
581 3830 615 3880 et
632 3819 709 3899 quia
725 3837 823 3880 mane
840 3828 892 3881 est
910 3819 965 3881 ubi
985 3820 1036 3882 sol
1055 3821 1152 3887 oritur,
1163 3819 1187 3872 el

107 3911 152 3973 ibi
183 3911 240 3975 Sol
268 3922 321 3975 est
348 3932 481 3993 semper
507 3913 540 3973 in
567 3921 643 3974 ortu
672 3921 706 3973 et
735 3930 898 3993 nusquam
926 3913 960 3975 in
988 3934 1114 3981 occasu.
1133 3904 1189 3970 inde

109 4011 238 4069 “mane
247 4005 262 4029 ”
281 4027 413 4088 quoque
433 4006 541 4068 simile
560 4004 756 4086 significat„

166 4118 263 4185 423.
293 4103 477 4165 “linteatum
494 4103 624 4184 sipillum
646 4102 703 4163 Osi
722 4101 949 4182 vivi''-Quod
972 4103 1131 4186 significet
1143 4095 1191 4162 Di·

107 4193 220 4257 viltam
238 4193 447 4268 voluntatem,
466 4204 603 4256 constat
623 4214 667 4255 ex
687 4192 936 4273 significatione
956 4195 1106 4259 “habere
1122 4188 1192 4272 sigil-

108 4286 176 4348 lum
186 4287 199 4310 '³
216 4287 365 4367 alicujuS,
380 4289 469 4369 quod
486 4291 529 4349 sit
547 4289 579 4349 in
597 4288 761 4348 mandato
776 4287 912 4358 habere,
927 4307 1007 4350 nam
1024 4287 1195 4352 mandatum

107 4380 220 4461 sigillo
244 4381 481 4443 confirmatur:
512 4382 588 4443 inde
615 4381 766 4442 “habere
790 4380 938 4461 sigillum
964 4383 1028 4446 Dei
1051 4381 1138 4456 vivi,'’
1156 4386 1198 4441 est
