2716 4986
110 504 113 510 ·
162 481 244 548 1310
467 474 718 528 APOCALYPSIS
741 473 967 524 EXPLICATA.

216 659 310 729 527.
335 637 1274 722 “lltdiernonlucorollortinpartoejus,etnotrimilitor.''-

158 740 258 824 Quod
281 741 449 822 significet
467 741 556 822 quod
575 739 635 802 lux
656 737 731 801 veri
745 736 936 818 spmrualis
951 745 984 798 et
1005 735 1067 798 lux
1087 735 1165 798 veri
1181 745 1274 798 natu·
1348 733 1351 742 ’

157 836 243 899 ralis
251 847 396 916 prorsus
405 835 588 898 exstinctae
600 833 678 906 sint,
690 840 826 895 constat
839 851 883 893 ex
894 828 1145 911 significatione
1157 835 1175 860 ‘⁴
1185 827 1275 903 diei‚’¹

156 932 246 1012 quod
266 932 308 992 sit
328 930 387 992 lux
407 929 597 1009 spiritualis,
615 937 649 989 et
669 948 713 988 ex
733 923 981 1006 significatione
1001 922 1171 998 “noctis’'
1188 924 1273 1007 quod

156 1026 200 1088 sit
228 1024 287 1087 lux
313 1023 485 1086 naturalis.
532 1022 627 1084 Haec
655 1018 896 1101 significantur,
920 1019 997 1100 quia
1024 1039 1125 1099 supra
1152 1017 1273 1082 dictum

156 1118 316 1199 estquod
335 1118 466 1180 “tertia
483 1136 559 1197 pars
578 1114 668 1188 solis,
685 1115 787 1176 tertia
806 1133 882 1194 pars
898 1112 1007 1185 lunae.
1025 1125 1061 1174 et
1081 1114 1183 1177 tertia
1202 1134 1273 1193 pars

156 1211 331 1274 stellarum
355 1212 598 1273 obtenebratae
627 1207 734 1285 sint;”
762 1217 798 1269 et
826 1228 884 1287 per
912 1207 1054 1268 “diem‘’
1077 1208 1274 1288 intelligitur

157 1306 216 1368 lux
236 1305 326 1379 solis,
343 1326 381 1366 ac
403 1326 460 1385 per
481 1300 668 1365 “noctem''
688 1301 888 1382 intelligitur
906 1301 964 1362 lux
986 1300 1085 1363 lunae
1105 1312 1141 1364 et
1161 1301 1273 1363 stella·

155 1419 239 1472 rurn,
253 1400 409 1481 quoniam
426 1398 477 1460 sol
490 1399 549 1460 dat
567 1398 675 1460 lucem
690 1398 845 1471 interdiu,
858 1415 897 1458 ac
914 1396 992 1458 luna
1009 1405 1044 1458 et
1058 1396 1181 1458 stellae
1194 1396 1273 1457 dant

156 1492 265 1555 lucem
286 1488 396 1554 noctu.
443 1493 587 1554 Primum
607 1493 737 1554 dicetur
756 1492 798 1553 de
818 1490 891 1553 luce
913 1512 957 1552 ex
977 1489 1049 1553 sole
1069 1511 1156 1572 quae
1176 1510 1272 1553 voca-

157 1598 210 1650 tur
229 1588 287 1649 lux
307 1589 383 1659 diei,
401 1599 435 1650 et
455 1589 497 1650 de
517 1588 591 1650 luce
611 1609 655 1649 ex
676 1587 754 1649 luna
773 1598 807 1649 et
827 1586 934 1649 stellis
953 1607 1039 1668 quae
1057 1597 1200 1648 vocatur
1217 1586 1273 1647 lux

156 1679 283 1757 noctis;
309 1700 367 1761 per
380 1681 490 1743 lucern
507 1702 525 1744 e
543 1681 625 1755 sole,
639 1701 723 1763 quae
736 1690 877 1744 vocatur
891 1687 909 1713 “
919 1680 977 1742 lux
991 1680 1056 1741 diei
1065 1679 1080 1703 '’
1092 1700 1132 1742 ac
1148 1680 1274 1753 “dies''

155 1773 355 1855 intelligitur
374 1774 433 1836 lux
453 1774 643 1855 spiritualis¹
664 1774 772 1856 qualis
795 1784 846 1836 est
866 1772 997 1854 angelis
1016 1774 1072 1854 qui
1092 1773 1273 1836 Dominum

156 1868 273 1931 vident
293 1880 330 1932 ut
349 1868 484 1946 Solem;
512 1880 547 1932 at
568 1889 626 1950 per
647 1870 753 1932 lucem
773 1868 890 1930 eluna
911 1879 946 1930 et
970 1867 1089 1941 stellis,
1109 1889 1197 1950 quae
1215 1889 1273 1932 vo·

157 1972 252 2025 catur
266 1970 284 1994 ‘¹
297 1962 356 2024 lux
375 1961 483 2026 noctis
492 1963 506 1986 ’¹
519 1984 557 2026 ac
573 1971 592 1995 ‘¹
603 1963 703 2037 nox,”
715 1962 916 2042 intelligitur
932 1961 991 2023 lux
1004 1962 1180 2036 naturalis,
1193 1983 1272 2044 qua·

156 2053 197 2115 lis
224 2064 276 2116 est
302 2053 437 2135 angelis
463 2055 519 2137 qui
547 2055 732 2117 Dominum
756 2052 913 2136 spectant
940 2063 977 2115 ut
1001 2053 1147 2116 Lunam.
1191 2071 1273 2128 (Quod

156 2159 275 2204 Dominus
285 2169 398 2218 appareat
409 2162 498 2218 angelis
514 2170 539 2205 ut
556 2162 597 2206 Sol
614 2169 637 2206 et
647 2174 744 2218 quoque
755 2168 781 2205 ut
794 2161 870 2212 Luna,
883 2161 991 2204 videatur
1000 2161 1024 2204 in
1035 2174 1110 2218 opere
1124 2161 1164 2206 De
1177 2163 1244 2206 Caelo
1253 2167 1275 2206 et

156 2248 289 2307 asemon.
301 2250 423 2306 116-125.)
467 2233 522 2294 Illi
538 2232 625 2295 caeli
646 2233 830 2295 Dominum
850 2231 1008 2314 spectant
1027 2244 1065 2293 ut
1081 2231 1200 2295 Solem
1219 2232 1272 2315 qui

156 2324 189 2386 in
208 2321 384 2387 affedtione
404 2327 472 2388 veri
492 2325 654 2405 spirituali
673 2335 762 2399 sunt,
782 2326 846 2388 hoc
867 2335 929 2398 est,
947 2327 1001 2406 qui
1021 2337 1140 2387 amant
1160 2345 1271 2388 verum

157 2419 232 2499 quia
256 2429 307 2481 est
332 2439 467 2496 verum;
494 2420 559 2482 hoc
583 2421 661 2500 quia
682 2430 736 2482 est
758 2420 940 2500 spirituale.
961 2419 1037 2481 ideo
1061 2418 1121 2481 lux
1145 2440 1232 2501 quae
1253 2440 1272 2482 a

157 2510 305 2574 Domino
321 2524 357 2574 ut
374 2512 453 2574 Sole
466 2525 518 2576 est
535 2513 734 2593 spiritualis:
759 2524 795 2575 at
811 2513 857 2576 illi
874 2514 958 2576 caeli
977 2513 1161 2576 Dominum
1178 2533 1271 2594 spec·

154 2616 229 2667 tant
246 2617 281 2668 ut
299 2606 441 2679 Lunam,
459 2609 513 2688 qui
530 2608 562 2668 in
579 2605 755 2669 affedtione
771 2609 839 2670 veri
857 2608 1000 2670 naturali
1017 2617 1106 2681 sunt,
1124 2609 1190 2672 hoc
1207 2620 1269 2684 est,

153 2699 208 2779 qui
232 2711 347 2762 amant
367 2720 481 2762 verum
504 2712 540 2763 ut
559 2699 650 2763 docti
669 2703 737 2763 sint
756 2711 790 2763 et
810 2701 893 2764 alios
913 2703 1102 2763 instruant:
1131 2703 1179 2764 illi
1198 2704 1272 2785 quia

154 2804 291 2873 propter
319 2793 399 2856 utile
428 2816 488 2874 pro
515 2816 550 2857 se
578 2807 695 2858 amant
721 2795 814 2867 illud,
838 2806 873 2858 et
901 2817 968 2858 non
999 2808 1139 2876 propter
1166 2799 1271 2878 ipsum

152 2906 278 2958 verum,
300 2889 375 2950 ideo
398 2888 444 2950 illi
469 2891 501 2951 in
525 2889 599 2952 luce
622 2911 707 2971 quae
731 2891 884 2970 procedit
909 2912 928 2953 a
949 2891 1098 2953 Domino
1117 2901 1154 2954 ut
1179 2892 1272 2954 Luna

152 2991 249 3042 sunt:
275 2981 357 3043 haec
376 2982 445 3054 lux,
459 3004 479 3045 a
496 2982 569 3045 luce
585 3004 670 3064 quae
686 2985 837 3063 procedit
852 3005 871 3045 a
888 2984 1035 3047 Domino
1052 2996 1089 3048 ut
1106 2984 1197 3057 Sole,
1211 2985 1270 3047 dil-

152 3073 217 3136 sert
237 3076 322 3138 sicut
345 3076 403 3138 lux
425 3078 488 3140 diei
511 3100 531 3139 a
549 3077 620 3140 sole
639 3089 673 3140 et
697 3077 756 3139 lux
777 3076 885 3141 noctis
904 3100 924 3140 a
943 3078 1022 3140 luna
1045 3089 1080 3142 et
1100 3079 1220 3154 stellis,
1240 3081 1271 3142 in

153 3181 272 3231 nostro
288 3172 433 3247 mundo;
457 3171 608 3234 similiter
629 3183 664 3234 ut
684 3171 776 3233 luces
792 3174 895 3234 etiam
912 3172 1069 3234 disserunt
1088 3193 1169 3236 vera
1185 3174 1271 3254 apud

152 3264 239 3338 illos,
259 3285 302 3326 ex
328 3285 427 3328 causa
450 3267 526 3347 quia
551 3267 709 3328 Divinum
729 3265 857 3328 Verum
877 3268 1065 3346 procedens
1085 3288 1105 3328 a
1125 3267 1272 3331 Domino

152 3361 243 3423 SlSlll
263 3380 399 3423 omnem
420 3362 530 3424 lucem
549 3363 581 3423 ln
602 3362 706 3424 Caelis
726 3378 846 3434 (videatur
857 3379 881 3422 in
892 3371 965 3435 opere
975 3380 1013 3423 De
1024 3380 1238 3439 Caeloetlnsmo.
1249 3394 1271 3426 a.

153 3472 277 3529 rao-140).
321 3455 434 3535 Quare
453 3456 501 3518 illi
520 3457 575 3538 qui
598 3457 630 3518 in
655 3456 730 3518 luce
753 3457 922 3538 spirituali
944 3467 1036 3530 sunt,
1057 3458 1090 3520 in
1114 3461 1271 3539 genuinis

151 3554 238 3615 veris
249 3562 326 3614 sunt
340 3574 347 3628 ;
364 3563 398 3614 et
410 3574 540 3634 quoque
554 3573 629 3615 curn
643 3555 782 3616 audiunt
794 3576 873 3617 vera
883 3576 968 3636 quae
983 3575 1049 3616 non
1063 3558 1155 3635 prius
1168 3577 1270 3620 nove·

151 3659 239 3720 runt,
260 3649 375 3710 statim
395 3658 584 3727 agnoscunt
605 3648 671 3721 illa,
691 3657 726 3711 et
746 3649 862 3712 vident
882 3650 972 3730 quod
992 3671 1071 3711 vera
1091 3652 1183 3713 sint:
1211 3650 1270 3727 ali·

153 3753 204 3804 ter
232 3742 277 3804 illi
305 3743 359 3823 qui
387 3742 419 3803 in
447 3742 522 3804 luce
545 3742 688 3804 naturali
711 3752 811 3818 sunt;
843 3743 890 3805 illi
918 3763 992 3805 curn
1017 3745 1158 3807 audiunt
1181 3766 1269 3820 vera,

151 3838 314 3916 recipiunt
334 3836 401 3909 illa,
420 3838 557 3898 tametsi
577 3856 645 3899 non
664 3837 782 3899 vident
802 3846 838 3900 et
858 3839 1056 3918 percipiunt,
1077 3839 1138 3901 sed
1157 3842 1235 3922 quia
1253 3861 1272 3903 a

152 3933 230 3994 viris
250 3932 370 4003 lamae,
388 3933 505 4012 quibus
525 3930 625 3993 fidern
644 3932 782 4004 habent,
800 3932 974 4009 dicuntur;
999 3953 1101 4014 quare
1123 3935 1270 4018 plerique

151 4047 195 4089 ex
209 4027 274 4089 illis
291 4029 323 4088 in
340 4027 404 4088 fide
421 4029 464 4089 ab
477 4026 549 4088 aliis
562 4037 651 4099 sunt,
664 4035 700 4088 at
713 4046 817 4107 usque
831 4028 864 4088 in
878 4028 948 4090 vita
960 4029 1146 4091 secundum
1160 4029 1270 4093 fidem.

151 4121 190 4184 In
210 4122 271 4183 hos
290 4120 404 4183 caelos
421 4121 559 4182 veniunt
579 4140 696 4182 omnes
715 4121 769 4200 qui
790 4121 875 4182 bene
892 4122 1063 4197 vixerunt,
1080 4126 1221 4187 tametsi
1239 4126 1269 4187 in

150 4214 240 4278 falsis
256 4210 432 4276 doctrinae
448 4215 600 4276 suerunt:
625 4224 661 4276 at
678 4234 780 4295 usque
796 4216 840 4276 ibi
857 4214 939 4276 salsa
949 4215 1075 4296 jugiter
1091 4218 1269 4298 purifican-

151 4320 332 4390 tutusque
356 4309 495 4370 tandem
520 4318 556 4370 ut
579 4319 763 4388 appareant
786 4309 871 4371 sicut
895 4330 984 4371 vera.
1030 4310 1086 4373 Ex
1111 4313 1164 4374 his
1188 4333 1269 4376 con·

150 4415 240 4467 stare
254 4414 367 4485 potest
385 4402 463 4485 quid
477 4404 683 4484 significatur
699 4423 758 4483 per
771 4410 835 4466 “ut
852 4404 923 4466 dies
940 4423 1008 4467 non
1025 4405 1155 4471 luceret
1168 4408 1270 4472 tertia
