2684 4988
289 479 372 533 cnr.
389 480 568 542 v1.‚vnns.
589 481 716 549 15.-n.
731 470 804 548 408.
1044 487 1107 553 943

104 647 173 711 ilem
188 669 250 712 seu
266 659 449 714 externam
467 662 630 725 mentem,
646 651 885 733 intelliguntur
903 672 962 733 per
980 653 1104 716 “chili-

104 753 163 805 tet
188 744 385 824 potentes‚’'
408 745 497 808 hona
524 745 582 808 illa
605 767 665 827 per
689 746 944 809 “chiliarchos'’
966 758 1001 811 et
1025 768 1106 811 vera

104 858 116 898 r
136 838 359 919 “putentes”
402 839 487 902 Inde
506 850 602 921 patet
619 839 709 921 quod
729 840 813 903 haec
831 841 933 903 verba
950 841 984 903 in
1004 861 1104 905 sensu

104 952 116 993 a
134 932 316 996 includant
335 936 449 996 omnia
464 954 551 1015 quae
569 934 658 1016 apud
676 934 848 997 hominem
865 945 954 1008 sunt,
973 955 1051 997 nam
1071 937 1104 998 in

104 1027 203 1087 itibus
221 1027 337 1107 agitur
355 1028 399 1090 de
415 1026 646 1091 exstinctione
665 1029 826 1091 omnium.
871 1026 995 1091 Omnia
1013 1031 1102 1111 apud

104 1139 155 1181 em
168 1139 205 1182 se
217 1119 369 1182 referunt
383 1122 426 1183 ad
443 1122 568 1183 bonum
582 1131 617 1184 et
630 1141 757 1194 verum,
772 1122 859 1184 sicut
872 1123 976 1184 etiam
990 1124 1104 1186 omnia

118 1306 312 1368 secundum
332 1307 398 1370 illa.
445 1306 512 1388 Qui
530 1328 666 1371 sensum
686 1308 821 1371 litterae
839 1309 941 1370 modo
957 1307 1101 1390 spectat,

106 1401 189 1462 dere
214 1409 331 1481 potest
354 1401 463 1470 aliter.
476 1423 576 1483 quam
600 1402 691 1483 quod
714 1422 813 1483 reges
837 1422 875 1488 ac
900 1403 1045 1484 primarii
1068 1405 1102 1466 in

120 1494 257 1556 illorum
286 1495 532 1576 intelligantur,
562 1506 596 1558 et
624 1497 713 1578 quod
741 1506 794 1557 tot
823 1498 1038 1559 nominentur
1066 1506 1102 1560 ut

114 1586 291 1662 elevetur;
316 1589 375 1650 sed
392 1590 425 1650 in
439 1588 556 1658 Verbo
574 1589 665 1651 nulla
678 1589 799 1651 vocula
816 1598 868 1651 est
885 1589 1003 1662 inanis,
1018 1611 1101 1670 quo·

104 1680 258 1743 Divinum
283 1692 336 1750 est
360 1684 392 1743 in
417 1683 573 1744 omnibus
597 1695 632 1745 et
656 1682 798 1763 singulis
821 1683 884 1757 ibi;
919 1704 1020 1763 quare
1044 1704 1102 1764 per

104 1775 285 1855 elligenda
304 1786 382 1837 sunt
404 1775 536 1850 Divina,
557 1797 643 1857 quae
663 1776 748 1839 caeli
771 1787 806 1838 et
827 1775 992 1838 ecclesiae
1011 1787 1101 1848 sunt,

104 1871 213 1931 imuni
232 1890 318 1932 voce
335 1880 501 1933 vocantur
519 1871 681 1934 caelestia
698 1881 732 1934 et
753 1871 949 1952 spiritualia,
967 1891 1012 1932 ex
1029 1873 1100 1952 qui·

104 1964 216 2025 erbum
235 1974 289 2026 est
310 1963 479 2036 Divinum,
497 1964 647 2027 caeleste
667 1975 701 2027 et
722 1964 903 2045 spirituale.
951 1964 1099 2026 Verbum

104 2059 219 2121 iatum
236 2070 290 2123 est
308 2069 343 2121 ut
361 2081 419 2140 per
435 2061 466 2122 id
484 2061 527 2122 sit
543 2058 736 2140 conjunetio
750 2059 834 2122 caeli
852 2080 927 2122 cum
945 2059 1099 2129 ecclesia.

104 2148 262 2231 gelorum
278 2151 365 2213 caeli
381 2170 458 2212 cum
476 2151 669 2213 hominibus
685 2151 854 2213 ecclesiae
870 2168 1102 2224 (videaturinopere

106 2257 429 2316 anseranum-310„
459 2252 494 2303 et
514 2240 573 2302 illa
591 2239 786 2320 conjunetio
805 2262 873 2302 non
893 2241 964 2303 dari
984 2251 1100 2322 potest

104 2331 193 2393 aliud
211 2352 273 2414 per
285 2332 343 2395 illa
355 2333 457 2395 verba
473 2333 721 2414 intelligeretur
734 2354 834 2415 quam
848 2335 937 2414 quod
954 2335 986 2395 in
1000 2353 1101 2396 sensu

104 2445 117 2487 e
135 2434 268 2496 exstat,
289 2445 412 2507 nempe
430 2427 519 2507 quod
539 2447 638 2506 reges
662 2437 782 2497 terrae,
804 2436 994 2507 magnates,
1016 2427 1100 2489 divi-

104 2519 235 2581 iliarchi
249 2530 284 2582 et
302 2530 475 2600 potentes,
491 2531 562 2582 tum
577 2522 686 2582 omnis
699 2542 815 2583 servus
828 2532 863 2583 et
880 2523 990 2583 omnis
1007 2521 1099 2595 liber,

104 2613 223 2675 rderint
248 2633 285 2674 se
309 2615 342 2675 in
365 2614 535 2694 speluncis
559 2624 594 2677 et
618 2617 651 2676 in
677 2617 780 2696 petris
805 2617 990 2692 montium;
1016 2615 1100 2678 haec

104 2717 179 2769 sunt
198 2706 387 2769 naturalia:
413 2708 472 2770 sed
493 2718 573 2770 tunc
590 2706 784 2787 conjunetio
801 2719 853 2770 est
873 2728 948 2771 cum
966 2730 1024 2791 per
1044 2709 1101 2771 illa

104 2812 218 2880 guntur
245 2800 345 2863 simul
371 2802 575 2882 spiritualia;
611 2802 709 2864 aliter
733 2805 821 2864 enim
850 2823 916 2865 non
942 2803 1100 2884 conjungi

104 2907 124 2957 rt
140 2895 256 2976 angeli
272 2914 349 2957 cum
366 2895 567 2965 hominibus,
587 2917 664 2958 nam
682 2898 795 2977 angeli
815 2898 1005 2979 spirituales
1021 2910 1100 2961 sunt

104 3008 114 3051 r
137 2990 304 3072 spirituali
328 2991 464 3063 mundo,
486 2999 521 3053 et
544 2990 622 3053 inde
646 2994 800 3072 cogitant
825 2994 1043 3073 spiritualiter
1065 3005 1101 3058 et

104 3083 319 3166 eloquuntur
338 3084 576 3166 spiritualiter;
602 3095 637 3146 at
657 3085 812 3147 homines
833 3087 1003 3148 naturales
1023 3097 1101 3151 sunt

104 3177 274 3240 {naturali
292 3178 429 3251 mundo,
451 3189 486 3240 et
503 3179 581 3240 inde
600 3181 757 3258 cogitant
777 3179 976 3242 naturaliter
994 3190 1029 3244 et
1049 3181 1100 3244 lo-

104 3292 129 3334 ir
147 3271 357 3334 naturaliter.
404 3271 500 3334 Haec
520 3270 611 3334 dieta
630 3283 709 3335 sunt
734 3284 769 3335 ut
789 3275 914 3335 sciatur
933 3277 1022 3355 quod
1042 3296 1100 3357 per

104 3385 111 3425 t
128 3374 251 3438 terrae,
272 3376 463 3445 magnates,
485 3366 621 3439 divites,
642 3366 845 3430 chiliarchos
865 3378 899 3429 et
917 3370 1101 3448 potentes''

104 3470 212 3520 :entur
236 3461 341 3521 etiam
367 3459 562 3540 spiritualia.
609 3458 710 3540 Quod
735 3462 919 3542 spiritualia
944 3463 1101 3542 perillus

104 3563 226 3632 gantur,
253 3572 375 3634 nempe
399 3574 458 3634 per
486 3559 697 3634 “magnates
720 3565 755 3616 et
783 3556 905 3617 divites
915 3554 929 3577 ’'
953 3556 1041 3618 bona
1065 3566 1101 3620 et

104 3656 220 3719 lterna,
234 3655 270 3708 et
288 3666 346 3727 per
363 3646 596 3709 “chiliarchos
613 3658 648 3710 et
666 3648 851 3728 potentes¹’
868 3649 957 3711 bona
972 3661 1007 3712 et
1021 3672 1101 3714 vera

105 3760 134 3813 a,
151 3752 311 3802 constare
327 3750 442 3820 potest
458 3761 503 3802 ex
520 3740 767 3820 significatione
784 3762 899 3804 eorum
917 3743 971 3804 ubi
988 3747 1099 3807 nomi-

121 3836 154 3897 in
172 3834 319 3896 Verb0.'
345 3833 446 3913 Quod
468 3841 678 3914 “magnates
688 3835 701 3856 ”
721 3837 753 3897 in
771 3835 887 3898 Verbo
907 3837 1098 3918 significent

104 3938 233 4000 nterna,
254 3948 340 4009 quae
359 3939 436 3990 sunt
456 3928 546 3991 bona
565 3930 687 3992 interni
711 3950 769 3991 seu
788 3931 970 4011 spiritualis
990 3931 1100 3995 homi·

104 4024 207 4105 :quia
228 4017 496 4103 “magnum”'et
518 4023 771 4103 “magnitudo'’
790 4025 822 4086 in
843 4023 959 4088 Verbo
978 4027 1100 4091 dicitur

106 4135 138 4188 ο,
151 4125 190 4176 at
209 4113 410 4175 “multum'’
426 4124 461 4176 et
480 4121 499 4146 ‘⁸
510 4113 695 4176 multitudo
706 4113 721 4137 '¹
737 4115 779 4176 de
795 4136 876 4177 vero
893 4132 1099 4191 (videatursupn.

104 4223 230 4288 1‚337>:
259 4207 349 4288 quod
369 4208 460 4268 bona
478 4207 613 4270 interna
636 4228 695 4289 per
716 4216 927 4288 “magnates
937 4209 951 4231 ”
970 4211 1098 4290 signifi-

132 4316 188 4368 est
221 4304 299 4384 quia
330 4324 388 4384 per
417 4315 562 4384 quatuor
592 4305 677 4375 illos,
708 4326 829 4386 nempe
858 4307 1098 4386 “magnates''

104 4398 157 4476 es,’'
184 4397 451 4473 “chiliarchos'’
476 4399 698 4479 “potentes'’
724 4398 956 4479 significantur
981 4402 1097 4463 omnia
