2684 4988
114 462 195 511 1020
420 460 671 511 APOCALYPSIS
695 462 921 514 EXPLICATA.

109 630 187 695 ficat
207 650 321 693 verum
340 652 384 692 ex
403 630 529 705 Verbo,
547 641 581 694 et
600 633 763 713 “spiritus
771 633 787 655 ”
802 633 971 715 significat
989 636 1085 696 vitam
1099 644 1192 696 secun‘

110 724 192 876 (ἔξω
218 722 313 826 illud.
367 740 450 797 (Quod
466 737 479 753 '¹
489 754 553 797 aqua
561 741 573 754 '¹
588 742 704 799 significet
718 756 810 799 verum,
824 744 933 789 videatur
945 757 1024 802 supra.
1037 742 1120 807 n71.)
1157 718 1189 784 1ss

168 833 271 887 rems,

160 946 178 968 ‘⁸
185 944 299 1008 Spiritus
309 945 412 992 narium
422 955 583 1001 nostrarum.
594 944 698 995 Undlus
705 945 835 1010 jehovae,
844 957 938 1009 captus
946 958 987 997 est
997 948 1023 996 in
1031 948 1184 999 toreiseonn

239 1010 272 1058 de
286 1025 339 1073 quo
353 1010 513 1066 dixeramus.
532 1010 563 1058 In
578 1013 673 1060 umbra
686 1012 756 1061 illius
770 1012 892 1061 vivemus
906 1013 975 1062 inter
988 1012 1097 1075 ΜΝ
1107 1008 1184 1073 situel:

112 1173 171 1234 per
201 1151 379 1215 “Undlum
407 1152 580 1233 Jehovae'’
609 1154 662 1216 hic
697 1154 897 1235 intelligitur
927 1155 1086 1217 Dominus
1110 1149 1186 1235 quoad

111 1246 270 1309 Divinum
287 1244 425 1318 Verum,
446 1247 553 1310 simile
569 1248 660 1310 enim
679 1267 738 1329 per
756 1254 775 1280 “
786 1246 938 1312 Unitum
953 1248 1115 1330 Jehovae''
1127 1242 1186 1328 quod

111 1357 171 1418 per
194 1337 358 1418 “Regem
368 1336 384 1359 ”
405 1337 635 1418 significatur;
665 1353 887 1413 (qu0d··nex··in
901 1370 1015 1414 supremo
1027 1353 1186 1411 sensusignnu

113 1433 245 1478 Dominum
256 1434 337 1490 quoad
353 1433 466 1476 Divinum
478 1434 576 1484 Verum.
588 1435 697 1479 videatur
709 1449 789 1492 supra,
800 1448 824 1481 u.
837 1436 873 1499 31
886 1451 891 1489 ς
914 1443 937 1480 et
947 1436 1015 1492 quod
1028 1436 1095 1480 etiarn
1105 1429 1187 1479 “Undat

111 1513 241 1573 Jeuovaes·
252 1526 331 1570 supra
343 1526 366 1556 n.
379 1511 418 1574 37
423 1510 438 1576 5
448 1513 466 1569 ς)
488 1496 566 1559 inde
582 1509 635 1559 est
651 1500 743 1580 quod
759 1499 893 1561 dicatur
907 1497 1079 1578 “Spiritus
1093 1496 1187 1559 narium

113 1597 313 1656 nostrarum,
337 1585 378 1646 de
402 1605 469 1665 quo
491 1586 696 1660 dixeramus,
718 1587 756 1649 In
780 1589 896 1649 umbra
920 1587 1006 1649 illius
1027 1581 1188 1654 [¹¹vivemus,¹’

113 1679 301 1760 ‘'spiritus''
329 1680 419 1741 enim
448 1699 487 1741 ac
519 1685 670 1742 “ventus
700 1680 852 1742 narium”
881 1683 914 1742 in
944 1700 1096 1762 supremo
1119 1695 1188 1739 sensu

112 1772 278 1853 significat
296 1773 453 1835 Divinum
471 1773 609 1846 Verum,
623 1785 659 1836 ut
676 1795 774 1855 supra
791 1773 916 1836 dietum
930 1789 982 1837 est
999 1797 1006 1850 ;
1029 1775 1110 1854 quod
1124 1771 1187 1833 Divi·

113 1887 192 1931 num
216 1866 342 1930 Verum
367 1869 499 1948 perierit
523 1888 581 1948 per
606 1868 690 1930 laisa
713 1868 802 1942 mali,
826 1868 1032 1949 significatur
1058 1889 1110 1950 per
1127 1863 1187 1946 quod

114 1968 262 2043 “captus
278 1963 309 2023 in
326 1961 430 2023 foveis
442 1962 581 2024 eorum''
600 1961 636 2043 (⁶⁴
646 1963 762 2025 foveae
770 1962 785 1984 ”
798 1973 874 2024 sunt
891 1962 974 2025 salsa
988 1963 1088 2042 mali).
1126 1958 1188 2022 Alibi

113 2057 146 2119 in
172 2055 321 2129 Threm's,

164 2189 288 2240 “Vocem
307 2205 394 2238 meam
412 2189 565 2248 audivisti,''
582 2189 721 2254 Jehovah;
747 2194 807 2239 “ne
827 2191 976 2240 abscondas
994 2205 1081 2239 aurem
1100 2182 1187 2238 tund

244 2256 445 2318 respirationem
460 2271 556 2312 meam.
570 2256 604 2304 ad
616 2255 759 2304 clamorem
773 2270 862 2304 meum
871 2255 885 2274 ”
897 2255 943 2318 (iii.
958 2254 1012 2317 sn:

114 2386 350 2449 “abscondere
382 2405 495 2448 aurem
525 2386 568 2448 ad
600 2387 855 2468 respirationem
885 2397 920 2448 et
950 2387 993 2448 ad
1023 2375 1187 2448 clamorem''

113 2479 279 2562 significat
298 2482 340 2542 ad
361 2482 499 2553 cultum,
520 2480 766 2542 consessionem
785 2492 819 2542 et
840 2500 956 2562 preces
975 2501 1059 2561 quae
1076 2500 1114 2541 ex
1129 2472 1187 2537 veris

112 2587 148 2640 et
167 2597 212 2637 ex
232 2576 346 2637 bonis:
374 2576 483 2636 omnis
502 2576 591 2636 enim
611 2575 731 2645 cultus,
751 2574 916 2636 consessio
939 2583 974 2636 et
998 2573 1133 2655 precatio
1146 2565 1187 2630 erit

112 2692 157 2733 ex
181 2670 267 2732 veris
290 2681 325 2730 et
348 2691 392 2731 ex
417 2670 532 2745 bonis;
559 2689 603 2730 ex
628 2670 774 2749 utrisque
797 2679 893 2730 erunt
918 2679 954 2730 ut
977 2668 1153 2737 audiantur;
1170 2656 1187 2718 Si

112 2787 158 2828 ex
176 2764 256 2827 solis
273 2764 358 2825 veris
377 2774 454 2825 sunt
475 2782 541 2824 non
558 2763 735 2823 audiuntur
754 2763 830 2841 quia
849 2781 916 2823 non
933 2762 1003 2824 vita
1021 2773 1072 2823 est
1089 2762 1116 2822 in
1130 2754 1187 2822 illis;

113 2862 183 2923 vita
202 2860 270 2921 veri
290 2869 340 2919 est
364 2878 406 2918 ex
428 2858 536 2919 bono:
566 2854 792 2936 “respiratio''
810 2856 930 2918 dicitur
952 2855 998 2918 ibi
1016 2857 1056 2917 de
1074 2853 1151 2921 veris,
1165 2851 1187 2905 et

115 2961 135 2986 ‘⁶
146 2952 277 3015 clamor
287 2949 302 2972 '’
331 2949 373 3010 de
402 2948 500 3010 bonis
529 2963 606 3022 (quod
621 2959 634 2975 ‘¹
646 2963 736 3007 clamor
746 2963 758 2977 ··
774 2963 866 3007 dicatur
882 2963 912 3007 de
928 2963 1006 3015 bonis,
1020 2951 1186 3007 videbituralivll·

113 3040 219 3124 Apud
236 3039 363 3112 Mosen,

165 3175 277 3225 '‘Omne
294 3173 335 3221 eui
356 3172 433 3220 flatus
451 3171 559 3232 spiritus
575 3170 688 3218 vitarum
711 3170 738 3217 in
755 3169 864 3217 naribus
880 3167 948 3230 ejus,
968 3169 1003 3216 ab
1019 3167 1091 3217 omui
1105 3154 1187 3226 quodin

243 3241 325 3296 arida,
341 3248 446 3286 mortua
458 3235 542 3285 sunt''
555 3235 652 3297 (Gener.
664 3235 709 3283 vii.
722 3233 778 3296 22):

114 3374 192 3458 quid
209 3373 292 3435 haec
312 3372 345 3432 in
362 3389 460 3431 sensu
477 3367 610 3429 litterae
627 3363 828 3447 significant,
846 3366 985 3446 quisque
1002 3363 1108 3439 videt;
1126 3346 1187 3438 quod

115 3489 236 3550 nempe
263 3487 321 3548 per
348 3464 506 3525 diluvium
534 3457 706 3523 exstindla
732 3459 852 3520 suerint
880 3460 994 3520 omnia
1021 3478 1100 3539 quae
1122 3460 1188 3529 super

115 3574 214 3636 terra,
238 3563 285 3623 ita
309 3578 427 3621 omnes
454 3557 606 3618 homines
633 3555 687 3636 qui
712 3553 868 3615 vixerunt
896 3562 1030 3634 praeter
1053 3544 1188 3612 Noachum

114 3670 148 3722 et
178 3656 247 3737 ejus
270 3654 373 3716 filios:
405 3651 463 3714 sed
491 3649 569 3732 quid
593 3649 625 3710 in
649 3668 747 3709 sensu
771 3645 933 3728 spirituali
961 3666 1019 3727 per
1045 3644 1098 3706 illa
1119 3632 1189 3700 verba

115 3748 337 3831 significatur,
361 3743 517 3805 videatur
540 3742 572 3802 in
598 3739 748 3802 Arcanis
777 3736 987 3801 caelestibus
1012 3753 1046 3811 (n.
1061 3731 1190 3820 tentoni

114 3857 232 3915 explicata
245 3853 310 3910 sunt)
323 3856 330 3912 ;
358 3833 448 3916 quod
472 3851 594 3912 nempe
617 3850 675 3911 per
699 3828 845 3890 “ilatum
867 3828 1005 3908 spiritus
1026 3827 1152 3888 vitarum
1168 3823 1189 3869 ¹¹¹

115 3929 271 3995 naribus”
294 3926 504 4006 intelligatur
526 3925 596 3985 vita
619 3921 807 4003 spiritualis,
832 3940 917 4001 quae
940 3919 999 3980 luit
1022 3918 1084 3980 illis
1104 3910 1146 3996 qui
1162 3898 1190 3964 ab

114 4025 360 4107 Antiquissima
384 4020 557 4095 Ecclesia;
589 4015 799 4079 “diluvium''
821 4016 909 4076 enim
937 4013 1099 4095 significat
1120 4005 1189 4068 finem

114 4122 201 4186 illius
225 4119 399 4191 ecclesiae,
419 4136 457 4178 ac
482 4114 635 4177 ultimum
655 4111 813 4193 judicium
838 4108 927 4190 quod
950 4104 1073 4170 fastum
1094 4089 1190 4187 quand⁰

115 4236 215 4281 omne
234 4211 396 4275 ecclesiae
416 4206 625 4272 exstindlum
644 4207 714 4268 suit.
759 4203 862 4286 Apud
878 4202 1054 4274 Davidem,

166 4359 278 4409 “Aures
298 4356 358 4413 illis,
376 4370 429 4403 non
445 4356 564 4409 audiunt.
582 4355 661 4402 etiam
678 4365 730 4399 non
749 4361 790 4398 est
807 4359 905 4398 ventus
923 4349 949 4397 in
967 4362 1014 4397 ore
1032 4325 1187 4396 ἰΙΙοτιιωἿΡι

246 4437 340 4472 cxxxv.
355 4426 408 4480 17):
