2684 4988
333 512 412 562 cnr,
428 513 518 574 vnn,
535 512 639 563 unns.
656 501 766 564 8.-u.
784 514 818 581 51
825 498 907 583 3[b].
1096 500 1174 582 1263

104 679 180 744 nhis
208 680 292 744 locis
319 702 378 763 per
403 682 577 745 “bestiam
604 670 699 763 agri'”
722 681 925 764 intelligitur
947 682 1176 747 voluntarium

104 777 214 850 ominis,
225 796 286 856 per
300 782 425 838 “avem
438 777 524 840 caeli
532 777 547 800 ”
558 774 790 840 intellectuale
802 777 883 857 ejus,
897 788 933 842 et
946 799 1005 859 per
1019 781 1176 862 “piscem

104 871 184 933 laiis”
196 869 418 934 scientificum
431 870 511 950 ejus.
556 869 647 953 Quid
663 871 788 953 alioqui
804 870 891 934 soret
907 873 998 955 quod
1016 874 1176 937 “bestiae

104 976 221 1028 scerent
245 974 293 1039 te,
314 985 393 1027 aves
413 965 498 1027 caeli
522 966 772 1028 annuntiabunt
793 966 864 1040 tibi,
885 977 920 1029 et
944 968 1054 1049 pisces
1076 968 1177 1031 maris

104 1059 252 1132 amabunt,
262 1059 352 1141 quod
363 1078 483 1122 manus
492 1059 644 1140 Jehovae
654 1058 756 1122 saciat
768 1057 850 1121 illud
858 1059 889 1121 ”i
917 1060 1050 1124 Dicitur
1059 1062 1175 1137 etiarn,

104 1150 174 1233 Quis
191 1173 260 1216 non
285 1154 380 1216 novit
403 1174 448 1216 ex
472 1146 524 1216 his
540 1152 736 1217 omnibus?’'
779 1153 942 1218 Similiter
960 1155 1049 1236 apud
1068 1156 1176 1219 Davi·

104 1267 145 1323 m,

120 1380 273 1430 “Dominari
286 1381 352 1429 Eum
365 1380 451 1430 iecisti
461 1396 542 1443 super
550 1395 633 1444 opera
641 1395 769 1429 manuum
780 1391 893 1439 tuarum,
905 1382 997 1431 omnia
1005 1382 1117 1445 posuisti
1126 1384 1177 1432 sub

187 1447 268 1508 pedes
280 1446 354 1508 Ejus,
365 1461 474 1509 gregem
485 1456 511 1495 et
520 1457 642 1495 armenta
651 1447 749 1502 omnia.
760 1447 860 1495 bestias
869 1461 1003 1509 agrorum,
1012 1463 1090 1496 avem
1100 1449 1175 1504 caeli.

187 1513 332 1641 {effluent
351 1512 440 1569 maris,
457 1520 641 1561 transeuntem
659 1512 716 1560 vias
734 1512 847 1561 marium
856 1511 870 1530 '⁹
884 1512 939 1574 (Ps.
952 1512 1007 1562 viii.
1022 1524 1070 1576 7-9
1083 1510 1129 1578 [B.
1140 1515 1176 1564 A.

104 1716 146 1762 sec
168 1696 256 1763 dicta
279 1709 358 1762 sunt
381 1699 424 1762 de
448 1698 607 1772 Domino,
628 1717 667 1761 ac
691 1698 734 1762 de
758 1699 866 1780 Ipsius
886 1699 1056 1777 dominio;
1087 1701 1177 1782 quod

104 1794 243 1856 ominium
263 1793 332 1875 Ipsi
349 1794 394 1856 sit
413 1793 447 1855 in
464 1792 567 1855 caelis
585 1814 686 1875 super
701 1794 844 1874 angelos
860 1805 895 1858 et
915 1795 948 1857 in
965 1795 1062 1859 terris
1078 1816 1178 1878 super

104 1889 213 1952 omines
236 1898 356 1951 notum
379 1897 432 1950 est
456 1908 501 1950 ex
525 1885 652 1961 Verbo,
673 1888 755 1951 dicit
780 1889 870 1952 enim
894 1888 972 1970 Ipse
995 1891 1084 1972 quod
1109 1891 1178 1971 lpsi

105 1984 199 2045 omnis
212 1990 369 2064 potestas
381 1982 464 2045 data
475 1983 519 2044 sit
533 1983 566 2044 in
580 1982 677 2044 caelo
690 1992 725 2045 et
739 1983 771 2045 in
785 1994 875 2046 terra
883 1983 898 2007 ’'
910 1982 1048 2064 (Marta.
1060 1985 1177 2047 xxviii.

104 2071 141 2151 3);
161 2077 249 2158 quod
269 2085 384 2155 autern
401 2076 586 2138 dominium
604 2076 672 2157 lpsi
692 2076 810 2139 datum
826 2078 871 2139 sit
890 2097 990 2159 super
1005 2077 1175 2153 animalia,

104 2184 144 2231 les
160 2181 193 2233 et
213 2172 333 2254 pisces,
355 2190 423 2232 non
443 2171 532 2232 tanti
555 2180 609 2233 est
633 2179 669 2233 ut
693 2181 900 2233 memoretur
922 2171 955 2233 in
975 2169 1102 2246 Verbo,
1123 2172 1178 2234 ubi

104 2262 174 2327 nnia
189 2275 223 2328 et
240 2263 374 2347 singula
387 2261 545 2347 spectant
559 2263 691 2327 caelum
708 2275 743 2327 et
756 2263 947 2327 ecclesiam.
993 2265 1078 2327 Inde
1095 2284 1178 2328 con·

105 2371 154 2420 are
171 2369 286 2440 potest
310 2360 399 2441 quod
419 2380 478 2441 per
498 2364 667 2439 “gregem
691 2369 726 2421 et
745 2369 911 2433 armenta,
932 2359 1059 2422 bestias
1078 2380 1178 2441 agro·

104 2465 147 2525 un,
168 2473 266 2516 avem
294 2453 380 2516 caeli
406 2463 442 2516 et
466 2454 594 2536 piscem
622 2453 752 2526 maris‚”
776 2452 858 2515 talia
881 2474 967 2534 quae
991 2463 1070 2516 sunt
1092 2453 1180 2517 caeli

104 2546 150 2608 nd
172 2548 333 2628 angelum
361 2559 396 2611 et
420 2547 586 2610 ecclesiae
609 2547 697 2628 apud
726 2546 898 2609 hominem
923 2546 1177 2629 intelligantur:

104 2656 123 2698 r
142 2646 309 2723 “gregem
333 2652 367 2704 et
391 2641 569 2705 armenta”
588 2640 820 2722 significantur
843 2643 875 2703 in
899 2661 1024 2722 genere
1043 2642 1179 2724 spiritu·

104 2729 173 2800 *aet
187 2735 364 2810 naturalia,
376 2757 436 2818 per
451 2742 620 2817 “gregem
630 2736 645 2759 ”
655 2735 840 2817 spiritualia
852 2746 887 2799 et
901 2757 960 2818 per
972 2740 992 2766 “
1001 2736 1180 2799 armenta”

104 2832 229 2895 toralia
250 2852 336 2914 quae
359 2831 449 2913 apud
468 2830 653 2904 hominem,
674 2851 732 2892 seu
755 2851 841 2912 quae
864 2840 943 2892 sunt
963 2831 1087 2893 mentis
1110 2832 1179 2913 spi·

106 2928 191 2989 ualis
207 2936 241 2989 et
262 2926 385 2988 mentis
402 2924 566 2987 naturalis
582 2925 671 3006 apud
688 2925 802 3001 illum;
826 2946 886 3007 per
903 2925 1061 2987 “bestias
1077 2944 1178 3005 agro·

104 3020 158 3083 m”
177 3018 411 3102 significantur
429 3019 622 3082 voluntaria
645 3039 731 3101 quae
754 3029 834 3081 sunt
856 3015 1091 3095 affectionum
1120 3039 1180 3100 per

104 3133 172 3178 ntes
187 3114 272 3178 caeli
281 3113 296 3138 ”
312 3110 556 3176 intellectualia
572 3133 659 3194 quae
676 3123 755 3175 sunt
772 3113 1022 3193 cogitationum
1036 3133 1043 3188 ;
1068 3122 1103 3175 et
1120 3133 1179 3195 per

104 3210 200 3272 ›isces
227 3208 351 3271 maris”
378 3206 575 3281 scientifica,
604 3228 691 3289 quae
721 3217 800 3270 sunt
830 3207 993 3269 naturalis
1023 3206 1179 3269 hominis.

104 3304 188 3369 milia
203 3303 436 3386 significantur
454 3323 514 3383 per
532 3302 617 3365 haec
637 3303 670 3364 in
690 3303 798 3384 primo
817 3303 929 3384 capite
951 3301 1121 3375 Geneseos,

113 3440 211 3490 “Dixit
225 3439 306 3495 Deus.
319 3438 458 3488 Faciamus
467 3439 604 3487 hominem
618 3439 645 3487 in
659 3438 776 3500 imagine
786 3448 887 3494 nostra,
899 3439 1047 3487 secundum
1057 3438 1181 3488 similitu·

190 3506 279 3554 dinem
295 3515 424 3560 nostram
440 3515 470 3552 ut
483 3505 638 3553 dominetur
655 3504 681 3552 in
700 3504 801 3567 piscem
816 3504 906 3560 maris,
923 3515 949 3552 et
967 3504 994 3551 in
1012 3518 1089 3552 avem
1104 3504 1179 3563 caeli,

193 3581 281 3621 ....et
293 3571 320 3619 in
333 3584 413 3618 omne
426 3570 526 3618 animal
538 3584 634 3632 repens
647 3583 728 3631 super
740 3567 831 3617 terra”
841 3571 920 3630 (vers.
933 3569 973 3628 26,
987 3570 1042 3630 alil:

104 3689 173 3762 :itur
190 3694 220 3755 in
241 3692 300 3754 illo
320 3693 432 3773 capite
451 3692 483 3753 in
504 3711 605 3754 sensu
622 3691 757 3755 interno
774 3688 939 3772 spirituali
955 3692 998 3753 de
1014 3691 1181 3754 instaura-

104 3800 157 3847 ›ne
174 3787 349 3851 Ecclesiae
369 3785 649 3868 Antiquissimae,
673 3787 721 3849 ita
745 3785 787 3847 de
812 3805 900 3847 nova
923 3786 1096 3848 creatione
1120 3806 1180 3849 seu

104 3882 320 3955 generatione
343 3880 519 3944 hominum
546 3880 635 3943 illius
658 3879 847 3943 ecclesiae:
878 3880 969 3961 quod
993 3880 1111 3942 datum
1135 3881 1180 3943 sit

106 3968 134 4030 is
152 3978 320 4058 percipere
344 3977 457 4037 omnia
485 3995 565 4037 suae
592 3972 779 4037 affectionis
806 3994 893 4055 quae
916 3972 1115 4046 voluntatis,
1140 3993 1180 4036 ac

104 4063 175 4133 dere
186 4073 298 4133 omnia
312 4092 391 4133 suae
402 4071 623 4151 cogitationis
634 4090 721 4152 quae
735 4066 940 4142 intellectus
953 4078 988 4131 et
1003 4069 1048 4130 sic
1063 4088 1181 4149 regere

104 4173 134 4229 a.
161 4185 200 4229 ne
227 4166 360 4229 abirent
388 4167 420 4227 in
448 4165 744 4247 concupiscentias
772 4163 851 4225 mali
878 4173 914 4225 et
941 4164 974 4225 in
1001 4162 1180 4236 falsitates,

104 4253 262 4341 telligitur
281 4280 341 4342 per
359 4265 423 4321 “ut
444 4259 638 4321 dominetur
657 4259 689 4320 in
707 4259 834 4339 piscem
852 4259 964 4331 maris,
982 4275 1079 4320 avem
1095 4256 1182 4319 caeli

111 4361 210 4417 0rnne
226 4353 351 4417 animal
369 4364 478 4416 terrae
492 4353 517 4415 :'’
541 4363 576 4416 et
592 4353 787 4415 dominatur
803 4351 907 4413 homo
924 4353 956 4413 in
973 4351 1030 4413 illa
1045 4350 1181 4432 quando

104 4450 227 4511 >minus
239 4449 432 4511 dominatur
449 4467 548 4530 super
563 4447 756 4525 hominem;
781 4465 859 4510 nam
877 4445 981 4509 homo
998 4465 1042 4508 ex
1059 4461 1180 4507 senon
