2684 4988
117 490 198 556 1106
424 499 675 551 arocstvrsrs
696 498 926 550 exsucata.

113 672 230 725 naturale,
245 672 317 717 etiam
328 684 408 729 supra,
416 684 441 717 n.
452 668 509 734 70;
525 676 550 715 et
563 669 631 727 quod
642 664 655 682 '¹
663 667 779 714 eslceus”
791 668 904 713 ultimum
919 667 1044 719 naturalis,
1055 680 1115 724 quot

112 751 188 805 susle,
198 751 224 797 in
239 744 811 806 Arcanocaelestum,n.174s,l¹121⁶2.6t44)
854 729 1032 812 Quoniam
1054 728 1115 792 “Ar

113 825 282 909 significat
297 825 480 908 jucundum
499 821 724 899 affectionum,
744 822 844 906 quale
862 834 917 887 est
937 822 1005 886 illis
1023 823 1079 906 qui
1095 823 1115 885 ir

112 931 191 985 sunt
210 942 255 983 ex
274 941 375 983 sensu
394 920 540 993 litterae,
557 919 634 982 ideo

161 1052 408 1104 castrametabatur
421 1052 468 1101 illa
481 1052 565 1100 tribur
579 1066 634 1100 una
646 1065 707 1100 cum
721 1051 793 1100 tribu
807 1050 894 1100 Danis
908 1060 936 1100 et
952 1051 1025 1101 tribu
1040 1049 1114 1114 Naph

242 1119 454 1180 septentrionem
467 1116 561 1178 (Num.
574 1118 600 1166 ii.
613 1117 713 1179 25-31).
738 1141 741 1146 ·

114 1243 175 1329 Per
187 1241 506 1304 castrametationes
521 1239 664 1303 filiorum
682 1239 814 1302 Israelis
831 1241 863 1302 in
882 1241 1022 1303 deserto
1037 1259 1115 1321 repn

112 1332 277 1394 tabantur
293 1331 529 1393 ordinationes
545 1331 751 1393 societatum
767 1328 1003 1411 angelicarum
1015 1332 1048 1392 in
1063 1350 1115 1392 cae

112 1438 197 1483 deam
211 1435 470 1498 supm,n.431[c]);
500 1428 535 1482 et
558 1419 602 1481 ibi
625 1419 669 1481 ad
691 1419 969 1500 septentrionem
992 1418 1115 1481 habitat

112 1515 146 1576 in
166 1511 342 1576 afledtione
362 1513 595 1594 cognitionum
611 1511 831 1592 spiritualium
850 1521 929 1574 sunt
949 1533 993 1573 ex
1013 1512 1099 1573 bono

115 1609 207 1670 tatis
253 1605 353 1687 Quod
379 1606 565 1669 “Ascher”
583 1605 749 1687 significet
773 1606 912 1668 beatum
936 1605 1111 1687 spirituale,

114 1712 166 1764 est
191 1702 327 1763 beatum
348 1722 392 1763 ex
416 1720 531 1763 amore
555 1710 589 1762 et
613 1701 789 1772 charitate,
809 1700 913 1762 etiam
937 1711 1115 1779 constare}

113 1795 201 1876 apud
217 1793 430 1867 Ezechielem,
445 1795 499 1856 ubi
515 1795 627 1875 agitur
642 1794 684 1856 de
701 1814 789 1856 nova
805 1804 905 1866 terra,
923 1803 959 1856 et
976 1794 1017 1855 de
1034 1813 1114 1855 nova

112 1909 151 1952 ac
180 1899 269 1952 terra
296 1890 339 1951 ibi
367 1889 576 1952 distribuitur
604 1899 640 1951 ut
668 1889 839 1951 hereditas
866 1890 954 1951 inter
982 1908 1095 1950 omnes

116 1983 261 2056 israelis
289 2003 327 2046 ac
358 1984 431 2046 urbi
459 1984 680 2064 designantur
710 1982 888 2045 duodecim
920 1993 1050 2062 portae,
1074 2001 1115 2044 un.

114 2079 231 2159 quavis
250 2078 352 2140 tribu:
376 2078 418 2139 de
442 2078 632 2140 hereditate
651 2076 813 2139 Ascheris
832 2077 944 2158 agitur
962 2077 1017 2150 ibi,
1037 2096 1103 2157 cap.

114 2170 223 2252 “lt-33
247 2183 282 2235 et
301 2173 343 2235 de
362 2174 479 2253 portis,
499 2173 551 2234 his
570 2172 690 2247 verbis,

163 2300 308 2363 “Angulus
323 2316 417 2350 versus
431 2316 505 2350 mare
519 2297 707 2364 l³lquingentae
723 2296 826 2364 [ulnae]
845 2309 872 2349 et
889 2311 1005 2364 quatuor
1018 2300 1108 2349 millia:

244 2367 317 2415 urbis
331 2375 402 2422 tres:
420 2377 498 2428 porta
512 2365 595 2415 Gadis
609 2381 670 2423 una,
683 2377 760 2428 porta
774 2366 901 2415 Ascheris
915 2381 977 2424 una,
991 2376 1066 2427 porta
1079 2364 1115 2414 Na

243 2445 312 2480 una:
334 2431 459 2480 circuitus
476 2429 625 2480 odtodecim
645 2431 734 2490 millia,
752 2442 780 2480 et
797 2445 898 2479 nomen
915 2431 989 2480 urbis
1006 2446 1024 2479 a
1039 2431 1087 2489 die,
1101 2428 1113 2493 J

243 2495 420 2545 schammah''
432 2493 537 2561 ([vers.]
551 2509 590 2556 34,
604 2494 660 2557 35):

112 2646 171 2708 per
186 2627 370 2701 “terram”
383 2648 469 2710 quae
486 2628 706 2690 distribuetur
718 2628 751 2690 in
767 2626 1006 2701 hereditatem,
1020 2622 1115 2708 signifi

111 2720 276 2797 ecclesia;
300 2742 359 2803 per
377 2720 492 2784 “filios
511 2720 670 2784 Israelis”
686 2722 774 2784 inter
793 2742 878 2804 quos
897 2718 1115 2783 distribuenda

112 2813 291 2878 nificantur
307 2815 420 2876 omnia
436 2835 516 2877 vera
532 2835 576 2877 ex
593 2815 685 2877 bono
701 2836 786 2896 quae
802 2825 882 2878 sunt
899 2814 1062 2877 ecclesiae
1079 2813 1109 2874 in

110 2907 214 2989 plexu
228 2930 235 2985 ;
253 2930 311 2990 per
322 2915 341 2940 ¹⁶
351 2909 467 2970 urbem
476 2908 491 2932 ’⁹
502 2907 711 2989 significatur
723 2906 876 2971 doctrina
888 2909 959 2971 veri
973 2928 1016 2970 ex
1029 2908 1111 2969 bono

110 3002 165 3076 ris,
179 3023 282 3085 quare
298 3003 356 3064 illa
372 3012 514 3065 vocatur
529 3002 710 3083 “Jehovah
727 3002 959 3077 schammah,”
972 3022 1030 3065 seu
1044 2998 1115 3081 “Jel

110 3094 193 3173 ibi;''
221 3117 280 3177 per
301 3102 446 3177 “portas
455 3094 470 3120 ”
493 3095 727 3176 significantur
748 3117 828 3158 vera
852 3094 1108 3167 introducentia,

110 3197 190 3252 sunt
209 3186 428 3265 dodtrinalia3
453 3208 512 3269 per
532 3209 707 3252 numerum
729 3185 930 3271 “liquatuor
950 3188 1053 3251 millia
1070 3196 1101 3251 et

109 3281 241 3363 genta”
267 3281 500 3362 significantur
526 3283 630 3345 etiam
658 3283 770 3345 omnia
797 3302 877 3345 vera
907 3303 953 3346 ex
979 3282 1114 3354 bonne

112 3374 331 3438 “octodecim
342 3374 1112 3458 millia”omniaveradodtrinaecingentiaett

111 3469 168 3532 tla.
210 3469 266 3532 Ex
282 3470 401 3551 quibus
418 3480 514 3552 patet
531 3471 620 3553 quod
639 3491 705 3532 non
720 3471 823 3533 modo
836 3471 950 3532 omnia
967 3479 1002 3532 et
1019 3465 1115 3550 singul

110 3583 215 3644 usque
232 3563 274 3624 ad
288 3582 456 3638 numeros,
472 3562 663 3645 significent
680 3584 733 3626 res
747 3562 924 3636 ecclesiae,
939 3564 998 3625 sed
1015 3562 1110 3624 etiam

109 3675 176 3717 non
201 3655 313 3738 aliqua
337 3659 443 3719 tribus
468 3657 603 3720 Israelis
625 3658 670 3721 ibi
693 3654 869 3720 intelle&
892 3657 948 3731 sit,
969 3655 1029 3718 sed
1052 3674 1106 3737 pro

110 3751 284 3812 nominata
301 3751 435 3832 aliquod
451 3750 639 3813 universale
652 3751 835 3814 essentiale
851 3750 1038 3814 ecclesiae:
1061 3747 1115 3811 ibit

109 3855 247 3907 constat
279 3845 370 3926 quod
400 3864 459 3925 per
488 3844 731 3908 “Ascherem”
757 3843 967 3925 significetur
996 3839 1115 3907 affectio

109 3937 302 4019 spiritualis,
320 3960 406 4021 quae
426 3959 527 4001 unum
544 3939 624 4002 lacit
643 3960 719 4002 cum
737 3940 907 4002 charitate
922 3959 1005 4020 erga
1020 3935 1115 4019 proxi

109 4030 194 4088 (Quod
209 4045 252 4089 per
262 4036 275 4053 ‘¹
282 4033 412 4077 Ascherem
420 4032 433 4047 '¹
445 4033 469 4077 in
485 4047 598 4090 supremo
608 4046 679 4078 sensu
689 4032 834 4090 significetur
843 4032 977 4084 aeternitas,
988 4032 1013 4076 in
1029 4031 1113 4075 interno

108 4098 170 4143 vitae
185 4113 214 4143 ex
231 4101 301 4144 beato
312 4100 464 4144 affectionum
482 4114 543 4157 quae
559 4107 613 4144 sunt
629 4100 717 4144 amoris
732 4106 755 4144 et
771 4100 897 4151 charitatis,
908 4107 931 4144 et
948 4100 972 4143 ln
988 4105 1084 4143 externo
1088 4097 1115 4157 ju

108 4167 215 4211 naturale
226 4167 289 4220 inde,
301 4168 409 4212 videatur
419 4168 443 4211 in
454 4168 559 4212 Ananis
573 4168 721 4220 Caelestibres,
733 4181 756 4213 n.
767 4170 835 4226 3938,
847 4180 915 4225 3939,
926 4166 1006 4224 ⁶408.)

168 4255 271 4321 439.
300 4241 365 4302 “fx
384 4239 462 4301 tribu
479 4240 641 4320 naphthali
654 4240 809 4303 duodecim
825 4240 920 4302 millia
937 4236 1115 4320 clpnnii''-

108 4331 276 4413 significet
293 4332 569 4411 regeneratrbnem
584 4343 616 4395 et
633 4333 852 4405 tentatzonem,
870 4340 1010 4394 constat
1029 4349 1115 4391 exre

108 4427 303 4489 sentations
317 4436 351 4489 et
365 4426 443 4489 inde
456 4425 704 4506 significatione
719 4431 738 4457 ‘¹
748 4425 780 4487 N
783 4424 940 4508 aphthali
948 4424 963 4449 ”
976 4434 1011 4487 et
1024 4421 1091 4504 ejus
1103 4434 1115 4488 t
