2716 4986
122 494 201 545 1202
430 488 682 542 APOCALYPSIS
704 487 933 539 EXPLICATA.

118 681 201 727 mox
221 680 331 742 supra,
352 680 410 742 per
429 661 520 744 quod
537 660 738 723 “desertum
756 658 819 722 erit
838 658 871 720 in
890 668 1055 740 stagnum
1062 657 1078 684 ”
1095 678 1151 721 seu
1167 655 1223 719 col·

118 754 299 823 lectionem
325 763 527 839 “aquarum
550 766 586 820 et
609 765 700 819 terra
721 755 814 819 sicca
835 754 869 818 in
891 754 1119 835 scaturigines
1139 772 1225 836 aqua·

117 851 220 916 rum.”
264 851 368 933 Apud
387 851 586 925 Jermrhm,

170 985 264 1036 “Cum
277 985 341 1035 fletu
353 985 471 1042 venient.
486 995 513 1034 et
525 998 585 1034 cuin
599 984 722 1046 precibus
733 983 864 1033 adducam
876 997 940 1043 eos;
957 982 1056 1032 ducam
1067 996 1117 1032 eos
1133 981 1166 1032 ud
1181 980 1229 1030 lou·

249 1061 292 1103 tes
303 1064 432 1115 uquarum
446 1051 473 1099 in
487 1051 531 1100 vla
543 1047 618 1108 retii.
632 1064 689 1098 uon
702 1049 855 1113 impingant
866 1049 894 1097 in
907 1046 962 1098 ω’·
974 1048 1060 1110 (xxxi.
1071 1047 1113 1110 9):

118 1186 173 1249 liic
192 1204 326 1267 quoque
344 1183 387 1246 de
406 1184 602 1264 receptione
622 1181 760 1246 Domini
779 1203 800 1245 a
817 1181 978 1263 gentibus
996 1180 1131 1262 agitur;
1153 1178 1231 1263 quod

119 1275 341 1341 instructurus
368 1298 427 1340 eos
457 1278 491 1340 in
521 1276 677 1359 genuinis
705 1275 803 1350 veris,
829 1272 1040 1357 significatur
1068 1295 1127 1356 per
1154 1273 1232 1356 quod

121 1370 252 1435 “ducet
271 1392 330 1434 eos
349 1371 392 1434 ad
411 1370 524 1434 sorites
542 1390 704 1454 aquarum
724 1371 757 1434 in
777 1370 831 1433 via
849 1366 943 1444 recti,
964 1388 1035 1432 non
1054 1369 1233 1451 impingant

121 1465 155 1528 in
175 1465 243 1529 ea.”
287 1464 391 1545 Apud
408 1464 562 1540 Esaiam,

171 1607 259 1658 “Non
272 1609 391 1657 esurient
403 1618 430 1658 et
442 1610 543 1667 sitient,
555 1623 641 1672 neque
654 1609 783 1714 {incutiet
794 1622 842 1657 eos
854 1617 945 1656 aestus
957 1616 1005 1656 aut
1016 1608 1076 1664 sol:
1095 1622 1157 1656 nain
1166 1608 1235 1656 mise-

252 1688 359 1723 rescens
373 1689 466 1803 ezirfiim
481 1674 561 1802 ducet
574 1689 630 1734 eos,
641 1670 657 1714 [¹
667 1682 696 1723 ut
710 1683 738 1723 et
751 1673 962 1737 superioriribus
974 1687 1108 1737 aquarum
1119 1670 1237 1722 ducturus

252 1738 530 1791 mwffxmm:

120 1882 174 1945 hic
201 1902 334 1965 quoque
362 1883 404 1945 de
428 1880 649 1946 instructione
681 1882 833 1963 gentium
856 1901 877 1945 a
899 1880 1074 1943 Domino:
1102 1880 1237 1944 instruc·

121 1977 171 2039 tio
193 1977 226 2039 in
245 1977 333 2039 veris
356 1970 558 2058 intelligitur
578 1997 638 2058 per
656 1976 746 2058 quod
767 1981 898 2057 “super
915 1973 1066 2039 lontibus
1085 1992 1237 2058 aquarum

119 2067 284 2132 ducturus
306 2071 350 2132 sit
373 2070 462 2133 eos.'’
505 2085 581 2144 (Quid
598 2085 716 2144 iignum
729 2079 863 2130 “auum'’
877 2091 902 2130 ei
916 2079 1027 2139 “nure‚··
1043 2085 1154 2130 vidam
1165 2096 1238 2142 mpii

122 2151 243 2299 n.l480;
265 2173 317 2211 tuin
333 2166 393 2224 quid
407 2161 530 2212 “aestus''
548 2173 573 2212 et
590 2161 672 2219 “soi‘'
689 2166 763 2211 etiam
778 2177 858 2223 supra.
875 2177 900 2212 n.
912 2149 1000 2227 481.)
1051 2149 1159 2231 Apud
1179 2147 1238 2223 Jo-

88 2313 90 2319 .
121 2260 213 2315 tem,

174 2371 191 2393 ‘⁴
201 2369 258 2420 Fiet
272 2370 299 2418 in
315 2370 357 2419 dic
372 2370 426 2428 illo,
441 2370 581 2419 stillabunt
598 2378 705 2419 montes
720 2368 846 2425 muitum.
860 2379 887 2419 et
902 2369 985 2420 colles
999 2369 1084 2420 fluent
1099 2367 1177 2428 lacte,
1188 2382 1240 2418 oin·

254 2450 354 2514 neuque
366 2435 548 2551 riuldehudae
560 2435 643 2513 fluent
655 2436 745 2519 aquis:
764 2446 792 2484 et
808 2435 903 2512 tonse
920 2436 1004 2526 domo
1015 2435 1137 2500 jehovae
1153 2435 1237 2491 exibit,

253 2510 280 2550 et
292 2503 411 2563 irrigabit
443 2516 523 2550 umen
542 2503 658 2550 schitiim
692 2503 737 2561 (iv.
751 2498 796 2565 [B.
807 2502 841 2550 A.
855 2496 905 2565 iii.]
921 2502 977 2563 18),

123 2643 202 2725 quid
229 2642 439 2724 significatur
468 2664 528 2725 per
557 2645 648 2730 quod
678 2652 841 2707 “montes
871 2642 1053 2708 stillabunt
1084 2654 1237 2714 mustum,

121 2737 228 2801 colles
256 2738 358 2801 fiuent
387 2736 486 2812 lacte,
514 2749 549 2802 et
577 2759 695 2801 omnes
722 2740 782 2800 rivi
808 2738 959 2819 Jehudae
987 2738 1094 2801 fluent
1124 2735 1239 2820 aquis‚’'

120 2830 280 2893 videatur
293 2831 506 2912 explicatum
519 2850 621 2912 supra
634 2846 669 2903 (n.
679 2846 792 2910 433[c])
805 2851 812 2907 ;
832 2840 867 2893 et
879 2831 972 2911 quod
987 2837 1008 2863 “
1017 2830 1095 2893 sons
1110 2851 1130 2894 e
1142 2832 1239 2893 domo

120 2922 271 3006 Jehovae
288 2925 396 2986 exibit
413 2935 447 2986 et
464 2925 616 3005 irrigabit
633 2923 754 2986 fiumen
779 2922 955 2986 schittim”
971 2923 1142 3005 significat
1156 2921 1239 3006 quod

122 3039 141 3082 e
160 3017 255 3081 caelo
274 3039 293 3081 a
313 3018 461 3081 Domino
481 3019 543 3081 erit
563 3038 679 3080 verum
700 3016 872 3080 illustrans
891 3017 1080 3082 scientifica
1103 3028 1140 3082 et
1163 3035 1237 3098 cog·

123 3115 269 3177 nitiones
288 3135 373 3195 quae
393 3115 425 3175 in
445 3112 600 3176 naturali.
646 3111 749 3193 Apud
768 3112 945 3187 Davidem,

174 3258 191 3280 ‘⁴
199 3256 298 3306 Coram
307 3255 320 3275 '⁸
329 3256 368 3305 Te
379 3260 395 3279 '¹
404 3257 527 3320 parturis,
538 3265 616 3313 terra.
629 3272 645 3305 a
656 3271 746 3306 coram
758 3256 816 3305 Deo
826 3254 928 3321 Jacobi,
939 3257 984 3319 qui
997 3258 1132 3307 convertit
1145 3266 1239 3320 petram

254 3323 280 3372 in
294 3333 418 3384 stagnum
431 3337 569 3385 aquarum,
579 3323 680 3371 silicem
694 3324 720 3371 in
734 3322 837 3371 iontem
850 3336 980 3385 aquarum
988 3321 1003 3341 ''
1015 3322 1073 3385 (Ps.
1084 3324 1153 3373 cxiv.
1164 3334 1186 3384 7,
1196 3321 1231 3383 i):

122 3487 182 3549 per
207 3472 400 3547 “stagnum
427 3487 587 3548 aquarum
598 3465 614 3490 ”
640 3476 676 3530 et
704 3486 762 3548 per
790 3467 947 3529 “sontem
977 3465 1166 3548 aquarum”
1192 3465 1238 3528 hic

121 3581 254 3643 quoque
270 3561 507 3641 intelliguntur
522 3581 603 3624 vera
618 3561 650 3623 in
671 3562 779 3642 copia,
798 3581 856 3641 per
872 3581 958 3641 quae
974 3559 1144 3638 ecclesia;
1167 3576 1238 3623 nam

123 3675 183 3734 per
203 3656 384 3736 “parturis,
403 3655 515 3718 terra”
539 3654 747 3736 significatur
767 3655 939 3718 incohatio
962 3653 1142 3730 ecclesiae,
1161 3672 1239 3737 quae

123 3757 202 3811 tunc
235 3749 449 3829 “parturire'‘
480 3750 601 3813 dicitur
630 3750 768 3832 quando
800 3751 845 3812 ibi
878 3749 1115 3829 producuntur
1146 3767 1238 3825 vera;

124 3843 265 3906 “terra”
283 3854 336 3905 est
355 3845 508 3906 ccclesia.
555 3844 658 3925 Apud
678 3846 834 3917 eundem,

172 3975 292 4041 Jchovah
308 3977 377 4039 “qul
390 3978 487 4026 emittit
499 3978 588 4027 fontes
607 3979 634 4026 in
653 3978 757 4037 fluvios,
771 3978 960 4028 intermontes
978 3988 1051 4037 eant,
1066 3989 1161 4042 potum
1174 3991 1241 4042 prae·

253 4044 316 4091 bent
331 4042 403 4091 lerae
418 4058 551 4104 agrorum.
568 4044 697 4106 frangunt
711 4046 806 4107 onagri
823 4045 894 4093 sitim
913 4057 1000 4102 suam,
1017 4044 1095 4107 juxta
1112 4046 1173 4095 illos
1189 4043 1240 4093 avis

253 4109 387 4157 caelorum
401 4108 525 4157 habitat”
537 4109 592 4168 (Ps.
604 4111 655 4160 civ.
669 4110 773 4172 10-12):

123 4240 309 4304 “emittere
331 4241 443 4303 sontes
466 4243 499 4303 in
523 4242 663 4305 fluvios”
682 4241 850 4323 significat
875 4242 955 4305 dare
979 4243 1240 4326 intelligentiam

122 4356 181 4417 per
200 4356 316 4398 verae
337 4334 473 4412 Verb0;
499 4337 767 4400 “intermontes
786 4337 891 4400 eant''
907 4337 1078 4418 significat
1095 4360 1182 4422 quae
1201 4357 1239 4400 ex

122 4432 213 4495 bono
228 4431 352 4493 amoris
368 4439 487 4507 erunt;
513 4430 676 4494 “sontes”
692 4441 771 4495 sunt
787 4452 867 4495 vera
882 4453 927 4495 ex
949 4432 1081 4510 Verbo,
1103 4428 1240 4498 “fluvii''
