2684 4988
287 494 369 546 cna.
385 495 447 555 vn,
465 494 568 543 vans.
590 493 716 559 14.-u.
733 477 857 562 4o5[i].
1069 495 1135 562 929

106 674 180 728 erent
200 663 344 739 cultum,
365 674 400 727 et
420 682 488 725 non
508 662 608 739 alibi;
628 663 686 724 sed
707 662 784 744 quia
807 661 909 725 corde
928 660 1132 726 idololatrae

106 770 159 830 snt,
173 777 240 820 non
258 758 416 819 contenti
428 766 526 819 erant
543 756 671 818 cultum
688 756 813 818 habere
829 756 861 817 in
881 754 1131 835 Hierosolyma.

106 852 277 915 secundum
295 870 424 913 morem
441 851 595 930 gentium
608 850 652 912 ab
667 851 814 932 antiquis
831 847 988 922 traiium,
1002 849 1132 912 cultum

106 956 165 1008 unt
188 965 290 1026 super
313 943 489 1007 montibus
512 953 547 1006 et
574 943 717 1005 collibus
741 944 1004 1025 quibuscunque,
1029 952 1064 1005 et
1087 943 1132 1006 ibi

106 1038 243 1102 [ficarunt
268 1048 304 1101 et
328 1036 524 1115 suffierunt;
557 1047 763 1118 quapropter
786 1038 862 1118 quia
885 1037 918 1098 id
942 1035 1131 1100 idololatri-

116 1133 169 1195 luit
188 1132 278 1214 apud
303 1131 391 1204 illos,
411 1152 471 1212 per
489 1132 618 1194 cultum
642 1151 757 1193 eorum
781 1151 881 1211 super
900 1132 1073 1193 montibus
1095 1142 1131 1193 et

106 1227 157 1289 bus
179 1227 254 1289 aliis
279 1225 490 1307 significatur
512 1225 623 1289 cultus
646 1246 691 1288 ex
715 1224 813 1286 malis
836 1235 870 1287 et
894 1224 1006 1302 salsis;
1037 1234 1074 1287 ut
1098 1227 1131 1287 in

106 1322 232 1383 entibus
252 1321 305 1383 his
325 1321 408 1383 locis
421 1320 579 1401 :—-Apud
597 1319 751 1393 Esaiam,

105 1454 174 1516 iuper
184 1465 279 1502 monte
298 1454 355 1503 alto
372 1462 399 1503 et
410 1453 484 1502 elato
501 1453 616 1515 posuisti
634 1452 722 1501 cubile
737 1462 820 1510 tuum,
834 1452 915 1501 etiam
933 1467 967 1501 eo
985 1452 1130 1502 ascendisti

143 1520 176 1568 ad
188 1520 396 1568 sacrificandum
408 1516 561 1568 sacrificia”
573 1518 638 1579 (lvii.
651 1521 689 1579 7):

105 1634 109 1695 l
123 1634 318 1709 Hoschcam‚

105 1747 174 1810 iuper
181 1749 327 1797 verticibus
336 1747 469 1796 montium
477 1746 636 1805 sacrificant,
645 1756 671 1796 et
679 1745 879 1808 supercollibus
887 1743 1129 1808 suffiunt”(iv.13):

105 1863 107 1922 l
122 1863 320 1937 Jeremiam,

105 1977 193 2025 lversa
206 1976 292 2026 Israel
304 1976 400 2025 abiens
410 1990 492 2038 super
501 1990 609 2024 omnem
620 1985 740 2024 montem
750 1975 842 2040 altum,
851 1984 878 2023 et
887 1975 938 2024 sub
946 1975 1020 2023 omni
1033 1974 1130 2023 arbore

142 2043 230 2099 viridi,
245 2052 273 2090 et
284 2040 468 2090 scortabaris’'
481 2041 527 2103 (iii.
540 2042 580 2101 6);

104 2172 294 2237 “scortari’'
317 2171 528 2254 significatur
551 2171 726 2235 falsificare
750 2171 889 2234 cultum.
935 2170 1036 2252 Quod
1063 2171 1128 2234 hoc

104 2267 265 2332 latricum
285 2268 395 2342 luerit,
413 2278 510 2348 patet
530 2288 574 2330 ex
595 2267 646 2329 his
665 2267 754 2348 apud
772 2267 898 2341 Mosen,

104 2410 214 2460 ierdetis
227 2410 288 2459 loca
300 2411 344 2458 ubi
354 2410 522 2459 serviverunt
533 2419 640 2471 gentes.
651 2448 657 2460 .
667 2447 673 2459 .
684 2410 746 2459 .diis
756 2411 821 2466 suis,
831 2423 913 2471 super
922 2409 1059 2458 montibus
1073 2407 1130 2474 [ex-

143 2473 244 2540 celsisl.
256 2487 284 2524 et
293 2491 374 2538 super
385 2475 506 2533 collibus,
517 2485 544 2524 et
553 2478 604 2524 sub
614 2475 688 2523 omni
699 2477 794 2523 arbore
804 2475 883 2523 viridi
892 2473 905 2493 '’
916 2475 1018 2536 (Deutr.
1033 2475 1078 2524 xii.
1089 2481 1128 2537 2):

105 2610 255 2689 sitaque
276 2607 360 2670 locis
379 2627 438 2689 per
460 2607 589 2670 cultum
613 2629 713 2690 super
731 2609 903 2670 montibus
927 2618 961 2671 et
985 2607 1129 2670 collibus

106 2701 222 2765 fleatur
237 2701 350 2764 cultus
369 2723 413 2764 ex
433 2702 531 2764 malis
549 2712 584 2765 et
606 2702 707 2764 salsis.
753 2702 809 2764 Ex
834 2702 897 2765 hoc
918 2705 1021 2765 etiam
1041 2699 1128 2766 deri·

103 2815 132 2858 m
153 2795 317 2878 estquod
339 2797 486 2876 gentiles
510 2798 543 2858 in
565 2797 706 2859 Graecia
731 2796 932 2859 Heliconem
956 2799 1128 2879 posuerint

103 2894 144 2953 lto
166 2903 296 2964 monte,
321 2901 355 2953 et
381 2891 581 2953 Parnassum
609 2893 641 2953 in
668 2891 756 2953 colle
784 2891 866 2953 infra
893 2891 997 2964 illum,
1022 2902 1057 2954 et
1085 2893 1130 2955 ibi

118 2994 151 3048 et
170 2986 251 3047 deas
271 3006 349 3047 suas
368 2986 522 3049 habitare
539 2986 763 3061 crediderint;
789 2986 852 3048 hoc
870 2986 1058 3048 derivatum
1076 2998 1128 3050 est

103 3082 230 3163 tntiquis
258 3081 290 3142 in
319 3079 414 3155 Asia,
440 3091 475 3144 et
500 3082 677 3162 praecipue
705 3081 737 3141 in
763 3091 851 3142 terra
876 3078 1036 3142 Canaane
1061 3100 1128 3143 non

117 3186 257 3250 remota,
278 3175 368 3256 apud
391 3196 475 3256 quos
498 3177 608 3237 omnis
631 3173 742 3237 cultus
766 3195 809 3237 ex
831 3176 1129 3255 repraesentativis

105 3271 206 3332 tabat.
253 3270 386 3332 Dicitur
404 3270 492 3350 apud
511 3267 751 3349 Evangelistas

103 3411 144 3460 lod
152 3411 276 3460 diabolus
286 3410 464 3472 assumpserit
472 3408 564 3472 Jesum
577 3420 787 3472 supermontem
798 3411 889 3470 altum,
901 3421 928 3460 et
938 3411 1130 3461 monstraverit

145 3475 299 3590 ΙΙρείὅοιτιὶιίει
309 3490 393 3600 regn}
402 3475 495 3523 mundi
504 3485 531 3524 et
543 3476 666 3537 gloriam,
675 3491 706 3524 ac
716 3478 861 3525 tentaverit
873 3476 963 3539 Ipsum
972 3477 1008 3525 ibi
1018 3478 1126 3537 (Motus.

145 3556 178 3590 tu.
215 3556 221 3599 ;
265 3552 401 3599 uc.1v.5:

104 3669 162 3735 hoc
189 3671 401 3754 significatur
430 3671 520 3754 quod
548 3671 701 3735 diabolus
728 3673 914 3735 tentaverit
945 3673 1127 3736 Dominum

102 3785 232 3830 imorem
243 3767 305 3839 sui,
321 3765 373 3828 hic
391 3766 480 3828 enim
494 3765 702 3846 significatur
715 3787 773 3847 per
787 3772 968 3829 “montem
981 3766 1089 3829 altum
1103 3768 1128 3844 ;''

107 3863 189 3924 enim
207 3861 421 3924 tentationes
441 3860 631 3941 descriptae
652 3861 683 3921 in
701 3860 765 3921 illis
783 3860 864 3922 locis
883 3860 1074 3941 significant
1093 3873 1127 3925 et

102 3952 187 4018 luunt
207 3975 328 4018 omnes
353 3955 564 4016 tentationes
583 3975 666 4034 quas
691 3954 854 4015 Dominus
874 3956 1032 4017 sustinuit
1052 3976 1127 4018 cum

105 4051 189 4113 undo
207 4049 290 4125 suit3
317 4048 483 4110 Dominus
507 4049 595 4110 enim
620 4068 679 4128 per
697 4050 908 4111 tentationes
927 4048 971 4111 ab
993 4049 1128 4111 infernis

102 4163 117 4206 e
139 4145 321 4218 admissas,
342 4152 377 4205 et
406 4163 465 4224 per
487 4139 645 4205 victorias
675 4152 767 4215 tunc,
792 4143 923 4224 redegit
951 4145 1065 4205 omnia
1094 4145 1127 4204 in

101 4240 143 4302 nis
155 4242 188 4303 in
208 4240 378 4309 ordinem,
396 4248 431 4300 et
448 4258 581 4319 quoque
596 4236 790 4299 Humanum
804 4258 898 4299 suum
912 4236 1126 4319 glorificavit,

101 4345 154 4409 est,
175 4335 341 4397 Divinum
361 4332 449 4395 lecit.
496 4330 598 4414 Quod
621 4352 739 4395 omnes
760 4335 969 4395 tentationes
991 4332 1128 4395 Domini

101 4430 212 4511 paucis
233 4428 430 4507 descriptae
446 4425 579 4499 luerint,
594 4436 645 4488 est
665 4428 742 4507 quia
762 4447 829 4488 non
848 4427 947 4489 aliter
963 4427 1126 4489 revelavit
