2716 4986
127 485 206 549 1228
433 499 682 552 trocnavnsrs
705 500 931 551 exsucata,

121 680 241 732 contra
266 669 474 744 Midianitas‚
499 681 534 735 et
561 693 694 754 quoque
721 673 858 756 quando
882 672 1021 754 Jericho
1047 681 1148 754 capta
1170 679 1221 734 est.

121 761 173 826 De
193 764 362 827 Pinchaso
382 764 506 846 legitur
524 766 613 848 apud
632 765 759 841 Mosen,

175 907 254 970 Quod
267 908 371 956 miserit
387 907 482 957 Moseh
495 909 636 958 duodecim
648 909 735 958 millia
746 919 873 966 armatos.
888 909 962 958 mille
974 923 989 958 e
1002 909 1082 966 tribu,
1096 922 1155 957 eum
1166 906 1225 956 vasis

251 971 403 1022 sanctitatis
422 984 448 1022 et
469 975 538 1023 tubis
560 975 586 1022 in
609 989 691 1023 manu
713 975 838 1024 Piuchasi
859 975 906 1023 filii
928 974 1065 1024 Eleasaris
1082 973 1224 1029 sacerdotia,

249 1049 345 1164 (emtas
355 1038 517 1165 ³l‘leiliiiialnesrgr,
529 1049 556 1088 et
568 1040 724 1089 occiderunt
733 1054 842 1088 omnem
853 1039 1003 1089 masculum
1017 1047 1045 1088 et
1057 1053 1135 1102 reges
1146 1051 1225 1088 eorum

120 1235 172 1298 De
192 1234 379 1310 Guideone‚
400 1237 431 1298 in
452 1235 556 1299 Libro
574 1236 744 1314 Judicum,

175 1368 254 1431 Quod
269 1367 392 1417 Guideon
406 1369 528 1418 diviserit
543 1379 678 1420 trecentos
690 1371 764 1420 viros
778 1370 805 1419 in
821 1371 872 1419 tria
886 1370 1005 1432 agmina,
1020 1378 1049 1420 et
1062 1369 1166 1419 dederit
1177 1369 1228 1417 buc·

250 1434 338 1481 cinam
358 1435 384 1481 in
403 1449 514 1483 manum
529 1436 666 1499 cujusque,
684 1445 710 1485 et
726 1436 836 1499 hydrias
851 1449 949 1485 vacuas
967 1446 994 1485 et
1012 1436 1088 1485 iaces
1106 1435 1134 1484 itt
1151 1433 1228 1484 medio

250 1499 423 1560 hydriarum
441 1511 467 1548 et
485 1501 582 1549 dixerit
585 1538 655 1557 .....
661 1501 729 1550 Cum
748 1502 874 1550 clanxero
891 1501 1013 1559 buccina,
1030 1516 1084 1563 ego
1101 1510 1129 1550 et
1145 1511 1228 1548 omnes

250 1565 294 1626 qui
310 1579 424 1622 mecum,
439 1565 569 1627 clangetis
584 1567 704 1615 buccinis
718 1567 800 1615 etiam
815 1581 864 1615 vos
878 1566 978 1615 circum
993 1567 1126 1615 universa
1138 1575 1229 1620 castm

253 1666 259 1678 .
271 1639 340 1678 ...et
353 1645 414 1678 cum
428 1630 587 1680 clanxerunt
599 1632 728 1688 buccinis,
743 1632 833 1695 posuit
844 1631 966 1695 Jehovab
979 1631 1102 1694 gladium
1114 1631 1165 1680 viri
1176 1643 1229 1679 con·

248 1702 293 1821 {¹³2
303 1696 407 1821 sogiurg
420 1696 487 1758 ejus,
502 1706 528 1745 et
540 1707 635 1745 contra
647 1698 774 1746 universa
785 1706 882 1755 castra,
896 1705 923 1746 et
937 1696 1069 1759 ingerunt
1081 1695 1229 1746 Midiauitae

258 1775 303 1809 vu.
318 1773 328 1807 1
357 1773 414 1821 ‚22.

118 1891 164 1955 Et
184 1892 226 1955 de
243 1891 389 1973 Jericho,
409 1895 546 1976 quando
564 1905 667 1976 capta
685 1905 750 1969 est,
770 1896 859 1977 apud
879 1895 1037 1969 Josuam,

173 2025 333 2077 Mandatum
343 2029 414 2090 quod
424 2039 527 2090 septem
534 2030 688 2078 sacerdotes
697 2039 834 2091 portarent
842 2039 945 2092 septem
953 2030 1086 2079 buccinas
1095 2030 1229 2092 jubilantes

249 2107 340 2141 coram
354 2109 423 2149 arta.
437 2105 462 2142 et
475 2094 646 2143 circumirent
658 2097 750 2144 urbem
764 2109 811 2144 sex
823 2096 926 2152 diebus,
938 2109 994 2143 una
1007 2095 1065 2144 vice
1077 2095 1173 2158 quovis
1183 2094 1227 2148 die,

249 2168 277 2206 at
294 2158 338 2207 die
356 2159 473 2219 septimo
487 2161 658 2209 circumirent
676 2162 771 2208 urbem
789 2170 892 2222 septem
910 2160 1023 2216 vicibus.
1041 2170 1069 2209 et
1086 2161 1229 2222 clangerent

250 2224 371 2273 buccinis
380 2241 399 2274 ι.
409 2260 415 2273 .
426 2261 433 2274 .
443 2229 508 2275 .“et
520 2240 579 2274 cum
593 2226 696 2274 audivit
709 2226 824 2287 populus
837 2226 863 2274 in
874 2224 982 2290 Jericho
994 2240 1091 2275 vocem
1101 2226 1227 2279 buccinae.

249 2301 275 2338 et
290 2290 502 2339 vociferationes
520 2292 621 2353 populi,
638 2291 732 2339 cecidit
751 2305 843 2339 murus
860 2291 935 2339 urbis
952 2292 1004 2339 sub
1019 2306 1059 2350 se,
1075 2301 1103 2341 et
1120 2288 1229 2340 ascendit

250 2356 365 2418 populus
378 2357 406 2403 in
419 2358 521 2413 urbem,
536 2366 562 2404 et
575 2357 645 2418 cepit
658 2355 753 2404 illam”
766 2356 810 2415 (vi.
825 2356 911 2417 1-2o):

117 2506 176 2567 per
199 2485 282 2548 hacc
303 2498 560 2568 repraesentata
579 2499 632 2550 est
657 2487 848 2569 profligatio
868 2487 1034 2550 malorum
1059 2489 1094 2550 in
1114 2486 1228 2550 mundo

118 2581 293 2661 spirituali,
314 2603 399 2662 quae
419 2581 455 2644 fit
476 2603 534 2664 per
555 2583 713 2644 Divinum
734 2582 860 2645 Verum
881 2581 1027 2654 ecae10‚
1049 2583 1140 2665 quod
1163 2598 1228 2645 cunt

117 2675 245 2744 defluit,
263 2677 397 2738 auditur
414 2678 457 2738 ibi
478 2679 564 2739 sicut
582 2677 723 2738 buccina
742 2677 917 2758 clangens
936 2687 972 2739 ut
990 2698 1093 2758 supra
1112 2674 1227 2740 diftunt

117 2780 180 2832 est.
227 2768 350 2831 Omnia
368 2771 528 2832 miracula
548 2782 737 2834 memorata
757 2773 789 2833 in
808 2771 923 2832 Verbo
943 2772 1228 2852 repraesentativa

117 2874 195 2926 sunt
216 2875 250 2927 et
271 2866 348 2926 inde
368 2863 593 2944 significativa
615 2865 813 2927 Divinorum
838 2865 869 2927 in
890 2865 1014 2927 caelis:
1040 2866 1120 2928 inde
1140 2864 1228 2927 effec-

118 2969 173 3020 tus
190 2958 359 3038 clangoris
377 2960 592 3020 buccinarum
609 2969 730 3020 contra
747 2959 864 3020 hostes
884 2961 917 3020 in
935 2968 1026 3021 terra
1043 2959 1162 3021 similis
1177 2959 1229 3021 suit

118 3051 249 3118 effectui
273 3065 393 3116 contra
418 3054 525 3115 malos
553 3055 585 3115 in
610 3055 737 3116 mundo
761 3053 948 3136 spirituali;
981 3074 1041 3135 per
1068 3050 1229 3117 “hostes''

117 3150 206 3211 enim
224 3150 256 3210 in
270 3148 385 3210 Verbo
402 3149 745 3229 repraesentabantur
755 3158 791 3210 et
805 3148 883 3210 inde
896 3147 1134 3228 significantur
1146 3146 1229 3218 mali,

119 3264 177 3324 per
192 3251 210 3274 ‘⁶
221 3242 441 3305 Midianitas'’
454 3243 508 3323 qui
526 3243 558 3304 in
575 3241 667 3304 salsis
684 3242 774 3316 mali,
793 3251 828 3304 et
847 3262 905 3322 per
916 3241 1107 3322 “Jericho’'
1123 3241 1230 3304 urbem

118 3339 162 3399 ibi
186 3335 375 3399 falsificatio
398 3337 632 3416 cognitionum
652 3337 731 3398 veri.
779 3335 834 3397 Ex
859 3336 911 3397 his
936 3346 1099 3399 constare
1122 3344 1230 3418 potest

118 3432 197 3512 quid
217 3431 426 3511 significatur
445 3451 504 3511 per
523 3430 606 3492 haec
626 3430 715 3510 apud
735 3429 932 3504 Jemninm,

170 3573 319 3634 “clangite
332 3572 448 3621 contra”
463 3573 589 3621 Babelem
602 3572 725 3620 “circum
738 3572 817 3628 circa,
829 3572 902 3621 dedit
915 3587 1026 3622 manum
1037 3589 1127 3632 suam,
1139 3571 1232 3624 cecide·

250 3649 311 3686 runt
324 3640 499 3686 fundamenta
512 3639 579 3700 ejus,
594 3636 723 3687 destrucli
737 3648 799 3686 sunt
812 3639 881 3686 muri
893 3637 974 3700 ejus'’
986 3638 1015 3698 (l.
1027 3636 1111 3701 1¹115):

118 3772 153 3825 et
174 3764 262 3844 apud
282 3761 499 3843 Zepham'am,

171 3885 264 3934 “Dies
279 3886 440 3935 vastationis
458 3895 485 3935 et
502 3886 705 3942 devastationis,
719 3885 777 3934 dies
795 3889 967 3936 tenebrarum
986 3896 1014 3936 et
1032 3888 1167 3951 caliginis,
1182 3889 1233 3938 dier

251 3952 331 3999 nubis
349 3961 376 4000 et
393 3952 616 4008 obnubilationis,
636 3952 694 4000 dies
712 3951 843 4001 buccinae
860 3961 887 4000 et
905 3950 1043 4014 clangoris
1060 3969 1143 4018 super
1159 3956 1233 4004 urbes

249 4017 376 4074 munitas,
391 4027 417 4065 et
430 4031 511 4080 super
521 4018 637 4079 angulos
649 4017 719 4066 altos
727 4016 740 4034 '¹
753 4017 780 4078 (i.
794 4029 831 4076 ις,
846 4016 894 4078 16).

119 4156 175 4220 Ex
202 4156 254 4219 his
282 4176 370 4220 nunc
398 4168 557 4221 constare
584 4166 700 4240 potest
724 4158 803 4240 quid
831 4157 1044 4239 significatur
1066 4181 1128 4244 per
1150 4159 1233 4245 quod

120 4259 281 4331 “septem
306 4251 418 4331 angeli
442 4252 635 4315 clanxerint
660 4250 781 4326 tubis,”
800 4262 835 4316 et
859 4253 950 4334 quod
975 4252 1066 4318 tales
1089 4254 1233 4330 effebius,

118 4344 236 4428 quales
253 4346 499 4421 describuntur,
515 4346 593 4409 inde
610 4346 872 4425 resultaverint;
889 4347 986 4411 etsie
1003 4352 1098 4431 quod
1118 4349 1233 4415 '‘clan-

117 4461 198 4523 gere
226 4439 339 4504 tubis”
367 4439 534 4521 significet
561 4441 725 4505 influxum
753 4440 868 4505 Divini
895 4440 979 4506 Veri
1009 4464 1030 4508 e
1061 4445 1171 4524 caelo,
1196 4461 1232 4509 ac
