2684 4988
134 483 214 551 1150
440 481 691 533 APOCALYPSIS
714 481 939 531 EXPLICATA.

262 660 352 718 'quom
362 666 500 704 numerare
508 651 578 703 illum
588 651 793 716 romonotorot'
802 649 925 714 significat
934 652 1004 715 quod
1009 651 1087 715 quale
1097 657 1122 699 et

260 719 320 767 boni
329 727 352 766 et
360 720 417 768 veri
424 721 495 783 opud
503 720 557 767 iilos
564 719 629 767 solus
641 718 769 766 Dominus
776 717 839 766 mitt
852 717 890 783 [n.
900 715 981 781 453];
1001 726 1051 768 'nx
1063 731 1131 769 emm
1139 717 1242 784 annual

262 784 400 841 tribubus?
418 784 540 848 significat
556 801 639 833 omnes
655 785 702 848 qui
718 785 748 833 in
764 784 825 833 bono
840 791 903 832 nent
917 785 1005 848 quood
1019 785 1103 832 vitoni
1119 784 1238 832 secundm

259 853 415 900 auetrinalio
426 868 488 900 suae
500 852 626 915 religionis
640 850 679 916 [n.
690 849 770 916 454];
789 853 833 900 'oi
845 849 949 916 populis
962 853 990 901 ni
1000 849 1120 917 linguis?
1130 848 1235 914 significo

260 918 400 982 omnesqui
416 919 444 965 in
455 918 533 982 fiatis
550 934 582 964 ex
599 918 754 981 ignorantia,
766 926 790 965 et
804 933 836 965 ex
850 918 933 964 varii}
944 917 1110 980 religionibus
1122 916 1159 982 [n.
1170 913 1233 980 455J3

261 987 378 1035 'omnino
396 998 483 1035 eornm
501 983 591 1035 itrooo
608 986 739 1035 eteorum
756 982 846 1049 nono?
857 982 984 1045 significat
1001 985 1059 1031 illos
1074 985 1103 1031 in
1115 982 1241 1046 regno&

261 1050 328 1098 nini
340 1050 379 1116 [n.
390 1049 468 1116 456]:
487 1049 587 1102 ‘indoti
595 1050 672 1102 otolic
680 1049 769 1106 nitio?
778 1048 903 1113 significat
912 1051 981 1113 quod
989 1057 1053 1097 tune
1063 1051 1092 1098 in
1104 1048 1227 1106 oerinetie

259 1118 336 1165 tutelo
348 1125 435 1165 contro
440 1116 513 1180 salso
528 1117 566 1182 [n.
575 1116 654 1181 457];
673 1119 717 1167 “ot
723 1116 829 1181 palmeo
839 1114 865 1166 ir
877 1115 997 1167 monitor
1009 1116 1120 1173 norom·
1128 1112 1226 1179 significo

259 1190 283 1231 e!
293 1184 322 1231 in
333 1183 394 1231 bono
405 1184 475 1231 vitoe
484 1185 620 1231 secundum
632 1184 678 1230 illa
692 1183 731 1249 [n.
742 1181 817 1247 458J.

145 1299 183 1338 ro.
209 1285 256 1338 “ft
271 1289 414 1339 olumnam
434 1302 494 1339 roco
511 1288 625 1354 mogon·
638 1285 761 1363 significat
772 1289 944 1336 odorationem
957 1303 989 1335 ex
1006 1287 1069 1336 bono
1079 1287 1139 1343 veri,
1149 1294 1170 1334 er
1181 1286 1222 1334 nde

254 1355 351 1419 gaudio
368 1355 449 1402 cordis
468 1353 506 1419 [n.
524 1354 604 1431 459];
627 1353 766 1411 ‘decertem
780 1353 858 1405 Soloe
875 1353 928 1405 noo
944 1358 1036 1430 nostro
1053 1351 1152 1430 oodmn'
1163 1364 1220 1417 oron

259 1419 640 1553 ssgaezoehdgngisigmficnt
658 1421 829 1485 consessionem
846 1421 915 1484 qnod
929 1429 985 1468 veta
1001 1428 1104 1469 aetem
1119 1427 1149 1469 nt
1161 1435 1175 1466 a
1186 1417 1219 1466 sole

184 1657 282 1726 452.
305 1659 385 1718 [rm.
399 1660 433 1719 9.]
456 1645 550 1708 &Post
561 1644 641 1707 ioco
656 1643 722 1716 ridi,
733 1649 767 1706 ot
778 1662 856 1706 noos
872 1644 962 1706 torio
976 1639 1215 1722 molro.''-Quod

127 1734 295 1815 significet
314 1757 423 1798 omnes
442 1736 518 1799 illos
536 1737 597 1817 qui
611 1737 645 1798 in
664 1736 744 1799 bono
759 1735 849 1798 vitae
866 1736 1044 1798 secundum
1060 1735 1216 1816 religionen

126 1847 232 1903 suam,
257 1831 291 1908 in
314 1852 380 1912 qua
403 1851 465 1892 non
483 1831 629 1911 genuina
651 1852 744 1903 vera,
769 1840 907 1893 constat
930 1851 977 1893 ex
1000 1851 1053 1903 eo,
1075 1829 1156 1912 quod
1174 1845 1214 1908 per

128 1925 336 1988 “duodecim
361 1924 465 1987 millia
489 1926 644 2007 signatos
667 1946 712 1988 ex
736 1926 922 2007 unaquavis
946 1925 1036 1988 tribu
1045 1925 1060 1948 '⁹
1081 1917 1213 1987 intelle&

126 2020 194 2082 sint
221 2019 269 2081 illi
296 2020 351 2102 qui
378 2019 422 2081 ab
448 2019 603 2093 ecclesia,
627 2020 660 2081 in
688 2039 753 2102 qua
779 2020 927 2100 genuina
954 2040 1056 2093 vera;
1083 2034 1152 2080 nam
1172 2032 1213 2096 per

39 2101 47 2151 ἶ
128 2113 334 2176 “duodecim
352 2113 459 2176 tribus
477 2113 611 2176 Israelis
620 2111 635 2137 ”
651 2111 890 2193 intelliguntur
906 2111 954 2175 illi
971 2114 1026 2195 qui
1045 2114 1078 2174 in
1093 2111 1175 2174 bonis
1188 2115 1212 2168 et

126 2209 213 2270 veris
229 2208 384 2288 genuinis
400 2217 490 2280 sunt,
508 2216 543 2269 et
560 2204 732 2269 abstracte
749 2208 864 2268 omnia
879 2227 959 2269 vera
975 2218 1011 2270 et
1031 2207 1115 2269 bona
1130 2200 1211 2267 eccle·

125 2302 214 2378 siae;
239 2322 341 2383 quare
365 2322 423 2382 per
447 2300 520 2374 hos,
540 2300 583 2363 de
607 2300 727 2382 quibus
750 2320 837 2363 nunc
861 2301 985 2381 agitur,
1010 2299 1211 2379 intelliguntur

125 2395 172 2458 illi
192 2396 248 2476 qui
271 2396 304 2456 in
328 2395 419 2458 bono
438 2396 529 2458 vitae
553 2406 631 2457 sunt
655 2395 841 2458 secundum
863 2394 1062 2474 religionem
1085 2409 1173 2461 suam,
1187 2388 1209 2448 in

125 2511 190 2571 qua
206 2501 321 2552 tamen
340 2510 407 2551 non
427 2490 574 2570 genuina
591 2509 679 2551 vera.
726 2486 827 2569 Quod
847 2488 881 2550 hi
902 2509 961 2569 per
979 2488 1134 2550 “turbam
1148 2480 1209 2545 nul·

125 2594 196 2646 tam
206 2584 220 2606 ”
240 2584 486 2664 intelligantur,
507 2593 665 2646 constare
689 2584 793 2645 etiam
817 2592 934 2664 potest
959 2577 1208 2663 exsequentibus

124 2679 156 2739 in
184 2679 248 2741 hoc
273 2680 395 2759 capite,
421 2678 475 2739 ubi
499 2678 621 2739 dicitur
644 2677 734 2759 quod
762 2678 830 2739 sint
854 2677 902 2739 illi
928 2679 1012 2758 “qui
1036 2677 1160 2739 veniunt
1176 2687 1207 2731 ex

125 2773 344 2835 tribulatione
365 2792 489 2852 magna
499 2771 513 2794 ”
535 2770 635 2853 (vers.
657 2771 721 2852 14),
742 2771 806 2833 hoc
826 2781 891 2843 est,
910 2792 954 2833 ex
976 2768 1206 2836 tentationibus;

124 2886 202 2928 nam
219 2867 266 2928 illi
283 2868 338 2948 qui
358 2867 390 2928 in
408 2868 498 2928 bono
515 2867 606 2928 vitae
623 2866 808 2928 secundum
825 2865 1025 2946 religionem
1042 2882 1128 2926 suam
1142 2866 1205 2927 sunt,

124 2959 156 3020 in
184 2980 250 3041 qua
279 2980 346 3022 non
375 2961 521 3040 genuina
547 2980 637 3031 vera,
662 2959 709 3021 illi
737 2961 768 3021 in
797 2959 906 3021 altera
933 2961 1006 3021 vita
1034 2956 1206 3021 tentationes

124 3055 279 3126 subeunt,
305 3076 363 3136 per
386 3075 469 3136 quas
493 3055 719 3117 discutiuntur
746 3054 829 3116 salsa
857 3054 1030 3134 religionis
1053 3068 1161 3120 eorum,
1178 3060 1205 3104 ac

123 3145 374 3227 implantantur
393 3146 470 3208 loco
486 3166 602 3208 eorum
622 3146 771 3225 genuina
786 3166 867 3207 vera
883 3163 924 3217 (ue
935 3175 1020 3218 quare
1031 3159 1206 3219 prominente

123 3253 317 3309 ribusdicetun:
348 3237 474 3298 exinde
501 3245 662 3297 constare
689 3244 805 3315 potest
829 3236 969 3316 quinam
995 3243 1074 3296 sunt
1098 3230 1145 3314 qui
1164 3241 1205 3308 per

124 3327 289 3388 “turbam
306 3325 480 3397 muliam,”
497 3343 538 3399 (de
549 3355 598 3398 qua
608 3342 632 3385 in
643 3342 797 3397 sequentibus
808 3342 839 3385 ad
851 3341 923 3385 finem
934 3341 1019 3398 capitis
1027 3340 1117 3398 agitur.)
1130 3312 1204 3384 intel·

122 3417 281 3498 liguntur.
328 3416 509 3481 Sciendum
532 3428 585 3480 est
607 3418 696 3499 quod
722 3436 833 3490 nemo,
858 3418 928 3480 sive
952 3419 1041 3479 intra
1064 3410 1204 3479 ecclesiam

122 3513 177 3576 ubi
197 3513 347 3576 Verbum
368 3524 420 3575 est
444 3515 514 3575 sive
536 3522 636 3574 extra
659 3511 752 3573 illam
771 3511 952 3574 ecclesiam
974 3513 1029 3585 sit,
1050 3512 1203 3573 damnatur.

121 3608 175 3688 qui
203 3607 328 3669 bonam
353 3609 458 3669 vitam
487 3607 559 3687 agit
589 3605 774 3668 secundum
803 3604 1003 3685 religionem
1033 3622 1138 3679 suam;
1159 3609 1204 3660 n⁰n

120 3703 209 3763 enim
223 3722 338 3764 eorum
352 3701 451 3783 culpa
467 3712 519 3764 est
534 3700 623 3783 quod
642 3720 709 3761 non
726 3701 835 3762 sciant
853 3701 1002 3779 genuina
1018 3718 1112 3762 vera:
1133 3704 1205 3777 quare

120 3796 197 3875 quia
221 3796 347 3857 bonum
367 3797 457 3857 vitae
481 3796 513 3856 in
538 3815 574 3856 se
596 3794 750 3856 recondit
771 3790 983 3855 affectionem
1004 3792 1125 3856 sciendi
1142 3798 1205 3850 vert·

120 3889 168 3949 illi
188 3890 267 3951 dum
291 3892 323 3951 in
349 3890 493 3952 alteram
518 3892 624 3951 vitam
645 3890 784 3951 veniunt
804 3888 901 3950 facile
921 3890 1087 3969 recipiunt
1105 3903 1169 3948 vera
1183 3882 1205 3935 tt

119 3984 273 4046 imbuunt
291 3984 358 4046 illa.
405 3984 519 4045 Aliter
533 4003 667 4064 prorsus
685 3982 732 4044 illi
749 3983 804 4064 qui
822 3982 947 4044 malam
961 3985 1068 4046 vitam
1085 3976 1206 4063 egerunt,

118 4085 153 4137 et
177 4076 378 4155 religionem
402 4077 498 4163 nauci
521 4075 686 4138 iecerunt.
740 4091 948 4149 (Seddeillisqui
963 4092 1049 4137 innon
1063 4076 1209 4150 geruinusvtl⁵

117 4171 179 4214 sunt.
196 4165 228 4208 ita
244 4165 284 4220 qui
303 4166 327 4209 in
346 4165 408 4209 falsis
427 4179 456 4209 ex
475 4165 615 4223 ignorantia.
632 4173 656 4210 et
672 4178 747 4221 usque
764 4164 788 4208 in
806 4165 872 4209 bono
888 4165 957 4217 vitae,
974 4164 1056 4210 aetum
1073 4171 1107 4210 est
1119 4171 1184 4220 nupt&
1194 4162 1210 4195 ὓ·

122 4237 189 4300 107,
206 4238 312 4301 195[a].
326 4240 342 4301 3
349 4223 401 4302 56;
420 4248 442 4283 et
457 4240 481 4283 in
496 4253 569 4296 opere
585 4241 622 4284 oe
635 4240 703 4284 eon
713 4244 736 4282 o
749 4240 851 4298 ensem,
863 4239 905 4283 uu
919 4239 1001 4284 anum
1016 4247 1053 4285 ar
1066 4241 1096 4285 ue
1108 4231 1212 4297 popina

116 4311 226 4366 gentibus
242 4318 309 4355 extra
324 4312 447 4355 ecclesiam
464 4313 488 4356 in
500 4313 579 4357 eaelo:
596 4313 669 4368 inque
680 4312 786 4356 Arconis
799 4312 947 4362 Caelestibus.
959 4312 1000 4357 ubi
1017 4313 1148 4369 sequentia:
1163 4299 1214 4365 Qud

116 4377 174 4422 iuisa
190 4378 307 4436 religionis
323 4380 410 4424 dentur
420 4394 482 4436 quae
494 4382 640 4425 concordant
656 4394 711 4424 cum
728 4381 801 4431 bono.
813 4387 836 4424 et
847 4381 914 4436 quod
925 4381 1014 4424 dentur
1023 4394 1086 4438 quae
1096 4377 1217 4425 disoortm

116 4459 138 4490 n.
151 4446 241 4505 [9258]
253 4459 320 4505 9259.
353 4448 426 4505 Quod
438 4448 496 4492 falsa
506 4449 633 4506 religionis,
644 4449 663 4493 si
680 4461 729 4493 non
740 4449 876 4493 discordant
888 4461 944 4494 cum
960 4449 1034 4502 bono¹
1046 4461 1096 4494 non
1105 4445 1219 4508 producunt
