2684 4988
349 127 598 179 APOCALYPSIS
621 126 849 177 nitentem.

134 301 225 364 omni
245 299 316 380 ejus
335 309 512 382 apparatu,
530 307 566 361 ut
585 298 699 380 quoad
717 298 864 372 tabulas,
881 317 1003 371 remos,
1020 297 1146 370 malum,
1159 326 1196 359 a
1213 264 1256 322 '¹

105 396 147 458 ad
168 395 357 466 naucleros,
378 395 524 475 remiges
546 402 582 456 et
605 402 739 467 nautas.
759 404 795 457 et
819 393 853 456 in
876 393 1151 457 antecedentibus
1177 369 1264 431 ff

96 489 379 570 consequentibus
398 488 511 570 quoad
531 506 673 550 merces.
717 486 809 569 Quid
832 498 948 551 autem
971 487 1103 570 singula
1123 488 1153 551 in
1215 473 1270 531 ’Ἴ

91 584 202 646 rituali
222 602 323 647 sensu
344 581 549 664 significant,
571 581 742 664 prolixum
761 581 849 646 foret
872 580 926 646 hic
948 582 1155 658 describere;
1236 576 1271 635 ἶ

80 680 121 740 tis
146 688 199 740 est
222 677 312 759 quod
336 677 414 739 inde
437 686 596 739 constare
620 677 728 757 possit
752 677 844 760 quod
867 675 1017 739 “navis”
1036 673 1157 757 signifi·
1259 691 1273 703 ·

70 782 93 834 :t
110 768 300 833 doctrinam
316 791 361 833 ex
375 769 503 843 Verbo,
521 778 557 833 et
573 770 665 853 quod
683 769 881 845 “tabulae‚”
899 776 919 802 “
930 769 1046 845 remi,''
1060 777 1080 801 ‘¹
1091 788 1158 832 ma·

62 864 114 926 rs”
133 862 326 946 significent
346 864 439 927 varia
456 884 502 927 ex
521 864 643 947 quibus
662 862 838 942 dod'trina;
861 865 1024 947 quodque
1043 863 1091 927 illi
1107 864 1159 946 qui

52 968 176 1030 locent,
186 959 313 1021 ducunt
325 968 360 1021 et
372 967 507 1039 regunt,
519 958 757 1039 intelligantur
767 979 827 1042 per
839 964 859 991 “
868 957 1160 1041 gubernatorem,”

53 1052 275 1123 'naucleros,''
301 1053 500 1135 “remiges''
525 1062 561 1117 et
591 1053 774 1127 “nautas'’
799 1062 836 1117 et
863 1055 937 1135 ipsa
964 1050 1160 1116 doctrinalia

38 1168 97 1228 per
118 1145 298 1209 “merces''
317 1146 398 1227 ejus,
419 1157 454 1210 et
474 1148 687 1230 comparatio
705 1167 808 1229 opum
827 1157 864 1211 et
883 1148 1081 1211 divitiarum
1097 1147 1160 1228 spi·

38 1241 218 1311 ritualium,
233 1261 318 1322 quae
335 1251 413 1304 sunt
430 1243 648 1323 cognitiones
660 1243 730 1305 veri
746 1252 783 1305 et
800 1243 881 1305 boni
898 1263 961 1324 per
975 1262 1063 1325 quas
1079 1241 1161 1323 sapi·

38 1337 142 1409 entia,
161 1356 219 1416 per
237 1336 537 1416 “negotiationem
550 1335 576 1398 :”
600 1356 703 1418 quare
718 1335 853 1409 dicitur,
873 1335 1088 1418 “Sapientes
1106 1335 1160 1407 tui,

39 1428 141 1509 Tyre,
161 1429 293 1492 fuerunt
313 1430 346 1492 in
370 1439 416 1502 te,
436 1430 570 1493 luerunt
585 1429 740 1512 ,naucleri
756 1431 804 1493 tui
819 1428 845 1492 :”
868 1439 904 1493 et
924 1431 959 1492 in
977 1431 1095 1513 capite
1112 1450 1161 1492 se·

40 1531 178 1605 quente,
200 1523 254 1585 ubi
271 1524 376 1586 etiarn
395 1525 510 1605 agitur
528 1524 570 1587 de
591 1523 696 1605 Tyro,

92 1666 110 1686 “
119 1663 186 1713 Ecce
199 1665 307 1726 sapiens
320 1672 349 1712 tu
364 1679 427 1726 prae
441 1664 561 1721 Daniele,
576 1663 660 1713 ullum
672 1663 806 1713 occultum
818 1678 874 1712 non
887 1663 1091 1712 absconderunt
1103 1662 1162 1716 tibi:
1242 1679 1297 1719 τ.

172 1731 198 1778 in
212 1730 345 1791 sapientia
359 1740 403 1778 tua
417 1740 444 1778 et
459 1731 486 1778 in
501 1730 680 1793 intelligentia
693 1738 740 1778 tua
753 1729 856 1778 ieceras
871 1729 920 1778 tibi
935 1743 1013 1791 opes,
1028 1740 1056 1777 et
1067 1728 1162 1777 ieceras
1233 1744 1305 1777 ὃ

173 1810 266 1843 aurum
279 1805 306 1843 et
318 1805 459 1856 argentum
471 1796 499 1843 in
513 1795 645 1844 thesauris
657 1795 727 1851 tuis:
746 1809 793 1857 per
805 1795 1007 1844 multitudinem
1020 1794 1162 1857 sapientiae
1227 1809 1317 1843 ε

171 1870 232 1909 tuae
245 1861 272 1908 in
286 1861 469 1922 negotiatione
481 1870 526 1909 tua
539 1860 641 1909 ieceras
654 1860 701 1909 tibi
714 1874 781 1922 opes
788 1858 802 1878 ’⁹
814 1859 918 1922 (auct.
930 1859 1026 1909 xxviii.
1039 1860 1110 1920 3-5lt

41 2020 86 2061 ex
100 1998 218 2080 quibus
236 2008 332 2080 patet
346 1999 435 2080 quod
453 2019 512 2080 per
526 2004 546 2030 ‘¹
556 1998 683 2079 Tyrum
693 1998 708 2021 ”
721 2007 756 2061 et
773 1997 844 2078 ejus
858 1995 1162 2079 “negotiationes''
1203 1995 1309 2021 “”

42 2093 279 2173 intelligantur
297 2093 515 2175 cognitiones
534 2093 603 2155 veri
627 2103 663 2156 et
687 2094 767 2156 boni
790 2113 850 2176 per
872 2113 958 2175 quas
976 2092 1161 2175 sapientia;
1199 2113 1237 2166 ·.-

42 2189 121 2270 quid
139 2188 263 2269 alioqui
279 2187 365 2251 foret
386 2197 457 2250 tam
478 2187 586 2250 multa
602 2188 714 2251 dicere
732 2187 776 2250 de
795 2188 965 2251 mercibus
980 2187 1054 2268 ejus
1070 2195 1105 2250 et
1122 2185 1161 2248 de
1230 2212 1244 2216 ·
1341 2206 1342 2225 ÷

42 2289 235 2341 mercatura
251 2278 332 2358 ejus,
346 2279 373 2340 si
392 2297 459 2340 non
477 2278 756 2360 intelligerentur
771 2277 988 2360 spiritualia?
1031 2293 1163 2352 (Quodpe
1226 2306 1342 2327 κ»

41 2376 54 2393 ·“
62 2372 153 2429 'l'yrum
161 2369 174 2385 '⁸
186 2370 330 2427 intelligutur
337 2370 435 2414 ecclesia
446 2371 528 2427 quoad
539 2371 688 2428 cognitiones
695 2371 744 2416 veri
754 2377 778 2416 et
787 2370 855 2423 boni,
862 2376 887 2416 et
896 2370 955 2415 inde
964 2370 1162 2428 cognitionesvesi
1184 2368 1205 2376 ”

40 2453 64 2490 et
73 2446 130 2489 boni
137 2459 200 2501 quae
207 2445 329 2498 ecclesiae,
337 2446 445 2489 videatur
454 2446 478 2489 in
486 2446 589 2489 Arcanis
599 2446 746 2497 Caelestr'biu,
754 2458 777 2490 n.
787 2448 865 2502 1201.)
901 2428 1032 2510 Agitur
1045 2437 1161 2510 postea
1232 2468 1244 2472 -

42 2523 75 2583 in
96 2522 216 2584 eodem
234 2523 346 2602 capite
365 2521 407 2583 de
424 2523 618 2584 vastatione
635 2522 800 2584 ecclesiae
819 2521 932 2604 quoad
949 2521 1160 2602 cognitiones
1188 2532 1259 2575 ε

41 2616 109 2678 veri
130 2625 164 2677 et
188 2616 277 2686 boni,
299 2635 384 2697 quae
403 2616 507 2678 etiam
527 2615 579 2677 his
598 2616 708 2678 verbis
728 2614 942 2690 describitur,

93 2748 161 2797 “Ad
174 2763 267 2796 vocem
281 2748 406 2796 clamoris
422 2749 606 2797 nauclerorum
622 2758 728 2797 tuorum
741 2749 951 2798 contremiscent
965 2750 1125 2805 suburbana,
1137 2757 1162 2797 et
1173 2752 1223 2793 1

172 2814 336 2862 descendent
354 2828 387 2861 ex
402 2813 515 2862 navibus
531 2814 583 2862 tuis
601 2828 697 2862 omnes
712 2824 835 2863 tenentes
850 2829 971 2864 remum:
993 2830 1089 2863 omnes
1103 2828 1218 2862 nau-9
1279 2815 1282 2818 '

171 2879 233 2926 cleri
244 2879 353 2928 maris..
364 2915 370 2927 .
381 2879 546 2927 clamabunt
555 2893 635 2941 super
645 2889 670 2927 te
680 2893 771 2928 amare
779 2878 793 2897 ”
802 2879 871 2942 (cap.
883 2880 965 2930 xxvii.
977 2876 1046 2944 [aa]
1059 2892 1097 2942 ²9·
1109 2880 1161 2939 3o):
1178 2891 1199 2922 ε

41 3031 99 3091 per
118 3009 346 3072 ‘⁴”naucler0s
366 3009 599 3090 significantur
617 3011 790 3093 sapientes
810 3032 870 3094 per
886 3012 1103 3093 cognitiones
1121 3032 1161 3074 ex

42 3104 179 3167 Verbo·
173 3125 263 3186 ‚per
281 3111 469 3166 tenentes
487 3124 616 3167 remum
626 3103 892 3186 significantur
911 3106 1202 3188 intelligentes
1265 3128 1299 3144 0

41 3221 61 3260 v
64 3201 190 3261 istatio
204 3200 391 3280 sapientiae
405 3209 440 3261 et
454 3200 704 3279 intelligentiae
719 3199 928 3280 significatur
942 3208 1026 3282 per‘
1031 3210 1159 3263 vocem

41 3293 199 3355 clamoris
219 3293 485 3362 nauclerorum
501 3304 536 3355 et
557 3314 616 3374 per
634 3294 751 3375 quod
756 3295 987 3357 descendent
1009 3315 1054 3357 ex
1073 3314 1217 3355 navia·
1244 3272 1306 3340 ἶ
1329 3300 1340 3311 “

41 3388 102 3447 bus
122 3397 281 3448 tenentes
302 3387 461 3449 remum.”

103 3476 166 3558 [ln]
199 3476 300 3556 Quod
325 3499 385 3559 per
405 3478 565 3540 “naves”
584 3479 617 3540 in
645 3478 761 3541 Verbo
783 3480 1025 3561 intelligantur
1047 3481 1206 3562 cogni-
1233 3464 1316 3530 ἶ*

41 3571 151 3630 tiones
171 3571 239 3630 veri
264 3578 299 3631 et
324 3571 414 3642 boni,
436 3582 471 3633 et
495 3592 629 3652 quoque
652 3569 853 3634 doctrinalia
871 3593 916 3635 ex
937 3572 1065 3645 Verb0,
1085 3570 1302 3634 dunrr?n

41 3682 100 3742 per
114 3668 133 3693 ‘⁴
143 3663 270 3724 naves''
284 3664 521 3744 intelliguntur
531 3686 625 3747 opes,
638 3667 685 3728 ita
697 3676 863 3729 contenta
876 3687 937 3748 pro
950 3669 1155 3731 continente.
1183 3674 1281 3725 Β,

42 3766 178 3817 constat
198 3757 307 3819 adhuc
329 3778 373 3819 ex
395 3758 446 3820 his
466 3759 549 3821 locis
562 3759 720 3841 :-Apud
739 3759 893 3835 Esaiam,

92 3887 231 3950 '‘Ejulate,
246 3905 329 3938 naves
342 3890 537 3947 Tharschrschi
550 3907 612 3955 quta
624 3893 763 3941 devastata
775 3903 816 3942 est
828 3894 963 3957 Tyrus
972 3894 1078 3944 silent
1089 3892 1154 3941 ltsbr
1170 3886 1262 3937 ei·

172 3964 271 4002 ratores
286 3955 398 4012 insulae,
414 3967 545 4005 mercator
559 3959 666 4006 Sidonis
681 3959 816 4008 transiens
831 3974 914 4018 mare,
931 3931 1103 4022 impleverunt
1115 3967 1254 4006 tos:

195 4019 346 4080 ..ejulata
358 4036 440 4070 naves
453 4022 641 4071 Tharschischi
645 4025 722 4087 ,quia
732 4025 901 4074 devastatum
914 4034 956 4075 est
969 4025 1151 4074 munimentur
1157 4034 1247 4071 ..ιω

173 4054 305 4132 uestrum*
309 4084 408 4145 '‚(xxiii
425 4089 551 4147 1,2,14):
