2684 4988
110 471 175 543 ψ
421 466 669 524 APOCALYPSIS
692 467 916 520 texentem.

110 639 158 707 ita
176 658 262 720 quae
286 646 363 702 sunt
382 639 506 703 mentis
528 647 563 702 et
585 635 811 715 affedlionum,
831 640 971 720 proinde
994 661 1073 724 quae
1093 639 1177 709 anotls

110 745 145 799 et
161 732 248 804 fidei,
264 753 349 814 quae
366 734 442 816 quia
458 733 591 796 salvant
608 744 773 797 vocantur
790 734 974 803 “salutem’'
1017 734 1179 809 Affettiore

110 827 229 899 malae,
243 848 328 908 quae
344 837 421 889 sunt
439 828 652 907 cupiditates,
669 829 773 890 etiam
790 831 1025 911 exprimuntur
1039 850 1091 913 per
1103 830 1182 913 iacies,

110 923 186 1004 quia
208 923 240 983 in
268 922 412 983 faciebus
435 932 622 1001 apparent;
649 942 727 984 nam
750 923 852 985 facies
875 935 928 987 est
955 926 1058 987 forma
1078 935 1183 986 extemt

110 1036 168 1077 seu
196 1014 356 1077 naturalis
382 1015 576 1077 interiorum
600 1035 685 1097 quae
707 1017 809 1078 animi
836 1026 872 1080 et
896 1021 1038 1081 mentis:
1065 1017 1184 1080 etiamid

111 1094 236 1171 mundo
255 1108 415 1188 spirituali
438 1129 540 1171 unum
563 1108 699 1184 faciunt,
719 1130 788 1173 non
811 1112 901 1173 enim
925 1113 969 1174 ibi
993 1112 1068 1174 licet
1088 1109 1184 1173 mentiri

110 1203 191 1266 olias
207 1203 307 1265 {acies
319 1222 418 1284 quam
432 1223 516 1285 quae
533 1212 611 1266 sunt
627 1201 852 1278 affedlionum,
866 1206 1012 1287 itaquae
1028 1223 1184 1285 correspon-

110 1297 193 1361 dent
205 1298 416 1360 interioribus
428 1317 512 1379 quae
527 1299 650 1362 mentis
663 1297 805 1364 illorum.
848 1298 933 1363 Inde
945 1311 998 1364 est
1011 1300 1095 1381 quod
1106 1296 1186 1378 angeli

110 1391 194 1455 caeli
213 1393 281 1454 sint
299 1390 381 1454 facie
397 1390 518 1454 illustri
536 1403 571 1455 et
587 1401 740 1466 venusta,
757 1402 793 1457 at
812 1394 948 1473 spiritus
964 1393 1131 1457 infernales
1141 1391 1185 1455 sint

109 1484 192 1548 lucie
204 1496 278 1548 atra
290 1495 324 1548 et
338 1485 487 1548 deformi.
532 1483 633 1567 Quod
645 1486 729 1551 haec
741 1507 874 1568 quoque
887 1507 947 1575 per
961 1495 980 1520 ‘⁶
990 1486 1106 1551 lacies”
1116 1482 1185 1559 intel*

110 1581 267 1663 ligantur,
287 1589 383 1661 patet
401 1600 421 1642 a
440 1581 657 1662 sequentibus
675 1581 726 1644 his
744 1581 827 1644 locis
839 1581 998 1663 2—Apud
1015 1581 1149 1654 Esaricm,

162 1727 315 1778 ‘'Tormina
332 1738 359 1776 et
375 1727 483 1777 dolores
494 1728 707 1791 apprehendunt,
721 1728 789 1778 sieut
806 1729 913 1791 pariens
932 1730 1087 1791 parturiunt,
1099 1729 1133 1777 vir
1144 1739 1186 1786 etp

240 1795 342 1843 socium
353 1808 432 1843 suum
442 1795 641 1857 obstupescunt,
652 1793 734 1843 iacies
745 1793 912 1843 flammarum
925 1795 1009 1844 {acies
1021 1796 1119 1844 illorum
1125 1792 1136 1813 ”
1141 1791 1183 1853 lxii„

240 1860 280 1922 ⁸):

110 2001 222 2084 agitur
243 2000 287 2064 ibi
313 2000 355 2063 de
379 1998 499 2063 ultimo
520 1998 655 2083 judicio,
678 2000 814 2085 quando
836 2000 916 2063 mali
942 1995 1186 2068 immittunturlll

111 2096 268 2158 interiora
286 2115 365 2171 sua;
389 2095 549 2157 interiora
567 2093 698 2158 illorum
717 2095 772 2177 qui
795 2096 829 2157 in
848 2115 963 2158 amore
982 2097 1033 2158 sui
1054 2106 1086 2158 et
1104 2088 1186 2161 mundi

111 2200 200 2264 sunt,
224 2201 260 2253 et
285 2189 362 2251 inde
385 2190 418 2251 in
441 2189 526 2251 odiis
549 2199 584 2251 et
607 2187 772 2264 vindictis,
796 2189 1031 2270 intelliguntur
1053 2209 1106 2270 per
1124 2180 1185 2267 quod

112 2284 240 2347 “facies
252 2283 458 2346 flammarum
471 2282 571 2346 facies
584 2283 715 2346 illorum
728 2283 754 2359 ;”
764 2283 849 2347 tales
862 2286 965 2346 etiam
979 2284 1026 2346 illi
1038 2287 1184 2365 apparent:

111 2380 276 2443 cruciatus
303 2378 434 2441 illorum
462 2399 506 2439 ex
533 2377 659 2440 influxu
688 2378 800 2440 Divini
830 2377 915 2441 Boni
942 2390 977 2441 et
1005 2378 1108 2440 Divini
1130 2368 1186 2434 Veri

111 2472 341 2554 significantur
364 2491 422 2552 per
442 2472 615 2534 “tormina
636 2479 672 2534 et
694 2470 828 2534 dolores
847 2472 1110 2552 apprehendunt,
1125 2467 1185 2531 sicul

112 2568 243 2648 pariens
259 2568 445 2647 parturiunt
458 2565 483 2644 ;'’
506 2567 671 2628 cruciatus
686 2565 817 2628 illorum
834 2567 1058 2631 assimilantur
1074 2560 1185 2631 “tormi-

112 2663 206 2724 nibus
219 2672 254 2723 et
268 2661 438 2723 doloribus
454 2658 738 2742 parturientium,”
750 2681 794 2721 ex
808 2659 907 2723 simili
920 2681 1019 2724 causa
1031 2681 1092 2742 qua
1104 2657 1185 2723 dms.
1214 2688 1224 2755 Ξ

111 2759 151 2820 iii.
175 2755 221 2827 16,
241 2775 318 2817 nam
338 2755 427 2817 mala
445 2766 480 2817 et
501 2754 583 2817 salsa
602 2765 680 2818 tunc
700 2752 969 2835 conjunguntur;
993 2755 1054 2818 hoc
1072 2746 1184 2818 drmit
1216 2762 1224 2841 ’ξ

110 2870 187 2915 cum
203 2849 307 2913 influit
325 2849 482 2912 Divinum
500 2848 630 2910 Bonum
645 2859 681 2912 et
697 2847 836 2923 Verum,
854 2848 1018 2911 “dolores
1033 2845 1184 2929 apprehen·
1218 2914 1224 2921 ⁸

111 2946 206 3015 dunt
208 2944 223 2969 '⁸
267 2942 370 3026 Apud
388 2942 600 3016 Ezechielem,
1221 2938 1224 2943 '

163 3095 238 3146 “Dic
247 3095 330 3144 silvae
340 3094 499 3151 meridiei...
509 3092 582 3142 .Non
593 3091 777 3153 exstinguetur
785 3091 893 3141 damma
902 3092 1026 3141 flammine
1033 3102 1126 3155 grans
1121 3082 1183 3135 'uult

240 3162 428 3211 comburentur
436 3160 462 3208 ln
471 3173 502 3208 ea
510 3157 702 3217 omneslnctee
711 3157 846 3207 amendte
854 3143 1183 3222 usqueadseprenmouem
1222 3222 1224 3227 Ι

241 3226 305 3289 (xxi
315 3222 389 3290 ³[B
400 3226 436 3275 A
447 3239 492 3274 ¹¹
502 3219 573 3289 ⁴⁷1>

112 3392 171 3455 per
195 3370 341 3432 “silvam
365 3365 535 3429 meridiei”
558 3363 758 3445 intelligitur
779 3362 898 3425 falsum
923 3364 1012 3427 intra
1033 3359 1180 3426 ecclesian.
1221 3412 1224 3445 :

112 3465 251 3594 proinde
275 3464 321 3525 illi
343 3463 398 3544 qui
421 3462 454 3522 in
476 3458 566 3522 salsis
588 3468 665 3520 sunt
689 3458 752 3533 ibi;
775 3457 919 3520 ecclesia
937 3458 1128 3539 significatur
1143 3465 1182 3545 pff

113 3557 342 3630 “meridiemf
352 3556 428 3638 quia
440 3555 471 3617 in
485 3554 558 3616 luce
568 3553 636 3615 veri
649 3562 763 3632 potest
776 3571 849 3613 esse
861 3572 906 3614 ex
919 3551 1044 3624 Verbo,
1055 3563 1087 3617 et
1097 3540 1180 3613 salsum

111 3677 156 3719 ex
184 3652 273 3716 malo
300 3648 506 3731 significatur
532 3666 590 3728 per
614 3644 798 3708 “silvam:”
824 3645 988 3709 ecclesiae
1015 3642 1181 3709 vastatio&

111 3745 296 3813 destrudtio
312 3766 370 3826 per
382 3762 531 3806 amorem
546 3741 618 3804 salsi
635 3761 679 3803 ex
696 3739 795 3813 malo,
809 3739 1017 3820 significatur
1029 3761 1084 3822 per
1095 3735 1180 3801 “flan-

111 3863 200 3907 mam
227 3840 382 3903 flammae
409 3837 530 3920 gravis,
558 3836 646 3898 unde
671 3833 911 3897 comburentur
936 3854 1054 3898 omnes
1080 3819 1180 3897 futes?

111 3945 258 4000 “omnes
286 3932 409 3995 lacies”
435 3941 513 3993 sunt
540 3929 651 3993 omnia
677 3927 834 3989 interiora
860 3927 1033 3992 hominum
1059 3920 1180 3991 ecclesiae

110 4031 221 4115 quoad
248 4025 443 4090 affedtiones
465 4025 533 4088 veri
560 4034 595 4087 et
621 4021 710 4094 boni,
734 4028 769 4083 et
795 4021 873 4084 inde
897 4024 1130 4104 cogitationes:
1150 4018 1181 4072 “²

111 4126 248 4190 meridie
266 4143 368 4204 usque
385 4122 427 4182 ad
444 4112 725 4200 septentrionem’
727 4113 914 4196 'significat
932 4120 1046 4181 omnia
1060 4109 1181 4181 ecclesiae

108 4244 128 4287 a
151 4220 264 4301 primis
284 4217 325 4280 ad
348 4217 476 4290 ultima,
496 4235 554 4276 seu
572 4213 730 4276 interiora
747 4222 782 4274 et
801 4213 993 4290 exteriora;
1018 4196 1183 4276 ‘meridies

109 4325 187 4380 sunt
215 4313 373 4375 interiora
400 4331 457 4371 seu
485 4310 590 4389 prima
617 4306 789 4380 ecclesiae,
816 4312 887 4368 et
892 4307 1108 4387 septentrio'
1109 4304 1185 4365 'sunt

108 4409 279 4477 exteriora
295 4426 354 4468 seu
374 4404 492 4467 ultima
510 4402 692 4480 ecclesiae;
715 4420 815 4464 causa
832 4401 922 4482 quod
941 4401 1001 4465 illa
1019 4424 1077 4486 per
1094 4393 1188 4464 “merl-
