2684 4988
108 447 173 512 924
419 445 669 496 APOCALYPSIS
693 444 917 495 axrutcn'ra,

160 613 259 676 “Ignis
271 630 400 664 accensus
412 626 452 665 est
465 617 492 664 in
506 617 545 665 ira
557 631 625 673 mea,
641 625 667 664 et
679 615 783 665 ardebit
795 629 879 678 usque
892 614 926 662 ad
940 613 1069 661 infernum
1081 611 1178 666 infinum,

239 691 265 729 et
277 682 400 730 comedet
413 692 512 730 terram
525 693 552 730 et
565 691 724 744 proventum
737 680 804 743 ejus,
816 690 843 729 et
855 679 1033 728 inflammabit
1044 678 1182 726 fundamenta

239 746 392 794 montium'’
404 746 506 808 (Deutr.
518 748 599 795 xxxii.
612 749 667 808 22):

108 868 230 930 dicitur
252 868 341 949 quod
368 870 484 949 “ignis
507 890 669 932 accensus
692 870 736 932 sit
762 868 914 949 Jehovae
941 869 974 931 in
1001 867 1048 930 ira
1069 886 1128 937 sua,
1147 863 1186 945 qui

108 962 240 1024 ardebit
260 983 364 1044 usque
383 964 426 1025 ad
446 963 609 1026 infernum
629 962 808 1036 intimum,”
828 964 968 1025 tametsi
985 961 1125 1043 jehovae
1139 977 1187 1021 non

108 1055 226 1137 aliquis
244 1057 330 1135 ignis
347 1058 414 1118 irae
426 1067 491 1131 est,
505 1059 614 1119 minus
630 1058 685 1139 qui
702 1056 798 1119 ardet
814 1057 857 1118 ad
874 1056 1038 1119 infernum
1052 1054 1188 1128 infimunu

109 1167 186 1210 nam
201 1149 366 1229 jehovah,
385 1150 449 1212 hoc
466 1161 530 1226 est,
550 1151 715 1213 Dominus
732 1149 813 1212 nulli
830 1151 985 1213 irascitur
1000 1159 1034 1213 et
1051 1149 1124 1210 nulli
1137 1165 1189 1208 ma·

108 1240 177 1304 lum
196 1243 295 1319 sacit;
320 1245 408 1325 quod
426 1265 488 1307 nec
508 1245 653 1327 aliquem
674 1245 706 1306 in
724 1244 888 1306 infernum
905 1243 1051 1323 dejiciat,
1068 1242 1190 1304 videatur

108 1332 141 1393 in
164 1354 267 1414 opere
290 1335 340 1396 De
363 1334 462 1398 Caelo
478 1346 511 1398 et
531 1335 669 1415 Inferna
691 1352 725 1409 (n.
737 1352 874 1412 545-550);
897 1334 959 1396 sed
985 1336 1033 1395 ita
1061 1335 1091 1395 in
1114 1350 1190 1394 sensu

110 1422 244 1488 litterae
262 1426 366 1489 Verbi
383 1427 504 1489 dicitur
520 1430 597 1509 quia
613 1430 660 1490 ita
678 1437 819 1509 apparet
836 1445 951 1489 coram
968 1426 1100 1488 homine
1114 1423 1189 1495 malo,

108 1528 143 1580 et
163 1539 295 1601 quoque
312 1540 425 1583 coram
443 1521 579 1584 homine
596 1521 758 1602 simplici;
784 1519 935 1582 Verbum
952 1520 1041 1581 enim
1058 1520 1088 1581 in
1103 1518 1190 1580 littera

109 1621 162 1674 est
182 1616 366 1676 secundum
390 1617 635 1696 apparentiam,
657 1616 733 1697 quia
752 1614 936 1676 secundum
957 1624 1090 1694 captum
1108 1612 1190 1674 honi·

109 1727 189 1769 num
209 1709 431 1771 naturalium:
456 1719 492 1771 at
515 1711 592 1790 quia
611 1709 736 1791 angeli,
757 1711 811 1790 qui
831 1707 1023 1789 spirituales
1042 1718 1123 1779 sunt,
1139 1708 1190 1786 ipsa

109 1822 187 1863 vera
207 1801 311 1864 Verbi
332 1823 399 1865 non
419 1803 534 1865 vident
555 1813 758 1884 apparenter
776 1804 961 1865 secundum
979 1802 1117 1864 hominis
1132 1819 1188 1880 cap·

110 1906 194 1969 tum,
208 1896 267 1958 sed
282 1897 509 1977 spiritualiter,
524 1897 600 1959 ideo
618 1897 736 1959 talium
750 1897 927 1958 verborum
942 1916 1059 1957 sensus
1072 1898 1188 1956 inversus

110 2002 163 2051 est
180 1990 268 2070 apud
285 1989 372 2062 illos,
390 1991 445 2072 qui
462 1992 565 2052 etiam
582 2001 634 2053 est
652 2011 770 2053 sensus
786 1991 938 2052 internus
955 2011 1014 2051 seu
1030 1985 1186 2071 spiritualis,

111 2103 232 2164 nempe
252 2084 341 2164 quod
361 2103 456 2145 amor
475 2083 645 2146 infernalis
664 2085 752 2165 apud
773 2084 945 2145 hominem
966 2083 1044 2145 talis
1061 2083 1136 2163 ignis
1149 2081 1186 2150 sit,

110 2186 144 2238 et
169 2177 286 2240 ardeat
311 2198 415 2259 usque
438 2178 481 2239 ad
501 2178 664 2239 infernum
685 2177 853 2239 infimum:
886 2186 920 2238 et
945 2179 1022 2258 quia
1046 2176 1097 2238 ille
1116 2174 1185 2255 ignis,

110 2271 173 2334 hoc
191 2282 254 2344 est,
273 2270 329 2334 ille
348 2291 452 2344 amor,
470 2274 583 2334 omnia
600 2272 764 2335 ecclesiae
779 2271 868 2352 apud
885 2271 1057 2333 hominem
1073 2269 1185 2332 funditus

110 2366 265 2437 destruit,
284 2366 360 2427 ideo
376 2366 498 2428 dicitur
514 2367 603 2447 quod
622 2366 808 2428 “comedet
826 2376 952 2428 terram
970 2376 1005 2427 et
1023 2372 1185 2446 proventum

110 2459 190 2540 ejus,
221 2470 256 2523 et
280 2461 502 2522 inflammabit
525 2461 746 2523 fundamenta
769 2461 934 2522 montium
949 2459 975 2536 ;”
1011 2457 1185 2522 “terra’'est

109 2554 264 2626 ecclesia,
294 2555 531 2635 ‘'proventus'’
558 2566 610 2617 est
639 2575 740 2617 omne
770 2554 946 2627 ecclesiae,
978 2555 1185 2616 “fundamenta

111 2650 276 2710 montium
288 2649 303 2672 ''
322 2660 400 2711 sunt
420 2670 499 2710 vera
519 2670 617 2729 super
636 2650 756 2731 quibus
775 2649 962 2711 fundantur
982 2651 1069 2711 bona
1085 2642 1183 2710 amoris,

111 2763 196 2822 quae
218 2743 468 2804 “inflammari''
487 2744 643 2806 dicuntur
663 2744 706 2805 ab
725 2745 803 2824 igne
823 2745 947 2804 amoris
967 2745 1017 2804 sui
1040 2754 1073 2805 et
1094 2735 1183 2802 mundi.

112 2835 215 2916 Apud
235 2836 408 2910 Davidem,

162 2964 326 3013 “Concussa
338 2976 378 3014 est
391 2975 417 3014 et
435 2977 571 3015 commota
583 2975 662 3023 terra,
677 2975 703 3014 et
720 2965 897 3014 fundamenta
909 2967 1041 3015 montium
1059 2968 1185 3014 conuentu*

241 3040 303 3078 runt
313 3041 595 3088 etcommoveruntse,
603 3032 711 3094 quando
718 3031 862 3079 exarsitilli
871 3031 885 3047 ’'
895 3030 952 3092 (rs.
965 3032 1037 3080 xviii.
1048 3028 1108 3095 818.
1118 3017 1184 3084 diiii

111 3176 169 3236 per
189 3155 272 3217 haec
293 3154 413 3217 similia
432 3155 689 3236 intelliguntur3
714 3156 773 3218 sed
793 3175 878 3236 quae
898 3155 1093 3236 singillatim
1106 3145 1185 3230 expli·

111 3256 189 3307 cata
208 3248 389 3308 videantur
407 3267 508 3327 supra
527 3263 693 3325 (n.400[r]).
737 3245 841 3327 Apud
858 3247 1018 3319 eundem,

162 3378 261 3427 “Deus
280 3379 359 3426 nobis
377 3378 510 3439 retugium
515 3416 583 3434 .....
590 3387 733 3440 propterea
751 3392 805 3425 non
823 3377 988 3433 timebimus.
1004 3393 1062 3427 cum
1079 3369 1186 3426 mutabitlli

241 3453 320 3500 terra,
333 3452 359 3491 et
371 3457 430 3491 cum
441 3446 685 3490 commovebuntur
697 3453 804 3491 montes
817 3443 845 3490 in
858 3443 938 3490 corde
951 3445 1079 3497 marium:
1094 3434 1186 3489 tunultu·

240 3510 363 3564 abuntur,
379 3510 558 3557 turbabuntur
567 3522 652 3569 aquae
664 3508 731 3569 ejus,
744 3508 954 3556 contremiscent
967 3520 1072 3557 montes
1083 3508 1106 3555 in
1117 3498 1186 3553 tull*

241 3575 315 3622 tione
328 3573 408 3636 ejus’'
421 3574 475 3635 (Ps.
488 3574 551 3622 xlvi.
565 3585 612 3631 2-4
623 3570 668 3636 [B.
680 3575 715 3621 A.
730 3569 814 3636 1-3]):

111 3699 194 3762 haec
208 3721 342 3781 quoque
355 3699 531 3781 explicata
544 3699 725 3760 videantur
738 3699 828 3779 prius
842 3714 875 3771 (n.
887 3714 1018 3777 304[c]);
1035 3700 1077 3762 ibi
1088 3701 1187 3787 quoque

111 3792 190 3873 quid
222 3791 430 3871 significatur
457 3813 516 3873 per
546 3791 636 3872 quod
665 3796 829 3852 “montes
860 3793 1146 3854 commovebuntur
1165 3791 1186 3835 1ss

110 3885 212 3947 corde
236 3886 406 3960 marium,''
426 3896 460 3948 et
485 3886 573 3967 quod
596 3892 760 3947 “montes
783 3887 1049 3948 contremiscent
1072 3886 1099 3946 in
1119 3865 1187 3941 exal·

111 3979 272 4053 tatione,''
290 4000 412 4061 nempe
429 3980 518 4061 quod
536 3979 625 4041 mala
641 3999 793 4040 amorum
810 3981 859 4040 sui
878 3990 912 4041 et
931 3981 1047 4041 mundi
1063 3967 1187 4061 perstrin-

59 4137 61 4141 ,
110 4086 194 4156 gent
215 4075 399 4136 secundum
419 4075 639 4137 incrementa.
686 4072 789 4154 Apud
808 4072 962 4147 Esaiam,

162 4208 232 4258 “Ira
246 4208 365 4272 Jehovae
379 4219 473 4256 contra
491 4222 585 4255 omnes
603 4217 706 4268 gentes,
723 4217 749 4255 et
767 4206 989 4255 excandescentia
1006 4216 1096 4254 contra
1110 4197 1190 4274 oblim

239 4275 383 4322 exercitum
396 4288 486 4321 earum
497 4288 503 4328 ;
521 4274 631 4321 devovit
642 4288 696 4328 eas,
712 4273 818 4320 tradidit
831 4287 876 4319 eas
889 4272 922 4319 ad
936 4269 1127 4323 madlationem.
1136 4258 1192 4338 1¹²⁰}

241 4338 359 4387 conlossi
374 4354 464 4387 earum
478 4339 661 4401 projiciantur,
677 4348 703 4386 et
717 4338 875 4386 cadaverum
888 4351 979 4384 earum
993 4337 1113 4385 ascendet
1124 4331 1193 4394 ρῠῑῠῐ·

240 4414 266 4453 et
279 4405 425 4466 liquescent
438 4414 544 4452 montes
557 4419 573 4451 a
585 4404 716 4465 sanguine
728 4401 840 4450 earum''
853 4403 953 4462 (xxxiv.
967 4414 990 4460 2,
1003 4404 1042 4462 3):
