2684 4988
365 453 460 505 cae.
478 454 788 522 v1.‚vuus.4-u.
805 441 926 526 365[e].
1147 457 1207 526 721

135 622 319 706 '‘prouentus''
345 622 530 704 significat
557 621 812 706 produdiionem
835 625 926 687 veri:
955 644 1013 706 per
1038 622 1211 687 “caelos''

134 719 170 798 qui
183 718 312 779 “dabunt
333 737 455 779 rorem
476 717 598 779 suum”
615 717 824 798 significatur
842 714 1053 781 fructificatio
1072 718 1152 780 boni
1173 728 1208 781 et

134 810 319 892 multiplicatio
338 812 435 872 veri:
462 806 655 890 conjunctio
674 812 742 873 veri
762 822 796 873 et
820 811 899 873 boni
923 810 1062 874 ulterius
1081 811 1208 874 descri-

74 966 78 991 ι
134 900 190 965 bitur
198 925 244 985 per
254 911 272 934 ‘¹
282 903 485 986 Loquimini
499 905 677 966 veritatem
691 904 740 967 vir
750 923 826 967 cum
839 905 931 966 socio
944 925 1015 977 suo,
1027 906 1207 967 veritatem

132 1005 154 1057 et
162 995 290 1075 judicium
307 999 405 1078 pacis
420 997 572 1077 judicate
588 999 621 1059 in
638 999 744 1078 portis
760 999 892 1070 vestris,
906 999 1087 1059 veritatem
1106 998 1208 1059 modo

132 1100 153 1151 et
163 1110 255 1171 pacem
266 1101 383 1153 amate
398 1090 425 1167 ;”
446 1111 505 1173 per
520 1092 728 1154 “veritatem
739 1091 754 1114 ”
767 1088 975 1171 significatur
988 1110 1103 1152 verum
1117 1111 1124 1167 ;
1150 1110 1208 1171 per

133 1181 270 1261 “judicium
294 1184 421 1266 pacis‚”
445 1196 480 1247 et
505 1204 563 1266 per
588 1183 761 1266 “pacem''
784 1183 992 1265 significatur
1015 1181 1207 1264 conjundiio

130 1274 174 1356 ejus
188 1296 251 1338 cum
270 1277 373 1339 bono.
420 1277 525 1359 Apud
544 1277 719 1350 Davidem,
791 1321 795 1331 ,

74 1458 76 1483 ,
160 1417 261 1486 jehovah
273 1419 426 1480 “loquetur
435 1431 530 1480 pacem
542 1418 577 1466 ad
590 1417 717 1480 populum
728 1432 806 1466 suum
820 1426 846 1466 et
858 1418 893 1466 ad
905 1415 1015 1466 sandius
1025 1431 1097 1474 suos.
1109 1426 1139 1466 ut
1151 1432 1207 1466 non

219 1494 387 1532 revertantur
407 1483 442 1532 ad
464 1484 603 1532 stultitiam
614 1482 875 1538 ;....misericordia
894 1492 921 1531 et
940 1480 1065 1531 l¹lveritas
1084 1483 1205 1540 obvient,

218 1547 321 1609 justitia
333 1558 361 1596 et
373 1563 426 1610 pax
438 1550 595 1597 osculentur
607 1547 661 1597 se'l
672 1548 727 1609 (vs.
741 1548 830 1597 lxxxv.
842 1563 866 1610 ρ,
878 1544 935 1596 l¹111
949 1543 993 1611 [B.
1004 1551 1039 1596 A.
1052 1548 1075 1606 8,
1090 1544 1157 1610 το]);

123 1678 187 1758 quod
206 1679 385 1759 “Jehovah
409 1678 566 1762 loquetur
589 1699 708 1761 pacem
732 1680 775 1743 ad
801 1678 961 1761 populum
984 1698 1081 1741 suum
1104 1688 1140 1742 et
1163 1680 1206 1741 ad

122 1767 225 1834 nudos
242 1772 351 1843 suos,''
371 1771 541 1854 siguificat
560 1773 651 1855 quod
671 1773 808 1835 docebit
828 1783 863 1835 et
883 1772 978 1835 dabit
997 1770 1205 1852 conjunctio·

122 1881 178 1926 uem
190 1863 302 1928 Secum
317 1886 378 1947 per
394 1862 666 1947 conjundtionem
686 1866 766 1928 boni
782 1876 817 1928 et
834 1867 902 1928 veri
919 1866 1007 1946 apud
1027 1865 1124 1941 illos;
1148 1887 1207 1947 ρετ

122 1959 258 2038 upacem'¹
280 1958 495 2040 significatur
518 1970 659 2041 utraque
682 1959 741 2023 illa
763 1955 965 2040 conjunctio,
986 1980 1045 2040 per
1070 1965 1204 2041 “popu-

121 2048 188 2113 lum''
205 2052 437 2133 significantur
464 2053 511 2115 illi
534 2054 589 2135 qui
617 2054 649 2116 in
673 2054 760 2116 veris
783 2074 828 2115 ex
855 2053 946 2114 bono
969 2061 1059 2127 sunt,
1084 2062 1119 2115 et
1148 2073 1206 2133 per

121 2143 276 2209 “sandius'’
299 2146 349 2210 illi
372 2149 429 2228 qui
452 2147 486 2209 in
510 2146 600 2209 bono
625 2167 683 2228 per
706 2167 785 2209 vera
808 2157 907 2209 sunt:
935 2146 1025 2228 quod
1049 2166 1116 2208 non
1140 2146 1205 2209 illis

120 2237 175 2300 dein
194 2240 315 2303 malum
338 2261 383 2303 ex
407 2240 493 2302 falso
516 2251 550 2303 et
574 2240 695 2303 falsum
719 2261 762 2302 ex
788 2240 878 2302 malo
897 2241 976 2313 sint,
997 2239 1205 2320 significatur

120 2349 162 2410 per
177 2339 231 2396 “ut
249 2353 319 2395 non
339 2342 554 2396 revertantur
571 2334 614 2396 ad
638 2332 820 2396 stultitiam
834 2333 860 2394 :’'
883 2344 1024 2414 utraque
1046 2332 1103 2395 illa
1122 2353 1204 2395 con·

118 2421 214 2501 jundio
225 2426 366 2489 ulterius
378 2427 579 2489 describitur
596 2447 654 2507 per
667 2426 756 2507 quod
772 2427 1027 2488 “misericordia
1044 2436 1078 2487 et
1092 2423 1203 2488 [lueri-

121 2519 301 2592 lascivient,
313 2519 492 2599 acjustitia
503 2530 537 2581 et
550 2539 617 2600 pax
628 2518 824 2581 osculentur
833 2539 869 2582 se
882 2519 908 2581 :’'
924 2525 943 2550 “
953 2520 1180 2581 misericordia
1189 2518 1205 2543 ”

121 2608 152 2670 ibi
171 2611 326 2694 significat
350 2613 574 2675 remotionem
602 2633 621 2674 a
648 2610 750 2684 falsis,
775 2612 863 2675 unde
890 2610 954 2673 illis
978 2632 1078 2689 vera;
1113 2611 1205 2692 [inde

120 2714 189 2782 patet
212 2708 288 2788 quid
316 2705 486 2786 significat
513 2706 768 2768 “misericordia
795 2716 830 2768 et
857 2707 982 2768 veritas
1010 2706 1148 2767 obvient
1162 2705 1203 2788 :”]

121 2805 147 2858 et
165 2800 306 2880 “justitia
317 2800 332 2823 '¹
362 2797 561 2881 [significat]
589 2800 814 2861 remotionem
841 2819 861 2860 a
888 2798 995 2872 malis,
1024 2799 1112 2861 'unde
1140 2798 1204 2861 illis

120 2888 200 2970 boua;
222 2895 298 2957 inde
313 2903 411 2975 patet
425 2893 503 2974 quid
520 2891 687 2973 significat
704 2891 859 2972 “justitia
875 2901 909 2954 et
927 2912 995 2973 pax
1009 2891 1205 2955 osculentur

121 2983 166 3044 se.”
199 2987 298 3070 Apud
317 2985 473 3060 Esaiam,

156 3119 248 3182 ''Quam
260 3119 372 3182 jucundi
385 3129 449 3168 sunt
461 3133 541 3181 super
552 3119 690 3167 montibus
705 3118 786 3179 pedes
799 3117 1019 3180 evangelizantis.
1034 3118 1127 3166 audire
1142 3117 1205 3166 leci·

216 3186 399 3262 erutispacem.
409 3184 621 3288 evanpelimntis
630 3185 739 3266 ὺρριττρ,
750 3184 841 3232 audire
850 3183 973 3232 facientis
982 3184 1105 3241 salutem,
1115 3183 1205 3231 dicen-

217 3261 251 3300 us
263 3250 352 3308 Zioni,
367 3250 475 3312 Regnat
495 3247 573 3298 ⁸¹Rex
585 3258 646 3298 tuus
679 3249 728 3307 lln.
740 3248 779 3309 7):

121 3373 178 3442 hacc
189 3382 225 3445 de
238 3383 399 3454 Domino,
411 3391 445 3444 et
460 3401 517 3462 per
532 3387 550 3412 ‘⁶
560 3379 702 3462 pacem”
716 3380 760 3443 ibi
773 3378 980 3461 significatur
994 3380 1072 3462 lpse
1086 3379 1204 3442 Domi·

121 3488 170 3544 nus.
183 3487 214 3538 et
228 3477 305 3540 inde
322 3475 455 3538 caelum
475 3475 540 3537 illis
556 3475 611 3555 qui
620 3473 700 3556 ,Ipsi
716 3471 884 3554 conjuncti
901 3484 1001 3550 sunt;
1026 3479 1205 3554 “evange-

122 3560 213 3631 lizare”
230 3568 399 3650 significat
420 3567 612 3649 praedicare
632 3566 708 3629 illa:
734 3577 768 3629 et
785 3568 862 3648 quia
881 3566 938 3629 illa
956 3563 1149 3647 conjunctio
1167 3566 1204 3630 fit

121 3675 161 3735 per
177 3682 328 3734 amorem,
349 3662 428 3724 ideo
451 3661 573 3723 dicitur
595 3659 857 3740 “evangelizare
881 3680 979 3741 super
1003 3660 1206 3734 montibus,”

121 3760 145 3811 et
153 3754 272 3819 “dicere
284 3756 380 3818 Zioni
394 3754 421 3831 ;”
439 3760 459 3785 ⁴⁴
469 3764 604 3816 montes
613 3753 628 3776 ”
638 3752 830 3833 significant
843 3754 895 3815 hic
906 3764 943 3814 ut
954 3773 1064 3834 supra,
1079 3753 1205 3815 bonum

121 3850 212 3910 amoris
232 3852 264 3912 in
288 3849 484 3919 Dominum,
505 3858 540 3910 et
562 3847 675 3909 “Zion
685 3846 700 3869 ''
724 3844 892 3926 significat
916 3845 1095 3908 ecclesiam
1119 3867 1205 3927 quae

121 3934 206 4003 iuiilo
225 3943 334 4019 bono;
359 3961 399 4004 ac
419 3941 586 4003 Dominus
606 3938 807 4020 intelligitur
827 3959 885 4020 per
906 3936 1088 4019 “¹⁸¹Regem
1109 3950 1204 4001 tuum

121 4033 159 4109 qui
176 4046 283 4117 regnat
297 4037 324 4099 :”
351 4037 430 4118 quia
454 4031 645 4115 conjund'tio
668 4034 737 4096 veri
761 4044 795 4095 et
824 4032 902 4094 boni
925 4053 945 4094 a
967 4030 1204 4112 conjunctione

122 4140 175 4188 cum
189 4129 325 4194 Domino
340 4127 551 4212 significatur
568 4148 626 4209 per
641 4133 659 4159 ‘⁴
672 4127 820 4208 pacem‚”
833 4128 909 4189 ideo
925 4126 1048 4188 dicitur
1062 4126 1204 4189 “audire

122 4214 240 4285 lacientis
252 4244 379 4306 pacem,
392 4221 660 4303 evangelizantis
672 4221 808 4290 bonum.
820 4221 935 4282 audire
948 4220 1102 4298 facientis
1113 4219 1203 4281 salu-

123 4315 202 4388 tcm;'¹
221 4317 478 4400 '‘evangelizare
494 4316 619 4377 bonum
628 4314 643 4339 ’⁹
656 4312 823 4395 significat
838 4310 1109 4392 conjunctionem
1126 4332 1203 4374 cum

125 4398 181 4481 lpso
193 4428 242 4488 ρετ
256 4412 391 4485 bonum,
410 4419 446 4471 et
465 4410 607 4471 “audire
623 4408 732 4470 facere
749 4405 919 4470 salutem”
936 4405 1103 4486 significat
1121 4425 1204 4467 con·
