2716 4986
41 494 47 508 .
123 460 201 526 1312
428 456 677 509 APOCALYPSIS
700 458 927 509 EXPLICATA.

121 627 291 708 peragitur
309 626 341 689 in
361 635 476 690 mente
495 626 667 690 inferiore:
693 627 771 689 inde
787 627 908 691 dicitur
923 628 1015 710 quod
1032 634 1052 660 “
1062 629 1153 691 Deus
1168 629 1224 691 dis·

120 722 261 783 tinxerit
285 722 372 783 inter
392 720 501 785 lucem
524 731 559 785 et
582 722 670 784 inter
688 722 858 796 tenebras,
878 732 913 785 et
937 725 1111 786 vocaverit
1131 723 1226 786 lucen

120 815 209 877 diem
229 825 263 879 et
283 816 442 878 tenebras
458 813 622 879 noeternl‘
665 816 749 878 Inde
766 827 923 880 constare
941 828 1057 899 potest
1074 819 1163 898 quod
1179 839 1227 898 per

124 910 243 972 “diem
254 909 269 933 ”
289 909 495 991 significetur
518 910 576 972 lux
601 910 793 991 spiritualis,
813 921 848 975 et
872 931 931 992 per
951 913 1160 976 “tenebras''
1178 914 1227 974 lux

122 1002 294 1066 naturalis.
340 1003 427 1085 Quia
450 1024 570 1089 omnes
591 1005 675 1066 caeli
702 1005 750 1068 ita
772 1003 922 1069 distineri
946 1017 1036 1080 sant,
1061 1018 1098 1069 ut
1125 1008 1178 1089 qui
1202 1008 1228 1068 in

122 1097 195 1159 luce
214 1097 378 1177 spirituali
400 1109 479 1160 sunt
502 1097 549 1161 illi
572 1099 604 1160 in
629 1098 702 1162 luce
725 1119 745 1162 a
768 1099 918 1163 Domino
940 1109 977 1163 ut
1002 1098 1083 1163 Sole
1107 1101 1182 1173 sint.
1200 1112 1230 1162 at

121 1191 176 1272 qui
195 1191 227 1252 in
248 1191 321 1253 luce
340 1192 500 1273 spirituali
520 1191 664 1255 naturali
683 1203 761 1256 sunt
780 1193 828 1256 illi
851 1194 883 1255 in
903 1193 977 1256 luce
996 1215 1017 1256 a
1036 1195 1182 1257 Domino
1200 1205 1231 1256 ut

122 1281 220 1343 Luna
242 1284 310 1372 sini
334 1301 370 1355 (ut
387 1313 466 1357 supra.
481 1300 505 1344 in
522 1301 568 1345 boc
582 1301 684 1346 articulo
698 1301 789 1346 dietum
804 1302 861 1359 est),
881 1296 1095 1369 quapropter
1117 1287 1231 1348 dicitur

121 1375 211 1456 quod
233 1376 329 1437 “duo
348 1376 521 1438 luminaria
544 1377 576 1438 in
600 1397 754 1458 expanso
773 1377 942 1440 caelorum
961 1380 1028 1440 sint
1052 1379 1097 1440 ad
1120 1378 1231 1440 distin·

121 1469 291 1549 guendum
305 1471 392 1532 inter
408 1470 496 1532 diem
516 1480 551 1533 et
570 1473 658 1534 inter
670 1469 816 1545 nostem,
831 1482 864 1534 et
884 1472 926 1533 ad
943 1473 1184 1535 dominandum
1203 1473 1232 1534 in

121 1562 174 1625 die
193 1572 229 1625 et
252 1565 284 1625 in
306 1561 416 1637 noete,
435 1574 471 1627 et
494 1564 537 1627 ad
556 1565 833 1646 distinguendum
852 1567 939 1628 inter
959 1565 1069 1629 lucem
1094 1578 1129 1629 et
1152 1569 1233 1629 inter

123 1657 309 1719 “tenebras
322 1658 349 1719 :⁸⁹
371 1680 415 1720 ex
429 1659 480 1721 his
492 1660 605 1741 itaque
618 1669 775 1723 constare
789 1670 902 1741 potest
915 1661 1006 1741 quod
1024 1680 1084 1740 per
1098 1667 1117 1692 ⁴¹
1126 1662 1212 1724 diem
1220 1661 1233 1684 ”

121 1751 165 1812 ibi
182 1750 393 1833 intelligatur
409 1752 466 1815 lux
484 1744 675 1834 spiritualis,
694 1764 728 1816 et
746 1773 805 1834 per
818 1750 1006 1816 “nodtem”
1024 1754 1083 1816 lux
1102 1767 1232 1817 natura·

122 1845 172 1919 lis,
192 1866 276 1926 quae
295 1847 440 1909 incaelo
458 1858 599 1911 vocatur
618 1847 676 1909 lux
696 1844 876 1929 spiritualis
893 1847 1065 1911 naturalis
1112 1848 1234 1912 Similia

121 1939 353 2021 significantur
372 1962 430 2022 per
448 1941 564 2004 “diem
574 1941 588 1965 ’⁸
601 1952 635 2004 et
656 1940 845 2004 “nodteffl
863 1944 895 2004 in
916 1943 966 2005 his
985 1942 1068 2004 locis
1081 1943 1232 2023 :—Apud

120 2033 294 2109 Davidem,

169 2166 290 2232 Jebovab
306 2168 374 2231 “qui
393 2167 455 2246 lecit
472 2167 561 2218 caelos
579 2182 630 2246 per·
643 2168 849 2246 intelligentiam
852 2205 922 2225 .....
927 2170 973 2233 qui
993 2170 1122 2247 expandit
1139 2180 1233 2246 terrant

250 2233 1233 2358 tla‘ttlt:1:·.fitll‘sttlltlltra‘lttltraelfnttdsslt

237 2363 322 2440 ¹5=sl3

119 2476 206 2558 apud
224 2476 421 2552 Jeremiam,

165 2588 288 2650 Jebovah
303 2590 394 2639 “dans
407 2589 490 2638 solem
505 2590 531 2638 in
545 2590 630 2639 lucem
642 2590 703 2646 diei.
715 2598 816 2639 statuta
826 2590 905 2638 lunae
917 2600 945 2639 et
957 2591 1095 2640 stellarum
1109 2593 1136 2641 in
1149 2592 1231 2641 lucem

248 2652 357 2703 nodlis''
366 2655 447 2715 (xxxi.
460 2655 517 2715 35);

117 2769 206 2850 apud
224 2769 398 2844 Davidem,

169 2883 475 3010 “Τίἰ)ἰ1ὲοιῑ;οζὲ;ι,ἀίεε,
486 2892 512 2932 et
524 2884 584 2933 Tibi
598 2898 667 2941 nox;
687 2884 729 2932 Tu
741 2884 906 2946 praeparasti
918 2883 1005 2932 lucem
1019 2893 1045 2933 et
1057 2886 1143 2934 solem
1151 2885 1165 2903 '¹
1177 2885 1230 2945 (Pe.

118 3064 207 3145 apud
226 3062 420 3137 Jeremiam,

169 3177 221 3227 “si
236 3177 338 3226 irritum
355 3177 522 3226 reddideritis
536 3176 632 3225 foedus
647 3190 736 3225 meum
753 3175 806 3224 diei
825 3185 852 3224 et
870 3175 967 3224 foedus
986 3191 1076 3225 meum
1091 3175 1189 3233 nodlis.
1203 3187 1231 3226 ut

247 3258 302 3292 non
316 3244 350 3292 sit
362 3243 420 3291 dies
432 3252 458 3292 et
470 3257 524 3291 nox
536 3243 563 3291 in
577 3253 697 3303 tempore
707 3256 764 3298 suo,
777 3242 857 3290 etiam
869 3241 964 3290 loedus
973 3257 1063 3290 meum
1074 3243 1178 3291 irritum
1189 3242 1231 3291 net

248 3323 307 3357 curn
323 3309 426 3357 Davide
439 3323 517 3356 servo
530 3322 599 3364 meo,
613 3317 641 3355 ut
654 3321 710 3355 non
723 3307 757 3354 sit
775 3307 812 3354 illi
827 3307 896 3354 lilius
908 3320 1026 3367 regnans
1039 3322 1121 3368 super
1132 3309 1231 3356 throno

248 3375 327 3430 illius.
342 3383 440 3422 etcum
454 3373 553 3422 levitis
566 3372 750 3421 sacerdotibus
763 3372 894 3419 ministris
905 3372 982 3420 meis.
1008 3373 1097 3422 ....Si
1108 3388 1164 3421 non
1177 3373 1231 3421 loe-

248 3440 297 3489 dus
310 3453 399 3488 meum
411 3438 464 3487 diei
482 3448 508 3487 et
527 3436 623 3495 noetis,
638 3446 739 3485 statuta
753 3436 820 3484 caeli
839 3446 865 3483 et
882 3446 969 3484 terrae
983 3433 1091 3500 [1¹lnon]
1106 3453 1229 3499 posuero,

248 3505 329 3554 etiam
339 3519 431 3553 semen
443 3503 536 3567 jacobi
546 3513 573 3552 et
584 3502 695 3550 Davidis
706 3501 899 3563 reprobarem”
909 3502 1011 3560 (xxxiii.
1023 3515 1063 3559 20,
1075 3515 1114 3559 21,
1126 3515 1166 3562 25,
1176 3504 1215 3564 2⁶)
1226 3517 1232 3561 ;

119 3659 178 3720 per
198 3636 343 3699 “foedus
362 3635 426 3698 diei
445 3644 480 3698 et
501 3630 632 3696 nodtis”
648 3632 882 3713 intelliguntur
899 3634 1012 3695 omnia
1028 3643 1161 3696 statuta
1179 3655 1233 3697 ec·

120 3731 244 3797 clesiae
272 3729 346 3792 filiis
374 3728 506 3791 Israelis
535 3728 740 3809 praescripta
766 3728 799 3788 in
824 3726 951 3801 Verbo,
976 3747 1034 3807 per
1061 3748 1147 3807 quae
1171 3727 1233 3789 illis

119 3835 172 3889 est
199 3822 392 3905 conjundtio
419 3843 495 3886 cum
524 3821 630 3895 caelO,
655 3831 690 3883 et
717 3840 776 3901 per
803 3820 933 3883 caelum
962 3840 1038 3882 curn
1068 3821 1232 3883 Domino:

118 3918 207 4002 quod
225 3917 282 3981 illa
298 3917 453 3980 dicantur
470 3915 616 3978 “foedus
632 3915 697 3977 diei
713 3924 748 3977 et
767 3912 904 3989 noctis?
920 3924 973 3977 est
989 3915 1067 3996 quia
1083 3914 1141 3977 illa
1158 3924 1234 3978 sunt

120 4033 180 4095 pro
198 4011 295 4075 caelo
314 4021 349 4074 et
367 4031 500 4093 quoque
520 4030 580 4092 pro
599 4009 761 4084 ecclesia;
787 4029 846 4088 pro
865 4007 961 4070 caelo
980 4019 1059 4070 sunt
1079 4011 1234 4090 spiritua·

120 4108 163 4171 lia
186 4127 271 4189 quae
294 4114 591 4186 repraesentantur
613 4112 647 4166 et
674 4101 916 4183 significantur,
940 4113 976 4164 et
1003 4123 1065 4183 pro
1092 4103 1236 4166 ecclesia

118 4211 196 4265 sunt
224 4199 391 4264 naturalia
417 4219 503 4281 quae
531 4206 787 4278 repraesentant
817 4206 852 4258 et
882 4195 1095 4277 significant:
1133 4219 1234 4280 quare

120 4295 265 4359 “foedus
284 4294 349 4357 diei
368 4304 403 4358 et
423 4290 555 4356 noetis”
574 4292 618 4354 ibi
636 4301 800 4353 vorantur
819 4295 979 4353 “statuta
997 4290 1082 4353 caeli
1106 4302 1142 4355 et
1167 4304 1234 4355 ter·

117 4389 203 4467 rae,”
221 4409 260 4454 ac
278 4388 423 4451 “foedus
442 4384 574 4451 noetis”
589 4395 752 4448 vocantur
769 4390 926 4448 “statuta
942 4384 1042 4447 lunae
1059 4394 1095 4449 et
1114 4385 1235 4449 stella·
