2684 4988
110 453 177 520 940
335 460 338 465 ’
407 451 656 503 APOCALYPSIS
679 453 904 504 EXPLICATA.

111 639 201 692 vera,
226 629 262 682 at
285 640 345 701 per
369 625 417 682 “a
440 621 522 684 mari
546 621 589 683 ad
614 620 729 685 mare'’
752 623 866 686 omnia
889 623 976 686 caeli
998 633 1033 686 et
1056 621 1190 685 ecelesiae
1228 650 1231 655 ·

110 714 221 795 quoad
241 714 349 788 bona;
377 734 456 776 nam
476 717 580 777 maria
603 716 636 778 in
656 717 783 778 mundo
802 716 966 799 spirituali
990 727 1064 780 sunt
1085 708 1191 779 termini

111 817 222 869 terrae
241 808 414 870 orientalis
433 818 468 870 et
488 809 712 872 occidentalis
727 811 782 884 ibi,
803 821 838 873 et
861 812 895 874 in
916 811 1015 873 terris
1033 811 1074 873 ab
1090 812 1192 873 oriente

110 921 226 964 versus
242 903 458 965 occidentem
475 902 633 966 habitant
649 905 705 985 qui
721 905 754 966 in
771 905 863 967 bono
875 905 1002 967 amoris
1014 913 1105 981 sunt;
1126 903 1193 966 “lu-

109 993 204 1055 vius''
220 1005 334 1058 autem
351 994 519 1077 significat
536 998 678 1078 primum
696 998 888 1070 terminum,
902 1018 942 1060 ac
961 1004 981 1030 ⁴⁸
993 997 1074 1060 fines
1088 993 1194 1061 teuae'

110 1087 258 1161 ultimos,
283 1110 303 1151 a
326 1090 465 1151 meridie
487 1089 531 1151 ad
554 1093 835 1172 septentrionem,
856 1092 912 1153 ubi
935 1091 1089 1155 habitant
1109 1093 1194 1174 quiin

109 1183 196 1244 veris
215 1203 259 1245 ex
279 1183 370 1245 bono
389 1192 488 1260 sunt;
515 1205 600 1265 quos
616 1187 780 1248 terminos
799 1186 903 1247 etiam
923 1186 1196 1267 repraesentabant
1220 1196 1231 1287 -j

110 1275 198 1337 lluvii
219 1276 385 1357 Jordanes
408 1288 443 1341 et
467 1277 662 1359 Euphrates
685 1276 873 1360 respediive
895 1279 940 1341 ad
971 1290 1093 1342 terram
1110 1277 1196 1342 Cann-

109 1389 229 1431 anem:
255 1369 330 1433 loca
346 1391 432 1453 quae
448 1373 536 1433 circa
553 1370 691 1434 ultimos
708 1373 870 1434 terminos
886 1383 976 1444 sunt,
991 1372 1196 1453 intelliguntur

110 1482 169 1543 per
189 1463 372 1537 “insulas’'
392 1485 452 1546 per
471 1485 553 1547 quas
577 1466 654 1528 ideo
673 1464 906 1547 significantur
925 1487 1007 1529 vera
1029 1467 1061 1528 in
1079 1464 1194 1542 ultimis;

109 1576 195 1637 quae
219 1560 357 1620 tametsi
386 1579 453 1621 non
477 1579 557 1622 vera
581 1570 659 1621 sunt
687 1580 792 1640 usque
819 1569 855 1621 ut
878 1580 958 1622 vera
981 1569 1193 1641 acceptantur3

109 1672 189 1714 vera
212 1653 301 1714 enim
325 1654 473 1733 genuina
496 1653 727 1714 diminuuntur
750 1673 770 1714 a
794 1653 906 1714 medio
929 1674 1045 1715 versus
1066 1651 1192 1724 fines,ex

110 1765 210 1808 causa
230 1747 305 1827 quia
324 1747 412 1809 circa
430 1744 513 1809 fines
532 1756 611 1808 sunt
630 1747 685 1828 qui
705 1747 738 1807 in
763 1744 839 1808 luce
859 1746 1015 1819 naturali,
1036 1757 1070 1809 et
1088 1764 1145 1807 non
1158 1745 1193 1806 ita

109 1839 142 1901 in
163 1839 236 1903 luce
253 1841 435 1921 spirituali:
461 1861 520 1922 per
537 1847 557 1872 ‘⁸
569 1840 688 1902 hostes
696 1839 711 1863 ”
727 1838 962 1920 significantur
979 1840 1077 1913 mala,
1092 1840 1129 1901 de
1141 1838 1191 1920 qui·

110 1933 171 1994 bus
190 1934 311 1996 dicitur
327 1934 417 2015 quod
436 1932 637 2015 “pulverem
657 1933 839 2006 lambent,''
855 1933 920 1996 hoc
941 1945 1006 2002 est.
1023 1935 1107 2017 quod
1122 1933 1190 1995 dam·

110 2028 181 2089 nati
201 2027 278 2091 sint.
325 2027 427 2109 Apud
448 2027 604 2103 eundem,

162 2170 307 2296 “Jehqpph
318 2180 420 2233 regnat,
432 2170 562 2219 exultabit
571 2180 651 2229 terra,
662 2169 819 2232 gaudebunt
831 2169 936 2219 insulae
949 2171 1049 2219 multae
1055 2170 1068 2188 '¹
1076 2170 1124 2229 (Ps.
1133 2164 1188 2216 xcvll·
1218 2152 1231 2261 Ξ

111 2399 170 2459 per
186 2379 269 2440 haec
286 2376 495 2459 significatur
510 2378 600 2460 quod
619 2376 765 2441 ecclesia
784 2376 840 2439 ubi
856 2377 1008 2440 Verbum
1028 2385 1062 2440 et
1079 2371 1189 2440 ecclesia
1226 2342 1231 2349 ¹

111 2473 165 2534 ubi
189 2492 256 2534 non
281 2471 442 2545 Verbum,
468 2471 608 2553 proinde
631 2472 685 2552 qui
713 2473 746 2533 in
769 2473 855 2533 veris
879 2471 1102 2552 spiritualibus
1121 2478 1146 2531 et
1165 2466 1188 2526 in

110 2567 196 2627 veris
210 2586 276 2627 nom
290 2566 528 2646 spiritualibus,
544 2566 741 2645 gaudebunt
758 2576 896 2646 propter
913 2585 1054 2646 regnum
1069 2559 1187 2626 Domini:

111 2680 169 2740 per
187 2666 338 2721 “terram
348 2659 362 2681 ”
379 2657 587 2739 significatur
602 2659 746 2721 ecclesia
763 2659 817 2721 ubi
835 2658 999 2731 Verbum,
1017 2669 1051 2721 et
1067 2677 1118 2739 per
1132 2654 1187 2714 “in-

110 2752 200 2814 sulas
208 2753 223 2777 ”
240 2754 293 2814 ubi
312 2752 559 2835 momVerbum,
578 2752 717 2833 proinde
736 2753 791 2833 qui
811 2753 935 2814 remoti
953 2773 973 2814 a
989 2753 1074 2814 veris
1088 2748 1188 2832 spiritu·

110 2847 216 2908 alibus
237 2857 325 2918 sunt,
347 2866 425 2908 nam
445 2866 523 2908 vera
540 2845 645 2907 Verbi
668 2856 746 2907 sunt
771 2845 880 2907 solum
904 2845 1103 2925 spiritualia;
1125 2835 1188 2920 apud

110 2941 186 3003 illos
202 2951 317 3003 autem
334 2942 388 3023 qui
405 2950 504 3002 extra
520 2939 700 3002 ecclesiam
718 2948 807 3012 sumt,
822 2940 899 3020 quia
917 2958 985 3001 non
1003 2939 1121 3001 habent
1133 2949 1188 2994 vem

110 3057 154 3098 ex
170 3036 295 3108 Verb0,
310 3045 388 3096 sunt
405 3034 514 3096 solum
528 3054 606 3095 vera
623 3033 809 3108 naturalia;
833 3032 912 3095 inde
930 3043 983 3095 est
1001 3033 1086 3114 quod
1103 3031 1188 3090 “insu-

111 3132 186 3194 lae’'
209 3133 373 3192 dicantur.
419 3129 480 3190 Per
505 3127 683 3190 “insulas'’
706 3129 738 3190 in
759 3126 875 3188 Verbo
899 3146 967 3188 non
992 3125 1189 3205 intelliguntur

109 3226 242 3307 aliquae
272 3224 399 3286 insulae
429 3223 540 3295 maris,
574 3222 633 3283 sed
664 3220 901 3301 intelliguntur
932 3221 1009 3283 loca
1038 3223 1070 3282 in
1096 3211 1188 3280 mundo

110 3318 273 3402 spirituali
296 3318 451 3379 habitata
474 3316 518 3378 ab
540 3316 606 3377 illis
633 3316 687 3397 qui
715 3316 748 3377 im
773 3314 917 3377 naturali
944 3316 1084 3378 scientia
1103 3305 1188 3408 cogni:

110 3418 240 3478 tionum
260 3413 472 3495 aliquatenus
492 3411 775 3473 concordantium
795 3429 871 3471 cum
889 3409 1129 3490 cognitionibus
1141 3415 1188 3462 ven

109 3521 144 3573 et
163 3511 242 3572 boni
262 3528 347 3590 quae
367 3508 399 3568 in
420 3504 546 3577 Verbo,
568 3525 654 3587 quae
675 3504 752 3567 loca
775 3503 819 3566 ibi
839 3505 1042 3586 quandoque
1060 3501 1187 3584 apparent

109 3605 196 3665 sicut
209 3601 338 3665 insulae
355 3602 386 3663 in
402 3600 484 3661 mari
501 3620 509 3675 3
533 3599 611 3660 inde
627 3600 659 3660 in
673 3618 773 3660 sensu
787 3595 960 3659 abstrabio
974 3618 1033 3679 per
1050 3581 1187 3659 “insulas'‘

109 3697 342 3778 significantur
361 3715 440 3756 vera
461 3692 624 3755 naturalis
648 3691 813 3768 hominis;
841 3692 1074 3754 denominatio
1093 3687 1138 3751 illa
1152 3684 1187 3784 eil

109 3813 153 3853 ex
173 3793 255 3852 mari
280 3792 311 3852 in
332 3810 398 3871 quo
417 3788 558 3860 insulae,
579 3806 658 3848 narn
680 3784 824 3847 “mare''
840 3783 1010 3865 significat
1034 3789 1187 3847 commun¹2

109 3886 188 3958 veri,
214 3905 272 3946 seu
296 3904 376 3945 vera
400 3881 561 3944 naturalis
589 3879 735 3941 hominis
762 3880 794 3941 in
818 3879 1000 3941 communi.
1048 3877 1132 3940 Haec
1149 3880 1188 3951 pel

110 3978 264 4040 “insulas
273 3977 287 4001 ”
307 3975 541 4057 significantur
560 3975 593 4036 in
616 3973 742 4047 Genesi,

159 4130 176 4149 ‘⁸
186 4126 245 4176 Filii
257 4125 343 4190 Javan
358 4133 433 4172 erant
453 4122 579 4171 Elischah
591 4132 619 4170 et
632 4120 821 4178 Tharschisch,
837 4120 953 4170 Kirmim
971 4129 1000 4170 et
1018 4117 1154 4170 Dodaoim:
1168 4115 1190 4155 ὅ

238 4191 279 4239 his
289 4191 428 4251 dispersae
438 4199 501 4237 sunt
513 4187 616 4236 insulae
628 4187 750 4247 gentium
763 4186 791 4234 im
804 4187 881 4263 terris
892 4187 956 4262 suis,
969 4187 1080 4269 quisque
1089 4185 1151 4247 juna
1158 4175 1192 4225 11⁰·

237 4270 318 4318 guam
331 4269 416 4311 suam,
427 4254 504 4316 juxta
515 4252 633 4301 familias
645 4266 717 4309 suas,
732 4252 760 4299 ln
772 4252 897 4312 genubus
909 4250 980 4299 surs’
1001 4252 1036 4311 (x.
1048 4265 1073 4311 4,
1086 4252 1121 4311 5);

107 4392 142 4444 et
162 4379 251 4461 apud
270 4377 422 4452 Esaiam,
