2684 4988
112 453 181 538 766,
424 469 676 520 avocatresrs
698 471 927 525 nuvercam.

114 661 195 723 erga
217 640 429 723 proximum
455 662 514 723 per
533 640 673 705 “oleum
698 640 888 707 unt'tionis”
906 644 1035 709 bonurn
1058 644 1208 709 amorisiu

114 734 297 798 Dominum
320 756 340 798 a
362 736 520 810 Domino,
544 747 579 799 et
603 757 662 818 per
685 737 826 800 “oleum
850 737 1064 802 lucernarum
1073 739 1089 764 ”
1109 739 1206 803 maun

114 829 287 893 charitatis
306 851 326 892 a
346 830 493 893 Domino
513 850 594 912 erga
613 833 816 912 proximum.

171 941 332 1024 376[a].
363 940 541 1004 Hadtenus
559 951 737 1005 ostensum
757 946 921 1026 estquod
941 944 1088 1008 “oleum
1096 944 1112 969 '’
1124 943 1204 1024 signia

113 1037 191 1103 ficet
207 1040 331 1102 bonum
349 1039 507 1111 caeleste,
520 1039 610 1122 quod
627 1049 680 1102 est
696 1040 823 1103 bonum
840 1044 965 1104 amoris
981 1044 1014 1104 in
1032 1041 1202 1117 Dominum

114 1152 201 1196 nunc
231 1133 333 1195 etiam
364 1133 563 1195 ostendetur
592 1134 682 1215 quod
712 1136 857 1199 “vinum
868 1135 883 1161 ”
910 1136 1080 1216 significet
1107 1137 1202 1199 mauu

113 1226 296 1308 spirituale,
320 1226 409 1309 quod
438 1238 490 1290 est
517 1227 642 1290 bonum
666 1227 843 1292 charitatis
869 1250 952 1311 erga
979 1232 1158 1312 proximum
1175 1238 1201 1291 et

113 1322 237 1383 bonum
255 1319 349 1398 fidei3
374 1330 408 1383 et
425 1322 502 1403 quia
520 1321 584 1384 hoc
604 1323 730 1384 bonum
746 1324 779 1384 in
796 1344 856 1387 sua
868 1327 1023 1388 essentia
1038 1335 1090 1388 est
1104 1339 1199 1395 verum

113 1415 189 1477 ideo
211 1416 244 1477 in
268 1416 437 1478 communi
460 1414 689 1496 explicatione
708 1415 835 1480 didlum
854 1428 907 1481 est
926 1420 1019 1500 quod
1040 1418 1200 1481 “oleantt

112 1509 225 1571 vinum
243 1530 285 1572 ne
301 1508 459 1572 laeseris”
471 1507 638 1590 significet
654 1511 745 1591 quod
762 1531 829 1574 non
846 1512 1008 1575 damnum
1026 1510 1199 1575 inserendum

112 1603 154 1666 sit
171 1605 282 1666 sensui
298 1605 431 1667 interno
447 1605 684 1684 seuspirituali
697 1604 802 1667 Verbi
820 1626 882 1669 nec
898 1606 1011 1689 quoad
1028 1608 1144 1669 bonum
1156 1620 1199 1664 nec

112 1700 222 1780 quoad
240 1718 376 1773 verum;
400 1719 458 1761 seu
476 1697 566 1779 quod
589 1698 691 1773 idem,
710 1700 801 1781 quod
820 1721 889 1763 non
905 1701 1069 1765 damnum
1086 1699 1200 1763 inseren-

112 1793 190 1855 dum
210 1794 253 1856 sit
277 1792 374 1855 bonis
393 1802 428 1854 et
448 1793 533 1854 veris
553 1813 638 1874 quae
660 1794 693 1855 in
712 1814 813 1857 sensu
837 1796 972 1858 interno
991 1816 1051 1858 seu
1068 1787 1201 1876 spirituali

111 1886 226 1949 Verbi.
258 1885 358 1967 Quod
372 1887 496 1948 bonum
507 1886 681 1950 charitatis
694 1900 728 1952 et
742 1888 867 1951 bonum
880 1887 957 1952 fidei
970 1890 1004 1951 in
1015 1908 1075 1951 sua
1084 1883 1204 1953 essentia

112 1981 155 2043 sit
175 2001 301 2053 verum,
322 1991 374 2042 est
394 1981 470 2062 quia
488 1980 521 2043 id
545 1980 670 2043 bonum
691 1982 911 2064 implantatur
930 2004 950 2044 a
975 1982 1119 2045 Domino
1139 1971 1207 2062 parii

111 2074 331 2138 intelle&uali
353 2074 497 2138 hominis
515 2095 575 2155 per
593 2096 673 2138 vera
690 2097 777 2158 quae
795 2075 873 2139 fidei
892 2087 1077 2154 vocantur;
1100 2084 1210 2140 etcum

110 2169 213 2233 homo
236 2171 318 2233 vivit
341 2170 526 2232 secundum
550 2168 606 2231 illa
628 2180 710 2232 tunc
735 2192 815 2234 vera
837 2170 894 2233 illa
916 2171 1002 2235 fiunt
1028 2173 1126 2243 bona,
1146 2176 1216 2232 nm

112 2284 169 2346 per
188 2285 267 2327 vera
289 2265 321 2325 in
346 2262 402 2325 illa
425 2273 522 2344 parte
544 2263 706 2326 formatur
725 2285 813 2327 nova
831 2265 1001 2338 voluntas,
1022 2277 1057 2329 et
1075 2248 1223 2347 quicquid

110 2379 155 2420 ex
171 2358 348 2421 voluntate
365 2359 518 2439 procedit
538 2359 602 2421 hoc
619 2370 761 2421 vocatur
776 2361 912 2422 bonum.
959 2360 1057 2424 Haec
1072 2361 1227 2423 voluntils

111 2454 213 2515 etiam
234 2453 352 2515 eadem
372 2462 423 2514 est
444 2472 518 2514 curn
538 2454 767 2529 conscientia;
792 2465 826 2516 et
846 2455 1056 2517 conscientia
1073 2464 1125 2517 est
1144 2457 1227 2517 col·

111 2548 251 2609 scientia
267 2547 335 2610 veri
351 2547 427 2627 quia
444 2546 605 2609 formatur
624 2567 682 2628 per
697 2569 777 2610 vera
793 2550 901 2611 omnis
918 2549 1064 2629 generis,
1080 2568 1165 2631 quae
1206 2550 1227 2594 Ε

110 2635 266 2701 ὀοὲὶτίηα
293 2637 458 2700 ecclesiae
486 2648 521 2701 et
548 2659 592 2700 ex
619 2637 727 2701 Verbi
754 2659 856 2702 sensu
884 2640 1022 2703 litterae
1046 2654 1221 2710 (numism

109 2734 234 2780 videantur
249 2735 318 2792 plum
332 2734 357 2778 ln
373 2734 492 2778 Domina
508 2736 590 2779 Neam
607 2735 792 2793 Hierosolyma.
804 2749 827 2781 n.
841 2724 964 2793 rgo-1381*
977 2745 1002 2780 et
1018 2736 1054 2795 [ln
1069 2721 1217 2782 miraeus]

109 2817 213 2862 Arcano
226 2816 404 2866 caereorum.
418 2818 542 2873 139-141).
587 2801 672 2863 Inde
691 2821 781 2864 nunc
800 2812 852 2865 est
872 2802 964 2882 quod
984 2822 1045 2882 per
1062 2803 1227 2863 “vinuil

110 2891 316 2973 significetur
331 2912 456 2954 verum.
503 2893 681 2956 Praeterea
696 2904 775 2956 sunt
791 2894 880 2956 bona
896 2904 931 2956 et
948 2914 1029 2957 vera
1044 2895 1214 2957 interna

108 2996 273 3063 externa;
297 2988 387 3050 bona
405 2997 440 3049 et
460 3008 538 3049 vera
557 2988 690 3050 interna
708 2986 940 3068 significantur
959 3008 1019 3069 per
1036 2988 1208 3052 “oleum

110 3081 247 3144 vinum''
266 3102 351 3163 quae
370 3101 437 3144 non
462 3080 629 3144 laedenda
647 3090 746 3156 sunt;
770 3091 806 3144 at
825 3083 914 3145 bona
933 3092 968 3144 et
988 3103 1069 3145 vera
1086 3087 1227 3145 exte¹

108 3175 341 3258 significantur
367 3196 426 3256 per
451 3176 631 3238 “triticum
658 3185 694 3238 et
721 3175 914 3239 hordeum.”
967 3174 1064 3239 Bona
1090 3186 1125 3239 et
1150 3180 1227 3237 il<

109 3282 253 3334 externa
272 3280 350 3333 sunt
370 3291 454 3352 quae
473 3271 506 3332 in
525 3290 626 3332 sensu
646 3269 780 3333 litterae
800 3264 904 3333 Verbi
923 3281 1014 3345 sunt,
1030 3281 1068 3334 at
1087 3271 1214 3334 bona·

108 3387 188 3429 vera
207 3367 339 3428 interna
355 3375 433 3427 sunt
449 3384 534 3446 quae
553 3365 586 3426 in
604 3384 703 3426 sensu
720 3365 853 3427 interno
869 3384 927 3426 seu
944 3365 1109 3444 spirituali
1124 3362 1227 3426 Ver

110 3472 208 3538 sunt;
232 3481 290 3522 seu
311 3461 402 3522 bona
420 3468 455 3521 et
475 3479 554 3520 vera
574 3468 717 3521 externa
736 3468 813 3521 sunt
834 3457 944 3539 qualia
966 3459 1000 3520 in
1023 3457 1178 3521 inferiori
1189 3446 1227 3507 ll

110 3556 211 3619 caelis
227 3555 315 3636 apud
334 3554 475 3635 angelos
493 3553 549 3627 ibi,
567 3573 688 3634 nempe
707 3555 740 3615 in
760 3552 886 3615 ultimis
901 3552 1008 3629 caeli;
1031 3562 1068 3616 at
1087 3553 1227 3617 bona¹

109 3671 189 3714 vera
204 3646 337 3712 interna
353 3659 430 3711 sunt
447 3647 557 3730 qualia
574 3649 606 3711 in
623 3647 725 3710 caelis
742 3648 964 3729 superioribus
982 3647 1071 3729 apud
1087 3629 1227 3729 angel*

108 3746 165 3819 ibi,
179 3764 301 3825 nempe
312 3745 346 3806 in
360 3745 461 3807 tertio
474 3753 509 3806 et
521 3743 691 3818 secundo;
714 3742 798 3805 haec
815 3742 905 3805 bona
919 3751 955 3806 et
968 3762 1048 3803 vera
1063 3751 1143 3805 sunt
1157 3739 1227 3813 11²

110 3840 198 3902 bona
221 3847 254 3900 et
275 3859 353 3900 vera
376 3838 533 3918 genuina,
552 3845 588 3898 at
612 3835 669 3897 illa
692 3846 770 3898 sunt
788 3856 868 3898 vera
890 3845 925 3898 et
948 3835 1038 3898 bona
1057 3835 1136 3917 quia
1153 3838 1227 3897 σθ

110 3933 327 4015 respondent,
352 3933 400 3994 ita
427 3930 769 4011 correspondentiae;
801 3928 857 3992 illa
884 3922 1227 3993 communicatione

110 4027 340 4090 immediatam
357 4026 484 4088 habent
501 4045 576 4088 curn
593 4024 724 4105 angelis
740 4023 835 4098 caeli,
849 4024 933 4085 haec
950 4033 1064 4087 autem
1081 4045 1150 4088 non
1174 4017 1227 4081 iss

108 4123 292 4189 mediatam
316 4121 376 4183 sed
402 4119 586 4183 mediatam
614 4139 672 4200 per
695 4117 1022 4199 correspondentias.
1068 4118 1153 4182 Inde
1185 4120 1227 4169 ⁶

108 4217 198 4300 quod
220 4216 350 4298 Judaei,
369 4216 446 4298 quia
468 4213 576 4277 solum
601 4214 633 4275 in
655 4232 756 4275 sensu
778 4211 913 4274 litterae
934 4210 1078 4287 fuerunt,
1099 4220 1135 4276 et
1158 4213 1227 4271 τι(

107 4315 141 4376 in
169 4311 365 4393 cognitione
388 4310 430 4372 de
458 4307 706 4390 significatione
729 4326 837 4369 rerum
864 4306 897 4369 in
925 4326 1025 4369 sensu
1051 4307 1227 4388 spiritua

108 4427 177 4471 non
205 4405 376 4488 potuerint
396 4405 558 4466 damnum
585 4401 703 4465 inferre
731 4399 841 4465 sensui
870 4399 1032 4482 spirituali
1058 4398 1138 4480 ejus,
1165 4411 1189 4457 n
1205 4403 1227 4439 ⁴
