2684 4988
171 497 236 570 ⁶6⁹
401 556 404 561 .
479 513 731 568 nrocnurrsrs
751 514 978 566 exemeras.

172 688 275 763 altari
293 688 432 761 animas
450 690 652 762 occisorum
670 704 820 784 propter
837 689 1002 762 Verbum
1023 687 1105 768 Dei,
1125 702 1163 759 et
1180 712 1286 782 prop·

171 819 228 877 ter
245 803 491 875 testimonium
510 803 609 898 quod
628 803 821 875 habebant.

144 907 150 918 ¹
228 940 282 990 10.
315 917 361 988 Et
379 916 581 989 clamabant
595 943 685 989 voce
705 942 850 1014 magna,
865 916 1041 998 dicentes,
1054 916 1183 1010 Usque
1202 941 1288 1009 quo,

174 1031 348 1113 Domine,
362 1032 424 1127 qui
444 1029 602 1104 Sanctus
620 1047 658 1104 et
676 1031 809 1113 Verus,
824 1056 897 1103 non
912 1030 1052 1128 judicas
1069 1045 1108 1101 et
1127 1028 1290 1100 vindicas

172 1146 392 1242 sanguinem
412 1163 574 1218 nostrum
593 1146 640 1218 de
659 1145 904 1219 habitantibus
922 1165 1033 1240 super
1050 1142 1169 1216 terra?

228 1284 282 1332 11.
319 1260 366 1332 Et
384 1260 490 1333 datae
503 1260 654 1357 singulis
671 1258 786 1332 stolae
805 1259 931 1342 albae;
959 1275 997 1331 et
1011 1257 1148 1330 dictum
1165 1259 1231 1340 εἰς,
1250 1276 1290 1331 ut

173 1375 446 1471 requiescerent
463 1375 583 1447 adhuc
600 1390 743 1471 tempus
761 1400 927 1469 parvum,
946 1399 1062 1469 usque
1081 1373 1169 1445 dum
1189 1400 1289 1446 corn-

173 1487 319 1584 plentur
338 1505 375 1561 et
396 1488 565 1561 conservi
587 1515 716 1563 eorum
737 1506 775 1561 et
797 1488 922 1561 fratres
943 1514 1083 1570 eorum,
1101 1489 1163 1583 qui
1185 1489 1290 1559 futuri

174 1602 289 1676 occidi
307 1604 400 1675 sicut
417 1619 455 1676 et
473 1602 533 1676 illi.

213 1741 216 1746 ·
229 1740 283 1790 12.
320 1717 367 1788 Et
382 1717 454 1789 vidi
468 1742 582 1813 quum
596 1717 798 1813 aperuisset
811 1714 968 1814 sigillum
983 1726 1140 1797 sextum,
1154 1732 1191 1788 et
1206 1740 1291 1788 ecce

172 1847 291 1904 terrae
310 1848 432 1904 motus
449 1852 605 1929 magnus
624 1827 740 1904 iaetus
757 1846 824 1913 est,
843 1847 880 1904 et
898 1831 952 1904 sol
973 1829 1089 1903 sadus
1106 1847 1164 1903 est
1187 1831 1293 1927 niger

173 1961 346 2043 tanquam
374 1970 500 2019 saccus
528 1945 698 2031 cilicinus,
727 1960 765 2018 et
793 1944 877 2018 luna
906 1943 1002 2018 sacta
1032 1955 1089 2017 est
1116 1960 1291 2040 tanquam

174 2060 335 2158 sangnis.

231 2200 285 2269 13.
321 2177 369 2248 Et
387 2175 514 2250 stellae
532 2174 622 2249 caeli
640 2175 850 2248 ceciderunt
869 2176 903 2248 in
927 2192 1072 2254 terrain,
1090 2175 1182 2246 sicut
1202 2173 1292 2246 ficus

174 2290 295 2388 dejicit
311 2316 464 2387 grossos
480 2316 569 2363 suos
585 2315 608 2363 a
626 2314 763 2387 magno
781 2306 894 2362 vento
910 2315 1098 2362 concussa.

231 2428 285 2495 14·
322 2405 370 2476 Et
393 2404 535 2477 caelum
553 2404 729 2477 abscessit
751 2418 926 2499 tanquam
948 2403 1039 2476 liber
1055 2401 1292 2482 convolutus;

175 2533 213 2590 et
231 2519 353 2591 omnis
372 2539 479 2591 mons
497 2534 536 2591 et
554 2517 670 2591 insula
687 2543 709 2590 e
726 2516 812 2590 locis
830 2517 905 2589 suis
923 2531 1048 2590 emota
1064 2532 1160 2588 sunt.

230 2634 285 2704 15.
321 2632 369 2704 Et
390 2656 497 2729 reges
518 2647 649 2714 terrae,
668 2647 706 2704 et
728 2647 918 2728 magnates
939 2647 978 2704 et
998 2630 1140 2711 divites,
1158 2645 1196 2702 et
1218 2628 1291 2702 chi-

174 2744 295 2819 liarchi
324 2762 361 2818 et
389 2762 571 2842 potentes,
598 2762 637 2818 et
666 2745 786 2818 omnis
813 2770 942 2817 servus
973 2760 1011 2817 et
1041 2744 1160 2817 omnis
1190 2743 1293 2824 liber,

50 2857 63 2885 ⁶
174 2860 445 2934 absconderunt
467 2885 508 2933 se
535 2861 635 2956 ipsos
659 2860 696 2932 in
719 2858 902 2956 speluncis
926 2875 964 2932 et
987 2860 1023 2932 in
1051 2858 1163 2954 petris
1187 2883 1291 2930 mon-

174 2975 276 3047 tium.

231 3094 285 3161 16.
321 3089 369 3174 Et
380 3088 549 3161 dicebaut
563 3089 748 3162 montibus
762 3103 801 3161 et
814 3089 935 3183 petris,
946 3087 1078 3161 Cadite
1089 3110 1202 3182 super
1214 3110 1293 3168 nos,

175 3218 214 3276 et
231 3203 444 3275 abscondite
463 3228 530 3275 nos
552 3228 574 3275 a
594 3203 684 3275 facie
705 3202 879 3275 Sedentis
896 3228 1008 3298 super
1025 3202 1169 3283 throno,
1188 3217 1227 3273 et
1247 3201 1296 3273 ab

175 3317 228 3392 ira
245 3317 358 3415 Agni.

232 3447 286 3521 17.
322 3431 419 3524 Quia
433 3429 536 3504 venit
551 3430 632 3504 dies
645 3452 804 3529 magnus
818 3430 892 3504 irae
907 3430 1007 3528 Ejus,
1021 3444 1060 3503 et
1076 3429 1158 3526 quis
1171 3441 1296 3526 potest

175 3543 401 3620 consistere?

589 3846 880 3897 EXPLICATIO.

645 4008 748 4047 VIRSUS
762 4010 784 4057 1,
796 4011 820 4048 2.

234 4112 263 4180 3
293 4115 338 4164 00
365 4119 411 4160 “ft
419 4120 464 4162 oto!
470 4129 519 4161 cum
527 4121 654 4170 ommam
663 4119 735 4172 donor
744 4121 836 4171 prim
845 4131 873 4163 or
881 4121 969 4172 etotme,
977 4124 1000 4163 ot
1008 4122 1084 4162 nullo!
1091 4130 1156 4163 rm
1165 4130 1193 4163 cx
1202 4127 1299 4172 unatim

175 4177 267 4219 autmari
294 4188 306 4220 r
320 4179 511 4230 uicensimum
526 4190 576 4221 ooo·
589 4180 687 4227 tonttrut.
702 4180 754 4221 ren!
764 4183 788 4222 ot
801 4181 882 4230 noluo.
910 4180 936 4221 fr
950 4180 999 4229 utet,
1011 4183 1035 4222 et
1047 4191 1097 4221 coco
1110 4191 1179 4230 corruo
1190 4183 1260 4230 attur.
1274 4187 1298 4224 ot

176 4235 258 4277 mem
268 4245 336 4285 rum
346 4236 384 4277 mo
393 4236 477 4278 natm
487 4244 568 4285 vorm.
580 4238 604 4278 ot
612 4237 666 4278 datu
676 4237 699 4278 et
708 4247 795 4286 eom«.
806 4239 830 4279 ot
838 4238 908 4279 ertvtt
918 4237 1006 4279 utrum
1016 4239 1040 4279 ot
1048 4239 1073 4278 ut
1083 4237 1203 4278 vtnmaet.''

212 4370 233 4408 1.
259 4359 306 4411 Ἐἰ
318 4358 388 4416 rl'di,'u
396 4359 516 4423 significat
526 4361 751 4425 manifestationem
759 4368 870 4410 statuum
880 4378 964 4409 eorum
974 4362 1020 4425 qui
1030 4361 1061 4409 ab
1068 4361 1165 4408 ecclesia
1178 4361 1224 4409 ubi
1239 4362 1295 4409 Ver·

308 4427 366 4504 husu
381 4426 420 4492 [n.
433 4426 510 4542 351AE
529 4434 602 4506 ‘cum
614 4425 763 4505 operuisset
773 4426 858 4493 Agnus
872 4427 984 4494 primum
1002 4442 1033 4478 or
1045 4426 1158 4504 sigillis(
1170 4426 1294 4490 significat

302 4500 418 4558 prumam
434 4509 451 4541 a
511 4509 580 4542 mino
596 4493 821 4558 mantsestahonem
841 4493 881 4561 [n.
899 4492 978 4559 352]3
999 4497 1047 4545 “ot
1061 4493 1150 4544 dudm
1167 4507 1245 4544 unum
1264 4509 1294 4544 οι
