2684 4988
359 502 438 553 cna.
455 502 531 564 v11.,
548 502 653 552 vans.
670 502 781 570 9.-u.
797 504 837 571 45
843 487 924 572 3[b]‚
1119 502 1198 569 1153

104 683 113 734 t
135 674 338 736 “numerari
348 672 363 696 ”
390 673 480 735 aliud
512 671 681 754 significet
712 674 746 735 in
773 693 874 736 sensu
901 671 1066 755 spirituali
1093 671 1199 734 Verbi

104 786 176 847 ,uam
194 769 227 829 in
252 767 374 830 littera
393 788 451 831 seu
471 768 504 830 in
523 787 625 830 sensu
643 767 714 848 ejus
733 768 891 842 naturali,
912 768 1016 829 etiam
1040 775 1198 829 constare

104 871 192 941 >otest
207 883 254 925 ex
271 883 327 936 eo,
345 862 435 943 quod
452 863 485 925 in
501 861 598 925 caelo
614 863 703 943 apud
720 861 862 943 angelos
880 863 924 924 ibi
940 863 973 924 in
987 863 1063 923 idea
1081 880 1197 923 eorum

104 955 240 1036 spirituali
260 976 331 1019 non
351 957 419 1019 sint
439 957 569 1019 numeri
588 966 622 1019 et
642 976 830 1029 mensurae,
851 956 915 1019 hoc
936 966 999 1029 est,
1020 957 1109 1037 quod
1130 974 1198 1018 non

104 1052 231 1131 cogitent
256 1072 304 1114 ex
328 1052 564 1114 numeratione
588 1061 646 1113 aut
671 1052 935 1126 mensuratione,
956 1050 1015 1113 sed
1039 1071 1085 1113 ex
1108 1051 1198 1132 quali

106 1146 154 1221 rei;
173 1166 254 1227 quae
269 1147 440 1227 cogitatio
456 1165 572 1208 eorum
586 1146 678 1208 cadit
696 1147 729 1207 in
746 1165 905 1208 numeros
921 1155 956 1208 et
973 1146 1006 1207 in
1024 1164 1198 1207 mensuras

108 1240 214 1320 quando
231 1239 405 1303 delabitur
424 1241 502 1303 inde
526 1241 560 1302 in
584 1239 765 1322 sphaeram
785 1239 996 1302 naturalem:
1020 1248 1056 1301 et
1081 1248 1196 1300 tamen

109 1329 229 1397 Verbum
246 1337 413 1416 scriptum
430 1345 483 1398 est
503 1355 610 1416 aeque
630 1355 691 1416 pro
704 1334 837 1415 angelis
849 1354 888 1397 ac
906 1355 966 1416 pro
983 1332 1196 1410 hominibus;

110 1444 184 1507 quare
204 1429 319 1511 angeli
343 1431 535 1512 percipiunt
559 1449 619 1510 per
642 1448 800 1491 numeros
823 1447 862 1491 ac
887 1449 946 1509 per
969 1447 1144 1489 numerare
1163 1428 1197 1489 in

110 1517 197 1586 Verbo
218 1524 319 1606 quale
343 1525 389 1586 rei
413 1525 456 1586 de
479 1544 545 1606 qua
568 1524 691 1605 agitur,
716 1543 792 1586 cum
821 1523 976 1585 homines
999 1520 1196 1602 intelligunt

110 1631 236 1680 numeros
253 1627 288 1680 et
307 1637 504 1694 numerare;
529 1619 618 1699 quod
638 1617 749 1680 adhuc
769 1626 929 1680 constare
949 1625 1065 1697 potest
1082 1636 1126 1677 ex
1143 1635 1195 1689 eo,

108 1711 173 1789 quod
194 1714 421 1794 unusquisque
446 1731 604 1774 numerus
626 1713 660 1774 in
680 1711 797 1775 Verbo
817 1710 984 1791 significet
1004 1709 1130 1792 aliquid
1149 1710 1197 1773 rei

108 1811 149 1862 aul
161 1813 268 1865 Status
291 1821 333 1878 (de
344 1833 393 1876 qua
407 1833 431 1864 re
442 1833 521 1877 supra.
532 1833 556 1865 n.
570 1819 640 1882 203,
654 1802 725 1882 336,
735 1819 809 1883 429,
819 1818 906 1881 430).

151 1894 205 1978 [ln]
236 1894 409 1977 Quoniam
426 1897 596 1979 aliquibus
615 1899 647 1959 in
667 1897 751 1959 locis
771 1897 804 1958 in
824 1895 942 1958 Verbo
961 1895 1084 1959 dicitur
1104 1902 1195 1957 “nu-

107 1988 238 2063 merare’'
254 1999 289 2052 et
307 2009 367 2070 per
383 1990 415 2051 id
433 1988 642 2070 significatur
656 2010 755 2051 nosse
772 1989 871 2070 quale
887 1990 944 2061 rei,
959 1999 994 2051 et
1011 1987 1196 2050 secundum

105 2077 131 2141 id
147 2083 293 2146 ordinare
317 2094 353 2146 et
377 2084 567 2165 disponere,
588 2083 690 2146 velim
713 2082 772 2145 illa
795 2083 872 2145 loca
890 2084 994 2145 etiam
1018 2083 1051 2144 in
1075 2081 1196 2145 confir·

107 2178 266 2240 mationem
286 2178 456 2241 adducere
469 2177 626 2259 :-Apud
645 2176 799 2252 Esaiam,

142 2311 213 2361 “Vox
230 2312 362 2361 tumultus
380 2327 523 2374 regnorum
541 2312 660 2373 gentium
679 2321 918 2373 congregatarum
938 2311 1060 2375 Jehovah
1078 2310 1197 2360 Zebaoth

208 2392 355 2428 numerans
369 2378 513 2426 exercitum
527 2378 589 2425 belli
597 2377 611 2396 ''
623 2378 688 2439 (xiil.
700 2378 725 2439 4)
737 2393 742 2426 :

104 2519 148 2581 per
166 2511 297 2588 “regna
324 2508 480 2588 gentium
507 2504 825 2586 congregatarum,”
848 2524 987 2587 quarum
1016 2505 1193 2579 tumultus,

104 2614 154 2660 non
173 2600 408 2682 intelliguntur
431 2612 553 2683 gentes
577 2621 595 2663 e
622 2601 736 2681 regnis
760 2609 1002 2680 congregatae,
1027 2609 1081 2662 est
1104 2601 1195 2663 enim

104 2695 316 2776 propheticum
336 2705 371 2758 et
391 2716 458 2758 non
478 2696 698 2772 historicum;
722 2696 782 2757 sed
806 2715 865 2777 per
886 2701 1019 2775 “regna
1038 2697 1193 2775 gentium

104 2789 389 2873 congregatarum”
409 2789 642 2872 significantur
663 2789 749 2852 salsa
769 2788 848 2852 mali
871 2809 957 2871 quae
980 2789 1132 2853 lecerunt
1157 2803 1194 2855 ut

104 2882 314 2960 cohaererent,
339 2896 375 2950 et
402 2906 462 2968 per
487 2884 706 2949 “tumultus'’
730 2904 846 2947 eorum
870 2884 980 2946 minae
1004 2893 1039 2946 et
1066 2886 1196 2967 cupidi·

106 2980 176 3040 tates
196 2981 370 3062 pugnandi
394 2990 515 3043 contra
538 3000 637 3057 vera;
664 2978 824 3059 “regna''
843 2980 932 3041 enim
957 2980 1196 3060 praedicantur

106 3066 227 3137 deveris
245 3086 281 3138 et
301 3076 334 3136 in
354 3075 515 3156 opposito
533 3094 634 3136 sensu
653 3073 696 3136 de
715 3072 818 3144 falsis,
839 3093 878 3135 ac
898 3073 1074 3153 “gentes'’
1090 3075 1196 3155 signi·

106 3156 186 3228 ficunt
206 3166 298 3229 bona
320 3176 356 3230 et
382 3167 416 3228 in
439 3167 600 3248 opposito
622 3185 724 3227 sensu
747 3164 838 3226 mala
861 3181 1072 3238 (videatursupra,
1087 3195 1110 3226 n.
1131 3180 1197 3247 175,

108 3263 178 3330 33u;
204 3267 239 3320 et
263 3255 487 3318 “tumultus’'
510 3256 632 3318 dicitur
654 3254 697 3317 de
723 3255 913 3335 cupiditate
936 3256 1122 3335 pugnandi,
1142 3256 1197 3320 hic

106 3356 199 3410 contra
227 3368 328 3411 vera:
367 3347 549 3428 “Jehovah
584 3345 741 3410 Zebaoth
772 3366 953 3409 numerans
983 3347 1197 3410 exercitum''

106 3434 248 3518 Significat
264 3443 517 3505 ordinationem
532 3462 688 3504 verorum
704 3462 749 3504 ex
766 3441 856 3503 bono
873 3461 893 3503 a
913 3441 1060 3503 Domino
1077 3452 1198 3505 contra

106 3525 169 3598 falsa
184 3559 227 3601 ex
246 3537 359 3614 malo;
384 3537 550 3599 Dominus
574 3538 606 3598 in
626 3536 743 3599 Verbo
762 3545 904 3598 vocatur
926 3535 1106 3616 “Jehovah
1132 3536 1196 3600 Ze·

104 3617 210 3694 broth'’
224 3654 270 3696 ex
288 3633 377 3694 veris
392 3641 428 3694 et
445 3632 542 3694 bonis
558 3631 788 3713 pugnantibus
805 3640 925 3693 contra
938 3630 1022 3692 salsa
1035 3640 1069 3693 et
1083 3631 1173 3694 mala
1189 3653 1196 3710 ;

104 3715 223 3790 Zebaoth
246 3727 337 3790 enim
365 3724 533 3807 significat
561 3726 744 3800 exercitus,
768 3735 803 3788 et
825 3724 1050 3787 “exercitus’'
1069 3725 1196 3807 signifi·

104 3829 164 3882 tant
180 3843 258 3885 vera
277 3832 313 3885 et
337 3821 428 3884 bona
450 3819 536 3883 caeli
555 3830 590 3883 et
613 3819 798 3897 ecclesiae;
825 3839 863 3882 ac
883 3825 1087 3882 “numerare
1096 3819 1111 3843 ’'
1127 3820 1196 3901 sig·

104 3910 193 3979 nificat
223 3918 381 3980 ordinare
409 3915 486 3992 illa;
518 3935 557 3978 ac
587 3913 767 3977 “bellum''
794 3933 943 3995 pugnam
975 3912 1195 3996 spiritualem.

104 4002 184 4091 Apud
202 4011 360 4084 eundem,

135 4143 251 4195 “Tollite
263 4144 291 4193 in
304 4143 388 4192 altum
400 4142 492 4192 oeulos
504 4152 617 4201 vestros,
632 4151 658 4191 et
670 4141 759 4191 videte
771 4142 830 4205 quis
843 4141 944 4191 creavit
958 4142 1031 4200 haec,
1046 4142 1091 4205 qui
1105 4142 1197 4193 eduxit

206 4213 235 4260 in
248 4224 390 4260 numerum
403 4210 548 4258 exercitum
560 4222 663 4266 eorum,
677 4222 772 4257 omnes
786 4208 894 4257 nomlne
908 4206 1007 4256 vocat”
1019 4207 1064 4269 (xl.
1076 4208 1133 4271 26):

104 4363 137 4410 er
155 4343 376 4408 “exercitum
400 4339 594 4404 caelorum”
617 4341 651 4403 in
674 4360 776 4403 sensu
799 4339 935 4403 litterae
958 4339 1196 4421 intelliguntur

104 4438 137 4516 al,
156 4437 238 4502 luna
252 4447 289 4501 et
305 4435 440 4511 stellae,
455 4453 534 4498 nam
550 4433 609 4497 illa
623 4445 789 4498 vocantur
804 4435 1005 4498 “exercitus
1019 4430 1196 4516 Jehovae''
