2684 4988
121 461 202 526 1166
432 473 680 524 nnocnnvnsrs
703 473 929 525 uxnnrcnrn.

175 640 276 722 436.
306 639 850 703 ‘Siootosoommthronooioomm
860 640 1227 723 Aquo.''-Quodsigni·

116 731 194 796 ficet
205 732 280 795 illos
291 733 325 794 in
335 753 436 813 regno
444 732 589 807 Domini,
601 742 739 796 constat
750 755 796 796 ex
806 733 1061 816 significatione
1074 742 1093 766 ‘⁴
1103 732 1225 808 throni,''

116 844 194 887 cum
210 825 254 886 de
272 824 434 898 Domin0,
452 825 543 907 quod
560 826 604 888 sit
620 824 755 887 caelum
771 837 805 889 et
822 824 982 901 ecclesia,
1000 827 1045 888 de
1061 848 1126 909 qua
1140 846 1218 909 supra

116 933 151 985 nn.
164 929 238 994 253)
256 936 263 989 ;
293 914 385 995 quod
406 934 466 996 per
486 915 659 995 “Agnum
671 914 686 937 ''
703 914 922 997 intelligatur
941 916 1111 979 Dominus
1128 916 1215 998 quoad

117 1004 278 1066 Divinum
294 1004 503 1077 Humanum,
516 1005 673 1067 videatur
685 1007 790 1068 etiam
804 1026 907 1088 supra
920 1022 956 1081 (n.
970 1024 1065 1087 314);
1088 1008 1159 1069 inde
1171 1026 1213 1087 per

118 1104 280 1158 “stantes
300 1115 415 1158 coram
439 1095 565 1159 throno
589 1105 625 1159 et
645 1095 775 1178 Agno”
794 1097 1006 1178 significatur
1025 1099 1113 1181 quod
1134 1097 1209 1160 illiin

116 1210 223 1271 regno
242 1190 378 1251 Domini
395 1191 473 1253 sint.
521 1189 680 1272 Regnum
698 1191 835 1254 Domini
852 1203 905 1254 est
923 1193 1057 1256 caelum
1076 1203 1109 1256 et
1126 1191 1208 1255 eccle·

117 1286 175 1358 sia,
204 1285 259 1346 ubi
290 1283 456 1347 Dominus
487 1285 609 1347 colitur
636 1294 671 1348 et
702 1287 758 1348 ubi
787 1289 989 1366 agnoscitur
1019 1285 1206 1350 Divinumin

118 1376 279 1440 Humano
293 1378 401 1460 Ipsius
414 1399 421 1455 ;
446 1398 565 1441 omnes
578 1378 625 1441 illi
638 1380 692 1463 qui
709 1380 742 1442 id
759 1391 953 1462 agnoscunt
968 1382 1081 1455 corde,
1095 1377 1205 1443 incaelo

116 1482 194 1534 sunt
211 1483 245 1535 et
266 1474 298 1534 in
316 1472 448 1535 caelum
466 1475 626 1549 veniunt;
650 1474 772 1537 dicitur
787 1475 843 1556 qui
861 1474 894 1537 id
914 1486 1106 1557 agnoscunt
1120 1473 1204 1546 corde,

116 1568 275 1650 quoniam
296 1587 483 1648 agnoscere
507 1568 539 1630 id
564 1588 665 1633 nemo
688 1578 804 1651 potest
825 1571 887 1631 nisi
906 1571 962 1652 qui
986 1572 1019 1632 in
1039 1572 1124 1633 bono
1140 1570 1205 1630 vitae

115 1670 168 1724 est
192 1672 226 1724 et
252 1662 331 1724 inde
355 1663 388 1724 in
413 1663 501 1724 veris
524 1659 717 1738 doctrinam
741 1665 774 1725 in
798 1665 896 1726 terris
920 1676 1064 1746 possunt
1087 1663 1168 1726 multi
1183 1659 1204 1723 il

115 1774 173 1818 ore
197 1757 319 1830 dicere,
344 1756 404 1819 sed
429 1777 535 1838 usque
559 1777 627 1819 non
651 1778 839 1839 agnoscere
863 1759 967 1822 corde
991 1761 1054 1822 nisi
1076 1759 1125 1840 qui
1144 1759 1205 1819 bene

116 1851 218 1926 vivit;
243 1862 280 1914 at
302 1861 380 1932 post
400 1853 506 1914 vitam
525 1853 558 1913 in
579 1853 705 1915 mundo
725 1873 793 1915 non
813 1863 928 1935 potest
949 1852 1045 1926 alius,
1066 1872 1154 1936 quarn
1168 1849 1205 1933 qui

115 1947 149 2009 in
165 1945 261 2009 caelo
278 1956 331 2009 est
351 1956 385 2009 et
406 1948 438 2008 in
457 1947 588 2009 caelum
606 1957 767 2011 venturus
784 1960 848 2020 est,
866 1949 899 2010 id
915 1969 974 2012 ore
991 1949 1109 2024 dicere,
1126 1949 1205 2011 minus
1224 1982 1228 1993 ·

115 2061 324 2122 agnoscere;
348 2042 408 2104 sed
427 2042 470 2105 de
490 2040 553 2104 hac
578 2063 613 2105 re
632 2041 735 2105 l'usius
754 2041 844 2106 alibi.

174 2162 271 2232 457.
300 2147 421 2209 ‘luduin'
434 2148 522 2210 stolis
544 2148 797 2230 ulbir.''-Quod
819 2149 991 2230 significet
1010 2150 1098 2232 quod
1108 2146 1205 2211 tuncin

115 2240 217 2314 veris,
240 2251 273 2302 et
298 2241 333 2302 in
360 2239 464 2303 tutela
490 2251 608 2303 contra
626 2240 737 2322 falsa,
763 2251 901 2305 constat
924 2263 969 2304 ex
995 2241 1204 2324 significatione

121 2334 262 2398 “stolae
285 2334 414 2409 albae,''
436 2335 526 2417 quod
553 2336 597 2397 sit
619 2336 772 2416 receptio
797 2336 909 2399 Divini
933 2336 1026 2410 Veri,
1051 2357 1088 2400 ac
1110 2332 1204 2399 tutatio

115 2436 238 2489 Contra
257 2426 342 2489 salsa
362 2445 403 2501 (de
414 2457 464 2500 qua
475 2456 500 2488 re
510 2457 592 2501 supra,
604 2457 627 2489 n.
641 2442 765 2507 395[α]).

174 2531 337 2615 458[a].
366 2531 424 2592 “fr
434 2531 558 2611 palmae
572 2532 603 2592 in
617 2531 754 2594 monibus
769 2532 1052 2614 eorum.''-Quod
1070 2528 1202 2612 significet

115 2628 149 2690 in
169 2629 248 2690 bono
263 2630 352 2691 vitae
367 2629 543 2692 secundum
559 2628 631 2703 illa,
649 2641 787 2693 constat
807 2652 852 2693 ex
872 2630 1115 2711 significatione
1131 2623 1202 2708 ‘'pnl-

117 2726 224 2797 mae‚”
240 2726 331 2807 quod
348 2728 391 2788 sit
409 2726 536 2788 bonum
553 2728 623 2788 veri
640 2747 698 2788 seu
717 2728 844 2789 bonum
862 2728 1039 2808 spirituale
1055 2735 1202 2801 (nequannl

114 2837 184 2895 tur);
212 2830 246 2881 et
270 2841 314 2881 ex
338 2818 589 2900 significatione
615 2820 836 2893 “manuum'’
858 2822 949 2902 quod
977 2824 1044 2885 sint
1071 2817 1200 2904 potentia,

115 2923 150 2976 et
176 2914 255 2975 inde
282 2933 384 2975 omne
412 2934 514 2995 posse
541 2914 631 2995 apud
658 2914 833 2976 hominem
860 2933 901 2987 (de
915 2945 964 2988 qua
978 2945 1057 2989 supra,
1068 2944 1090 2977 n.
1100 2929 1141 2994 72.
1151 2927 1200 2989 7915

114 3012 192 3073 inde
214 3033 272 3093 per
291 3012 380 3093 quod
404 3011 568 3092 “palmae
588 3021 703 3074 essent
727 3013 759 3074 in
780 3013 934 3074 manibus
954 3013 1092 3075 eorum”
1108 3002 1199 3089 signifi·

114 3117 212 3168 catur
230 3106 326 3188 quod'
344 3106 470 3167 bonum
497 3107 566 3168 veri
589 3117 680 3169 esset
704 3108 736 3168 in
761 3107 916 3180 illis,‘seu
939 3108 1030 3190 quod
1054 3108 1098 3169 illi
1117 3105 1199 3167 essent

114 3201 146 3261 in
171 3201 262 3261 bono
283 3201 364 3261 veri.
413 3199 544 3260 Bonum
565 3200 644 3270 veri,
665 3200 801 3281 quando
820 3211 874 3263 est
896 3202 986 3283 apud
1009 3203 1150 3284 aliquem,
1165 3198 1199 3254 θεῖ

114 3294 240 3356 bonum
265 3296 366 3366 vitae,
391 3313 469 3355 nam
494 3314 609 3355 verum
634 3292 670 3355 fit
695 3295 820 3356 bonum
845 3315 904 3376 per
923 3297 1030 3358 vitam
1054 3290 1198 3357 secundun

113 3388 214 3463 illud;
239 3398 342 3450 antea
360 3407 475 3449 verum
495 3399 632 3449 nonest
652 3388 777 3449 bonum
795 3389 884 3470 apud
905 3388 1063 3471 aliquem.
1105 3385 1198 3447 vesun

112 3484 202 3546 enim
226 3483 362 3565 quando
386 3483 495 3544 solum
525 3492 577 3545 est
606 3483 638 3545 in
668 3485 831 3544 memoria
859 3493 894 3545 et
925 3485 1004 3546 inde
1028 3481 1198 3565 cogitatione

113 3597 181 3639 non
201 3590 254 3640 est
274 3578 411 3651 bonum,
431 3577 490 3640 sed
510 3577 547 3639 fit
565 3578 691 3639 bonum
710 3597 785 3639 cum
802 3580 896 3639 venit
917 3579 949 3639 in
968 3579 1163 3640 voluntatem
1176 3573 1198 3627 el

112 3672 190 3734 inde
214 3674 246 3734 in
271 3670 403 3734 actum:
430 3673 505 3752 ipsa
528 3673 617 3734 enim
638 3671 797 3734 voluntas
821 3673 1044 3736 transformat
1065 3685 1161 3734 verunt
1177 3661 1198 3721 ll

111 3766 258 3841 bonum;
283 3766 373 3847 quod
394 3776 554 3828 constare
576 3775 692 3847 potest
713 3787 758 3828 ex
778 3787 819 3828 eo
838 3766 929 3847 quod
950 3767 1105 3848 quicquid
1125 3763 1198 3824 hono

112 3859 184 3922 vult
202 3861 266 3923 hoc
284 3862 410 3923 bonum
424 3872 536 3934 vocet,
551 3873 585 3924 et
599 3862 756 3944 quicquid
774 3861 878 3923 homo
891 3864 1026 3942 cogitat
1039 3863 1101 3923 hoc
1113 3862 1196 3919 verum

112 3964 225 4016 vocet.
272 3954 445 4017 Voluntas
462 3958 551 4018 enim
568 3957 707 4018 interior
726 3954 883 4028 hominis,
902 3977 991 4037 quae
1010 3965 1062 4019 est
1078 3953 1215 4017 voluntn.

110 4047 182 4129 ejus
211 4051 358 4130 spiritus
392 4061 445 4114 est
474 4050 732 4133 receptaculum
762 4051 889 4113 amoris
917 4051 1013 4132 ejus3
1041 4069 1113 4114 nam
1135 4031 1197 4127 quod

110 4143 215 4206 homo
231 4164 276 4204 ex
291 4146 412 4223 spiritu
427 4156 521 4208 amat
537 4139 603 4209 lloc
618 4145 701 4220 vult,
715 4154 750 4208 et
764 4146 855 4227 quod
872 4146 953 4208 inde
965 4146 1041 4209 vult
1057 4134 1198 4237 hoclacill

110 4259 214 4320 quare
232 4259 351 4302 verum
370 4241 461 4321 quod
480 4242 672 4304 voluntatis
691 4239 763 4322 ejus
785 4250 850 4315 est,
870 4241 937 4303 hoc
957 4263 1092 4324 quoque
1107 4241 1197 4302 arnorls

108 4333 180 4414 ejus
199 4342 263 4406 est,
284 4343 320 4396 et
339 4336 501 4416 quicquid
524 4345 577 4398 est
597 4337 723 4398 amoris
746 4336 811 4398 hoc
831 4345 978 4398 vocatur
996 4337 1126 4399 bonum.
1159 4319 1197 4386 El

107 4429 160 4491 his
186 4438 284 4510 patet
308 4431 483 4511 quomodo
508 4430 636 4493 bonum
663 4431 754 4513 apud
780 4431 957 4494 hominem
976 4427 1137 4494 'formatur
1155 4428 1197 4502 per
