2716 4986
392 512 473 564 cnr.
489 514 578 576 vm,
596 512 700 565 vens.
716 513 826 581 7.—N.
846 497 968 582 502[b].
1156 512 1236 582 ¹²²7

118 701 200 746 num
216 704 261 746 ex
278 683 355 757 illis,
369 681 578 765 significatur
594 704 653 766 per
669 684 759 766 quod
774 689 927 746 “canant
937 682 952 707 ”
965 693 999 746 et
1015 679 1236 764 “clangant”

117 777 222 860 Apud
242 777 417 851 Davidem,

260 894 277 915 “
286 892 426 942 laudate”
440 894 527 942 Deum
543 896 560 916 “
568 907 627 942 curn
640 893 767 955 clangore
779 893 908 942 buccinae
916 890 930 910 '⁹
942 892 997 954 (Ps.
1009 892 1041 942 cl.
1053 891 1094 953 3):

116 1015 153 1070 et
172 1007 262 1088 apud
282 1006 438 1082 eundem,

170 1118 297 1168 “Beatus
310 1121 425 1181 populus
437 1135 529 1168 eorum
544 1120 587 1183 qui
601 1120 757 1181 clangorem
771 1128 880 1176 norunt,
894 1115 1025 1184 Jehova'b,
1040 1119 1069 1169 in
1082 1118 1141 1168 luce
1156 1118 1237 1168 lacie-

250 1200 309 1233 rum
322 1194 428 1234 tuarum
442 1185 641 1234 ambulabunt”
654 1185 709 1245 (rs.
721 1184 821 1235 lxxxix.
836 1186 866 1233 ιδ
879 1183 924 1250 [Β.
936 1187 971 1235 A.
985 1181 1047 1248 15]):

116 1332 178 1394 per
190 1312 416 1394 “clangorem
430 1314 592 1376 buccinae
600 1312 615 1336 '’
625 1312 833 1394 significatur
847 1313 1006 1376 Divinum
1020 1313 1148 1376 Verum
1165 1311 1236 1376 lae·

117 1405 252 1470 tificans
276 1427 353 1485 cor;
378 1428 480 1489 quare
500 1409 603 1470 etiam
624 1408 756 1481 dicitur,
779 1406 868 1469 “lux
892 1408 1049 1471 facierum
1073 1405 1236 1481 tuarum,'’

116 1521 177 1583 per
193 1520 294 1583 quam
312 1501 521 1582 significatur
536 1501 694 1564 Divinum
706 1499 845 1564 Verum.
892 1500 992 1583 Quod
1008 1511 1138 1564 “voces
1154 1501 1236 1564 buc·

117 1595 214 1657 cinae
223 1594 238 1617 ''
254 1606 289 1657 et
308 1596 516 1677 “clangores
534 1597 689 1659 tubarum
699 1595 714 1618 ’⁹
730 1595 921 1677 significent
942 1596 1065 1658 Divina
1080 1617 1160 1658 vcra
1176 1597 1236 1660 de·

116 1689 319 1753 scendentia
349 1711 367 1753 e
397 1690 504 1765 caelo,
529 1701 564 1753 et
599 1689 819 1754 terrificantia
843 1689 952 1753 malos
979 1701 1014 1754 et
1038 1691 1237 1772 dissipantia

116 1782 206 1857 illos,
237 1793 274 1846 ut
309 1785 361 1847 hic
395 1786 428 1846 in
455 1784 667 1866 Apocalypsi
692 1806 751 1867 per
776 1785 927 1848 “tubas”
950 1786 1069 1868 quibus
1103 1795 1235 1868 septem

117 1877 232 1959 angeli
252 1877 467 1953 clanxerunt,
488 1890 626 1943 constat
646 1880 736 1961 apud
754 1878 907 1954 Esaiam,

170 2011 317 2076 “Jehovah
328 2013 396 2062 sicut
406 2011 487 2062 ¹¹]Leo
497 2013 587 2071 exibit,
604 2014 673 2062 sicut
682 2014 723 2062 vir
734 2014 865 2062 bellorum
875 2013 1002 2062 excitabit
1015 2014 1109 2070 zelum,
1120 2013 1234 2077 clanget,

249 2078 384 2141 etiamque
396 2079 529 2137 clamabit,
544 2093 628 2141 super
639 2079 733 2128 hostes
745 2094 811 2128 suos
823 2077 994 2128 invalescet”
1006 2078 1073 2139 (xlii.
1086 2078 1127 2139 13)
1137 2093 1143 2135 ;

120 2204 293 2268 '‘hostes'’
312 2216 390 2268 sunt
411 2207 500 2269 mali.
547 2206 650 2289 Apud
671 2187 809 2282 Joelem,

171 2339 323 2401 “clangite
335 2341 451 2389 buccina
463 2340 490 2389 in
504 2340 596 2394 Zione.
613 2350 639 2390 et
652 2341 770 2402 clangite
785 2341 812 2389 in
825 2349 917 2389 monte
929 2336 1082 2389 sanctitatis
1094 2352 1179 2396 meae,
1194 2352 1238 2387 co-

252 2407 408 2455 horrescant
421 2421 517 2455 omnes
529 2407 694 2455 habitatores
707 2416 802 2464 terrae,
813 2406 875 2469 quia
886 2406 960 2454 venit
972 2405 1029 2454 dies
1041 2404 1183 2468 Jehovae,.
1193 2440 1233 2454 ...

251 2471 309 2520 dies
322 2473 494 2520 tenebrarum
508 2483 535 2520 et
547 2471 692 2533 caliginis'’
704 2472 741 2532 (ii.
759 2484 780 2529 1,
793 2471 831 2532 2);

120 2601 222 2663 “dies
241 2599 416 2680 Jehovae”
434 2611 489 2663 est
513 2601 681 2662 adventus
706 2600 853 2672 Domini,
874 2599 1010 2680 quando
1033 2598 1137 2661 etiam
1156 2596 1236 2662 ulti·

118 2713 211 2758 mum
226 2694 388 2774 judicium
407 2715 506 2776 super
525 2693 644 2757 malos.
691 2693 794 2776 Apud
818 2693 1029 2767 sacrariam,

170 2827 316 2892 “Jehovah
330 2842 410 2890 super
423 2827 455 2876 iis
467 2827 616 2890 apparebit,
629 2835 657 2875 et
674 2827 756 2875 exibit
768 2827 838 2875 sicut
850 2826 939 2889 fulgur
951 2826 1032 2875 telum
1047 2825 1121 2888 Ejus,
1137 2835 1164 2874 et
1183 2824 1237 2875 Do-

251 2894 341 2942 minus
353 2892 468 2956 Jehovih
480 2893 593 2941 buccina
605 2893 720 2954 clanget,
734 2902 761 2941 et
778 2893 885 2942 incedet
903 2893 930 2940 in
949 2892 1074 2955 procellis
1092 2889 1236 2940 meridiei''

251 2958 296 3018 (ix.
311 2959 367 3020 14);

118 3084 223 3147 etiam
241 3082 325 3145 haec
345 3083 387 3145 de
406 3083 556 3145 adventu
574 3081 724 3154 Domini,
741 3081 879 3163 quando
899 3081 977 3143 mali
995 3081 1152 3162 perituri;
1177 3100 1236 3161 per

121 3178 310 3258 “clangere
334 3178 474 3239 buccina
484 3177 498 3200 ”
518 3175 727 3258 significatur
750 3195 810 3257 per
832 3175 991 3239 Divinum
1015 3174 1143 3237 Verum
1166 3174 1236 3236 dis·

118 3293 280 3355 pergere;
304 3273 409 3335 etiam
426 3293 485 3353 per
496 3271 632 3334 “telum
642 3271 657 3294 ''
667 3271 757 3353 quod
770 3271 885 3333 “sicut
902 3268 1012 3350 fulgur
1023 3269 1132 3332 exibit
1140 3267 1155 3292 '’
1166 3269 1235 3349 sig·

118 3367 274 3431 nificatur
293 3386 409 3429 verum
429 3368 628 3448 dispergens
647 3377 682 3428 et
702 3365 891 3428 destruens.

174 3502 268 3553 Simile
279 3502 446 3564 significatur
456 3516 503 3563 per
515 3501 665 3562 “clangere
677 3499 791 3548 buccina
799 3497 813 3518 ’⁹
826 3498 897 3560 apud
912 3497 1052 3563 Jeremiam
1066 3495 1134 3559 (cap.
1145 3496 1172 3547 li.
1185 3495 1234 3560 27),

250 3577 277 3617 et
289 3569 359 3630 apud
372 3568 512 3616 Hoscdeam
525 3567 593 3629 imp.
605 3581 630 3615 v.
642 3567 664 3623 8,
675 3566 709 3628 9).

119 3696 290 3779 Quoniam
311 3697 401 3772 mali,
422 3698 476 3759 ubi
496 3695 594 3758 simul
614 3694 815 3775 congregati
835 3703 913 3755 sunt
937 3693 970 3755 in
994 3692 1121 3755 mundo
1140 3692 1236 3774 spiri·

119 3791 214 3865 tuali,
233 3812 292 3873 per
308 3791 470 3853 influxum
489 3792 601 3852 Divini
619 3788 704 3851 Boni
721 3808 759 3851 ac
778 3788 891 3850 Divini
907 3787 999 3861 Veri,
1018 3787 1237 3867 deprivantur

118 3887 206 3948 veris
223 3895 258 3949 et
278 3885 375 3948 bonis
392 3906 478 3967 quae
497 3884 741 3948 simulaverunt
758 3883 791 3945 in
810 3883 1027 3956 externis-ac
1044 3883 1236 3945 immittun-

119 3981 226 4044 turin
250 4001 310 4042 sua
333 3980 423 4042 mala
447 3991 481 4042 et
505 3979 589 4042 lalsa
608 3998 694 4060 quae
716 3978 807 4040 intus
826 3976 992 4050 foverunt,
1013 3985 1047 4039 et
1071 3977 1118 4039 sic
1138 3997 1236 4058 sepa·

118 4084 237 4138 rantur
256 4096 275 4136 a
295 4074 392 4136 bonis
412 4095 450 4136 ac
471 4073 672 4155 dejiciuntur
691 4073 724 4135 in
743 4071 882 4146 inferna,
903 4080 938 4134 et
962 4071 1050 4152 quia,
1070 4090 1146 4132 cum
1171 4072 1236 4133 hoc

119 4168 168 4243 fit,
189 4170 325 4232 auditur
344 4190 363 4230 a
380 4169 586 4231 distantibus
606 4167 693 4229 sicut
713 4166 876 4229 buccinae
896 4175 930 4228 et
951 4165 1053 4227 tubae
1073 4164 1237 4245 clangen-

119 4274 182 4339 tes,
200 4274 237 4326 ut
257 4285 357 4345 supra
374 4264 553 4345 aliquoties
570 4259 696 4325 dictum
714 4270 779 4335 est,
797 4261 874 4324 ideo
890 4260 979 4342 apud
996 4258 1082 4322 lilios
1102 4258 1237 4322 Israelis

118 4370 289 4423 statutum
313 4359 373 4422 luit
394 4369 429 4422 ut
450 4359 651 4440 clangerent
672 4357 762 4420 tubis
783 4357 827 4418 ad
851 4355 978 4438 proelia
990 4376 997 4434 ;
1022 4355 1236 4437 quodetiam

118 4451 243 4517 facium
269 4454 393 4535 legitur
415 4475 435 4517 a
459 4453 636 4527 Pinchaso,
659 4462 731 4516 tum
754 4471 774 4513 a
798 4449 985 4527 Guideone,
1005 4448 1237 4533 pugnantibus
