2684 4988
119 491 198 540 1120
423 491 673 542 APOCALYPSIS
696 493 925 543 EXPLICATA.

113 660 203 723 bona
219 660 456 742 spiritualiter:
481 671 517 724 et
533 681 610 725 cum
627 662 711 725 haec
725 659 859 725 affeetio
872 662 964 744 apud
981 662 1153 725 hominem
1167 670 1217 733 est,

115 762 194 815 tunc
218 753 322 817 homo
341 765 434 818 amat
453 757 607 837 cogitare
626 756 685 819 illa
703 767 738 820 et
757 755 847 819 velle
871 756 941 830 illa,
962 756 1104 837 proinde
1123 755 1214 817 vivere

113 848 298 911 secundum
318 849 394 925 illa;
419 850 531 913 vivere
550 850 737 913 secundum
755 871 836 913 vera
859 861 895 914 et
919 851 1012 913 bona
1035 848 1210 929 intelligitur

113 943 145 1003 in
163 941 280 1005 Verbo
297 963 356 1024 per
374 943 541 1018 “facere'’
554 963 593 1006 ac
610 945 683 1025 ipsa
699 946 769 1007 vita
786 965 846 1026 per
860 941 1005 1008 “satta’'
1020 954 1056 1007 et
1074 939 1207 1024 “opera‘'

113 1056 199 1117 quae
218 1038 324 1099 toties
343 1047 575 1100 memorantur
592 1038 626 1100 in
646 1037 781 1101 Verbo:
807 1038 891 1101 haec
912 1040 1030 1120 itaque
1053 1048 1126 1100 sunt
1141 1055 1202 1118 quae

113 1150 172 1211 per
186 1135 206 1161 “
216 1130 322 1193 Levin
332 1129 347 1154 ”
360 1141 395 1194 et
408 1131 478 1211 ejus
492 1132 615 1195 tribum
630 1132 664 1194 in
677 1131 823 1195 ecclesia
834 1132 924 1214 apud
941 1131 1088 1212 Judaeos
1099 1149 1199 1211 repne-

69 1284 72 1289 .
113 1234 250 1287 sentata
273 1234 308 1287 et
332 1224 522 1305 significata
541 1236 630 1289 sunt.
676 1225 764 1307 Quia
786 1226 873 1289 haec
893 1223 1029 1289 all'edtio
1049 1236 1098 1288 est
1118 1225 1196 1305 ipsun

112 1319 296 1382 essentiale
309 1319 485 1392 ecclesiae,
500 1320 576 1382 ideo
590 1320 696 1383 tribus
712 1319 795 1383 Levi
812 1320 1043 1383 sacerdotium
1060 1315 1136 1381 facta
1145 1324 1194 1389 ese

112 1434 151 1476 ac
166 1414 242 1476 ideo
253 1412 322 1493 ejus
334 1414 474 1476 baculus
482 1414 516 1475 in
525 1413 691 1478 Tentorio
701 1424 893 1477 conventus
906 1413 1018 1477 floruit
1029 1408 1192 1493 amygdalis

112 1517 148 1570 et
168 1508 245 1570 ideo
264 1507 310 1569 illi
333 1508 433 1570 tribui
456 1527 524 1570 non
544 1508 626 1570 data
644 1518 697 1571 est
721 1508 894 1570 hereditas
914 1509 1001 1570 sicut
1022 1506 1141 1588 reliquis
1153 1501 1192 1564 tri·

113 1601 232 1674 bubus,
253 1601 312 1663 sed
337 1603 424 1664 inter
443 1601 604 1682 singulas.
650 1600 751 1682 Quod
774 1603 881 1665 tribus
904 1601 990 1664 Levi
1010 1597 1192 1664 sacerdotium

112 1691 201 1757 sacta
227 1697 282 1765 sit,
308 1706 427 1758 notum
454 1706 623 1769 est,.nam
651 1715 719 1758 non
746 1696 850 1758 modo
876 1695 1022 1758 Aharon
1048 1691 1141 1758 satius
1157 1694 1191 1752 ut

113 1809 263 1852 summus
283 1778 453 1862 sacerdos,
473 1790 533 1853 sed
553 1791 657 1853 etiam
681 1789 737 1852 filii
760 1789 830 1870 ejus
854 1800 933 1871 post
954 1809 1042 1862 eum,
1061 1798 1093 1851 et
1110 1799 1192 1849 onnes

113 1883 256 1946 Levitae
276 1884 347 1946 dati
371 1894 449 1946 sunt
473 1884 537 1946 illis
556 1885 599 1946 ad
624 1885 894 1946 ministrandum.
941 1882 1043 1964 Quod
1066 1881 1158 1944 Moses
1169 1882 1191 1937 et

114 1976 256 2040 Aharon
273 1977 394 2040 fuerint
411 1998 456 2040 ex
470 1979 558 2040 tribu
575 1977 669 2050 Levi,
680 1978 836 2041 videatur
847 1976 959 2039 Exod.
970 1979 1013 2039 vi.
1027 1993 1084 2052 20;
1104 1970 1191 2034 [lilim-

114 2073 205 2134 xviii.
220 2088 237 2134 2
251 2093 258 2148 ;
282 2082 317 2134 et
331 2073 421 2154 quod
439 2071 582 2135 Levitae
599 2069 676 2135 taur
693 2073 761 2134 sint
775 2073 919 2134 ministri
933 2070 1101 2135 Aharonis
1111 2077 1139 2131 et
1147 2062 1192 2144 ejus

114 2165 267 2240 filiorum,
288 2168 377 2248 apud
396 2167 523 2242 Mosen,

168 2322 315 2385 Acceptata
324 2333 365 2371 est
375 2324 458 2371 tribus
470 2322 534 2372 Levi
547 2323 573 2371 in
584 2323 771 2380 sacerdotium,
782 2333 812 2372 ut
820 2324 988 2373 custodirent
997 2322 1132 2372 custodiam
1139 2316 1192 2367 tutin

244 2389 462 2449 congregationis
472 2403 561 2437 coram
571 2389 699 2438 Tentorio
707 2400 865 2443 conventus.
875 2390 908 2437 ad
917 2390 1084 2439 serviendum
1094 2381 1191 2436 servitium

247 2452 412 2502 Habitaculi:
432 2468 462 2501 ac
475 2453 528 2502 dati
544 2463 605 2503 sunt
620 2446 728 2503 Levitae
741 2454 871 2508 Aharoni.
886 2464 913 2503 et
927 2454 1056 2517 acceptati
1070 2454 1121 2501 loco
1132 2442 1191 2497 onnlt

245 2519 424 2645 primogepiti).
463 2519 496 2568 Et
508 2535 588 2581 porro
597 2519 630 2568 de
640 2520 793 2568 ministeriis
803 2530 830 2568 et
842 2517 1027 2569 luodlionibus
1036 2531 1119 2568 eorum
1127 2512 1190 2574 (ilva

246 2597 333 2633 m.1a
384 2600 429 2633 n..

116 2725 216 2808 Quod
236 2728 462 2789 sacerdotium
481 2728 536 2789 isti
556 2728 654 2790 tribui
673 2729 790 2790 datum
809 2727 918 2801 suerit,
940 2738 1013 2790 erat
1037 2745 1125 2790 causa
1140 2716 1190 2801 qul²

114 2823 393 2902 repraesentabat
413 2842 563 2884 amorem
583 2833 618 2885 et
643 2822 854 2896 charitatem,
876 2832 911 2885 et
932 2823 1010 2884 inde
1029 2834 1154 2884 amorem
1167 2820 1190 2871 et

114 2917 315 2980 charitatem
336 2915 568 2996 significabat;
596 2937 691 2979 amor
709 2928 744 2979 et
764 2917 911 2978 charitas
932 2927 984 2980 est
1004 2911 1124 2978 affedtio
1138 2901 1190 2970 boni

113 3021 149 3074 et
176 3012 245 3072 veri
273 3010 463 3091 spiritualis,
492 3030 569 3073 nam
597 3008 729 3073 affedtio
757 3010 877 3073 dicitur
905 3010 948 3072 de
977 3029 1086 3073 amore
1109 3007 1134 3068 in
1151 3015 1190 3060 ³¹1⁰

114 3108 285 3176 continuo,
299 3117 350 3168 est
368 3107 456 3167 enim
474 3103 605 3168 afsedtio
623 3107 818 3168 continuum
831 3107 966 3168 amoris.
999 3102 1104 3168 Simile
1119 3097 1189 3161 etiam

113 3204 145 3264 in
166 3202 282 3265 Verbo
302 3200 509 3282 significatur
528 3221 586 3282 per
607 3201 861 3264 “sacerdotium
871 3201 886 3225 ¹’
905 3211 942 3264 et
963 3180 1189 3288 “ministeriun’f

113 3297 201 3378 ejus;
234 3297 291 3359 illa
318 3298 408 3359 enim
436 3293 568 3358 affedtio
591 3306 643 3358 est
670 3294 851 3358 essentiale
875 3295 1052 3368 ecclesiae,
1074 3306 1137 3354 nam
1153 3279 1188 3343 ubl

113 3392 170 3454 illa
186 3403 237 3455 est
252 3393 294 3453 ibi
308 3401 360 3453 est
372 3390 525 3463 ecclesia,
537 3400 572 3452 et
586 3391 639 3452 ubi
656 3390 713 3451 illa
726 3410 793 3451 non
807 3399 859 3452 est
872 3389 916 3451 ibi
931 3409 993 3451 nec
1006 3397 1058 3452 est
1069 3376 1186 3478 ecclesian:

113 3506 191 3549 nam
215 3485 347 3549 afleitio
371 3487 449 3548 boni
474 3495 508 3546 et
532 3486 600 3546 veri
624 3496 676 3547 est
701 3485 772 3564 ipsa
795 3485 865 3545 vita
889 3482 1069 3563 spiritualis
1088 3470 1186 3541 homini

112 3583 247 3663 quando
267 3583 355 3643 enim
375 3582 477 3643 homo
493 3578 635 3641 afficitur
652 3580 741 3641 bono
759 3588 794 3640 et
811 3599 902 3650 ver0,
920 3588 1003 3640 tunc
1019 3587 1068 3638 est
1083 3575 1112 3635 in
1126 3569 1186 3666 b⁰l⁰.

112 3687 146 3737 et
166 3697 247 3738 vero
265 3675 377 3757 quoad
396 3676 520 3751 vitam;
544 3674 615 3753 ipsa
634 3673 799 3753 cogitatio
818 3671 888 3751 ejus
911 3682 993 3734 tunc
1013 3689 1077 3732 non
1094 3668 1187 3728 estus

111 3767 244 3832 affectio
271 3772 303 3831 in
332 3771 423 3831 varia
450 3769 566 3842 forma,
589 3787 667 3829 nam
695 3767 849 3848 quicquid
881 3766 985 3828 homo
1013 3762 1129 3844 cogitat
1146 3751 1187 3814 lt>c

111 3864 215 3927 trahit
235 3885 279 3926 ex
299 3861 495 3940 afsedtione3
520 3863 671 3943 cogitare
689 3862 816 3942 absque
835 3857 1015 3923 affectione
1035 3875 1125 3921 nemo
1137 3849 1188 3929 pssl·

110 3968 173 4020 est.
219 3959 303 4021 Inde
321 3978 408 4019 nunc
425 3967 477 4019 est
494 3958 583 4039 quod
603 3957 710 4019 tribus
729 3955 812 4018 Levi
831 3952 920 4017 satta
937 3955 980 4016 sit
997 3944 1189 4015 sacerdotium·

111 4051 225 4115 Simile
250 4054 371 4116 dicitur
393 4053 436 4115 de
464 4053 592 4115 Levitis
620 4051 708 4132 apud
732 4047 947 4122 Ezechielem,
973 4049 1028 4111 ubi
1053 4045 1150 4128 agitur
1164 4029 1192 4094 de

110 4164 199 4210 nova
218 4158 317 4222 terra,
336 4168 424 4209 nova
444 4147 535 4222 urbe,
553 4157 588 4210 et
608 4166 698 4209 novo
717 4144 849 4224 templo

223 4296 299 4361 (Cap.
314 4298 349 4346 xl.
361 4297 409 4357 4⁶3
427 4312 485 4359 cap.
497 4297 562 4348 xliii.
576 4309 622 4360 193
640 4310 697 4359 cap.
710 4295 772 4345 xliv.
787 4305 815 4355 15
827 4308 832 4353 ;
850 4308 908 4356 cap.
921 4293 1006 4342 xlviii.
1020 4304 1058 4350 11,
1071 4289 1119 4353 ια).

109 4437 277 4523 Quoniam
294 4441 428 4506 “tribus
445 4441 529 4504 Levi
537 4440 551 4466 ”
570 4438 850 4521 repraesentabat
865 4446 902 4501 et
920 4437 999 4501 inde
1018 4430 1210 4517 significabat
