2716 4986
118 463 181 542 878
394 546 397 551 Ι
430 474 678 527 avocntvrsrs
702 476 928 543 eximenti.
963 534 968 547 ,

118 645 217 715 cium,
242 643 377 726 quando
401 644 620 706 destruuntur
642 642 689 706 illi
713 644 767 725 qui
795 645 827 706 in
852 643 950 707 malis
977 654 1013 708 et
1039 643 1118 708 inde
1144 644 1228 708 salsis

118 748 195 800 sunt
209 759 216 812 ;
236 759 295 820 per
309 739 527 800 “exercitum
540 737 729 801 altitudinis
742 739 775 800 in
788 737 968 801 altitudine
976 738 991 760 ”
1002 737 1230 820 significantur

119 834 233 895 omnia
257 832 346 894 mala
369 852 456 914 quae
479 853 523 894 ex
551 852 666 894 amore
690 833 750 904 sui,
775 853 833 913 per
857 832 1101 895 “exercituin'’
1124 833 1232 895 omnia

119 925 219 997 mala,
237 946 296 1007 per
313 933 440 1006 “reges
461 936 570 988 terrae
579 925 594 948 ’⁹
610 925 694 988 salsa
713 928 822 988 omnis
841 927 986 1008 generis,
1004 937 1039 989 et
1060 946 1120 1008 per
1138 932 1231 988 “ter-

118 1040 189 1082 ram
199 1020 214 1041 ”
227 1018 434 1100 significatur
447 1020 612 1095 ecelesia;
637 1021 715 1082 inde
731 1031 889 1082 constare
906 1030 1022 1100 potest
1036 1019 1116 1101 quid
1133 1020 1233 1101 signi·

121 1112 240 1174 ficatur
253 1134 311 1194 per
326 1111 519 1177 “Visitabit
536 1113 690 1195 Jehovah
711 1134 810 1195 super
832 1116 1022 1177 exercitum
1046 1113 1234 1176 altitudinis

119 1207 152 1269 in
162 1207 352 1277 altitudine.
365 1218 399 1269 et
415 1229 513 1289 super
524 1229 621 1289 reges
633 1220 742 1271 terrae
753 1229 851 1289 super
862 1218 951 1271 terra
962 1209 988 1282 ;''
1004 1208 1096 1291 quod
1107 1208 1236 1270 dicatur

121 1308 249 1382 “super
265 1302 453 1363 exercitum
471 1302 660 1364 altitudinis
676 1302 709 1364 in
726 1301 936 1375 altitudine,”
952 1311 1005 1364 est
1023 1304 1101 1384 quia
1120 1299 1169 1364 illi
1184 1301 1237 1384 qui

119 1395 152 1456 in
176 1415 292 1456 amore
316 1397 365 1456 sui
388 1407 478 1468 sunt,
504 1397 536 1457 in
561 1397 687 1458 mundo
711 1395 873 1476 spirituali
896 1394 967 1457 alta
992 1395 1069 1458 loca
1096 1406 1235 1478 petunt:

120 1510 178 1572 per
195 1495 305 1551 “tunc
323 1490 498 1553 erubescet
517 1490 595 1552 luna
611 1501 646 1552 et
667 1489 814 1571 pudefiet
831 1490 881 1551 sol
891 1489 905 1511 '⁹
922 1488 1133 1571 significatur
1150 1491 1236 1573 quod

120 1601 188 1645 non
208 1582 351 1664 amplius
371 1585 521 1664 receptio
541 1584 652 1646 Divini
673 1583 754 1647 Veri
773 1604 812 1646 ac
837 1584 950 1647 Divini
974 1583 1081 1659 Boni;
1108 1583 1238 1647 “luna”

120 1687 156 1740 et
182 1677 285 1739 “sol”
309 1677 501 1758 significant
530 1698 643 1740 verum
672 1676 749 1740 fidei
777 1689 812 1741 et
839 1679 965 1740 bonum
992 1679 1130 1752 amoriS,
1155 1698 1238 1761 quac

121 1773 277 1833 dicuntur
289 1773 515 1834 “erubescere
528 1783 562 1834 et
577 1770 735 1852 pudefieri
745 1772 759 1793 ''
770 1772 905 1853 quando
917 1791 983 1833 non
995 1771 1143 1854 amplius
1156 1772 1237 1835 reci·

120 1866 266 1947 piuntur,
281 1867 339 1928 sed
357 1866 434 1927 loco
450 1886 566 1928 eorum
584 1865 703 1927 laisum
720 1877 755 1928 et
770 1865 904 1927 malurn.
943 1864 1048 1945 Apud
1063 1864 1237 1938 Davidem,

174 2023 295 2088 Jehovah
311 2026 378 2087 “qui
394 2025 456 2073 iecit
468 2025 555 2073 caelos
571 2039 617 2086 per
630 2024 833 2084 intelligentiam
847 2037 921 2071 suain
926 2060 995 2079 .....
1001 2023 1131 2084 expandit
1143 2032 1238 2072 terram

251 2106 330 2152 super
344 2091 441 2152 aquis„
453 2128 459 2139 .
469 2126 474 2137 .
485 2089 559 2138 ,lecit
575 2090 716 2138 luminaria
730 2104 850 2149 magna..
862 2088 990 2137 ...solem
1006 2089 1033 2136 in
1049 2089 1199 2137 dominium
1213 2089 1238 2137 in

252 2161 314 2215 die..
325 2197 331 2208 .
342 2197 347 2208 .
358 2197 363 2208 .
374 2159 462 2204 lunam
478 2168 505 2204 et
519 2158 611 2204 stellas
627 2159 652 2204 in
668 2158 816 2206 dominium
834 2158 861 2204 in
879 2154 957 2205 nodie
967 2173 986 2204 ε.
996 2193 1003 2205 .
1013 2193 1020 2205 .
1030 2157 1176 2218 percussit
1190 2157 1239 2204 Ae·

252 2234 362 2286 gyptum
385 2221 412 2268 in
432 2223 617 2282 primogenitis
638 2231 833 2279 eorum.....et
853 2222 943 2270 eduxit
965 2220 1095 2270 lsraelem
1117 2236 1132 2269 e
1153 2222 1238 2269 medio

251 2304 343 2339 eorum
353 2289 366 2307 '¹
382 2285 435 2346 (Ps.
448 2289 551 2334 cxxxvi.
567 2290 655 2347 5-11):

122 2429 176 2509 qui
206 2426 286 2488 nihil
315 2428 409 2487 novit
433 2427 475 2487 de
504 2446 603 2487 sensu
632 2426 795 2507 spirituali
820 2425 936 2499 Verbi,
961 2429 1161 2508 opinaturus
1189 2440 1238 2493 est

122 2522 211 2603 quod
230 2521 314 2582 haee
330 2520 409 2582 nihil
424 2520 512 2581 aliud
530 2520 705 2582 involvant
719 2541 819 2601 quam
833 2541 918 2602 quae
932 2533 1074 2585 exstant
1092 2524 1124 2586 in
1142 2544 1239 2586 sensu

123 2615 276 2690 litterae;
302 2614 359 2675 sed
381 2635 483 2695 usque
501 2613 634 2694 singula
654 2615 830 2677 involvunt
851 2615 934 2677 talia
950 2637 1035 2697 quae
1055 2627 1135 2679 sunt
1153 2619 1238 2700 sapi-

122 2711 234 2770 entiae
247 2707 433 2788 angelicae‚
449 2729 534 2789 quae
551 2709 664 2770 omnia
678 2719 755 2770 sunt
774 2708 897 2772 Divina
913 2711 1076 2773 caelestia
1093 2721 1129 2774 et
1146 2713 1239 2793 spiri·

123 2803 246 2879 tualia;
271 2823 359 2864 nova
376 2804 504 2864 creatio
522 2823 580 2864 seu
600 2804 813 2883 regeneratio
832 2803 1005 2866 hominum
1024 2806 1204 2879 ecclesiae,
1220 2826 1239 2867 a

122 2898 241 2979 quibus
257 2896 414 2969 eeclesia,
430 2917 488 2978 per
505 2895 561 2958 illa
579 2897 798 2959 describitur:
824 2918 882 2979 per
901 2898 1045 2960 “caelos
1053 2899 1068 2922 ”
1082 2921 1168 2981 quos
1184 2921 1241 2982 per

122 2990 386 3072 intelligentiam
412 3011 507 3053 suant
535 2990 624 3063 lecit,
650 2990 882 3072 significantur
905 2993 1038 3054 interna
1065 2992 1239 3077 hominurn

122 3085 297 3157 ecclesiae,
323 3106 408 3167 quae
436 3105 501 3146 una
528 3106 613 3148 voce
641 3084 822 3167 spiritualis
850 3086 953 3148 homo
980 3097 1159 3161 vocantur,
1188 3088 1240 3149 ubi

122 3180 350 3261 intelligentia
370 3180 505 3251 residet,
527 3190 561 3241 et
582 3180 635 3241 ubi
660 3179 791 3242 caelum
813 3179 945 3243 illorum
965 3191 1038 3257 est;
1063 3201 1123 3263 per
1144 3188 1240 3245 “ter-

123 3274 217 3338 ram''
243 3295 344 3357 quam
373 3295 471 3356 super
499 3275 593 3355 aquis
621 3275 797 3355 expandit.
823 3273 1030 3355 significatur
1057 3285 1240 3339 externum

122 3369 298 3444 ecclesiae,
313 3370 402 3450 quod
421 3389 486 3430 una
500 3388 583 3430 voce
598 3368 760 3430 naturalis
776 3368 880 3430 horno
893 3379 1034 3431 vocatur
1047 3391 1054 3445 ;
1078 3370 1133 3433 hic
1151 3377 1240 3433 “ex-

123 3464 224 3545 pandi
253 3485 351 3545 super
380 3463 497 3544 aquis”
525 3463 656 3536 dicitur,
681 3464 758 3543 quia
787 3463 830 3523 ibi
858 3472 937 3525 sunt
964 3484 1043 3525 vera
1071 3484 1131 3545 per
1156 3485 1241 3547 quae

123 3568 341 3638 regeneratur
363 3555 538 3638 (“aquae”
559 3567 636 3617 sunt
657 3557 770 3634 vera):
801 3577 858 3637 per
880 3555 1083 3619 “luminaria
1104 3577 1240 3639 magna,

123 3651 241 3724 solem,
257 3651 371 3712 lunam
385 3662 418 3712 et
433 3650 579 3720 stellas‚”
594 3649 825 3730 significantur
838 3650 962 3711 bonurn
977 3652 1112 3722 amoris,
1125 3671 1240 3715 verum

123 3766 167 3807 ex
195 3745 253 3806 illo
282 3744 383 3816 bono,
408 3755 442 3806 et
471 3745 685 3824 cognitiones
714 3744 792 3805 boni
818 3754 851 3806 et
875 3745 964 3819 veri;
996 3765 1054 3825 per
1079 3746 1241 3810 “solem''

122 3838 248 3901 bonum
272 3839 405 3907 amoris,
431 3859 490 3918 per
515 3837 683 3899 “lunam''
706 3858 822 3899 verum
846 3858 888 3899 ex
914 3838 971 3899 illo
995 3839 1097 3911 bon0,
1123 3850 1158 3902 et
1184 3860 1241 3922 per

124 3932 295 3994 “stellas''
312 3933 526 4012 cognitiones
544 3933 622 3994 boni
643 3942 677 3994 et
695 3933 782 4003 veri;
807 3933 897 4013 quod
918 3932 968 3994 sol
985 3934 1117 3995 dicatur
1134 3932 1239 3998 faetus

124 4033 143 4057 ‘⁸
154 4027 185 4087 in
199 4027 384 4088 dominium
401 4027 433 4087 in
447 4026 530 4098 die,''
543 4036 594 4088 est
608 4027 684 4107 quia
699 4032 718 4056 ¹⁴
728 4026 822 4088 dies''
835 4026 1001 4106 significat
1020 4026 1130 4090 lucem
1144 4029 1239 4111 spiri-

122 4119 221 4182 tualis
239 4120 394 4191 hominis,
413 4121 442 4181 ei
462 4121 551 4181 enim
568 4130 620 4181 est
637 4119 819 4181 illustratio
839 4130 873 4181 et
894 4121 1067 4201 perceptio
1084 4142 1128 4183 ex
1149 4122 1238 4185 bono

122 4216 267 4290 amoris;
295 4224 330 4276 et
350 4214 439 4295 quod
464 4215 595 4275 dicatur
617 4215 706 4295 quod
735 4214 813 4275 luna
837 4225 871 4276 et
896 4214 1017 4276 stellae
1041 4217 1108 4278 sint
1133 4214 1238 4279 sadtae

124 4312 185 4371 “in
206 4310 389 4371 dominium
415 4309 447 4370 in
473 4305 602 4381 notte,”
621 4318 673 4370 est
693 4309 769 4390 quia
791 4309 915 4370 “nox''
935 4308 1104 4389 significat
1129 4311 1235 4373 lucent

122 4404 285 4466 naturalis
298 4403 454 4477 hominis,
469 4401 565 4482 hujus
578 4404 666 4465 enirn
681 4402 739 4464 lux
754 4403 796 4463 ad
811 4403 919 4464 lucem
934 4404 1115 4484 spiritualis
1129 4406 1234 4467 homi·
