2684 4988
113 463 179 546 906
425 475 675 526 nrocntvnsrs
698 475 922 526 eximenda,

111 648 178 710 ibi:
206 646 400 711 reformatio
423 666 538 709 eorum
562 644 771 727 significatur
791 666 850 727 per
868 645 1057 708 “Redemit
1075 643 1191 726 Jehovah
1236 718 1238 723 ¹

109 740 284 822 Jacobum,
301 751 335 803 et
355 741 388 803 in
409 738 532 803 Israele
549 740 733 822 gloriosum
753 740 796 803 Se
811 740 965 802 exhibuit
978 738 1004 816 ;”
1027 760 1085 820 per
1098 739 1190 820 “Jaco
1235 798 1238 803 .

110 835 213 898 bum’'
225 845 261 898 et
275 834 486 897 “Israelem''
498 834 699 916 intelligitur
714 834 857 897 ecclesia
873 845 1017 896 externa
1034 845 1067 897 et
1083 836 1190 904 interna,
1232 866 1238 919 ¹:

110 930 159 993 ita
185 940 367 992 externum
394 938 429 992 et
456 930 626 991 internum
653 929 742 1009 apud
769 929 844 991 iilos
871 931 903 990 in
931 929 1050 1010 quibus
1074 927 1190 990 ecclesia
1229 960 1238 969 -

111 1022 215 1106 Apud
234 1023 390 1098 eundem,

162 1154 299 1207 “Montes
308 1125 428 1205 etcolles
437 1157 632 1218 personabunt.
642 1193 665 1206 ..
676 1165 776 1214 ‚cantu
788 1165 815 1206 et
823 1170 918 1207 omues
926 1157 1038 1205 arbores
1046 1156 1099 1218 agri
1106 1153 1191 1219 comple
1234 1156 1238 1175 ²

242 1223 306 1271 dent
319 1236 428 1270 manum
437 1220 451 1240 ''
463 1222 508 1283 (lv.
522 1225 577 1282 12):

110 1342 200 1423 apud
219 1341 394 1416 Davidem,

163 1458 180 1478 ‘⁸
188 1455 306 1582 ἰωᾶξιε
317 1454 449 1583 1οιὴςζγιίι71
459 1516 471 1584 ]
472 1491 479 1504 .
488 1464 624 1582 ‚jmontes
636 1464 664 1504 et
674 1455 766 1514 oolla,
777 1455 857 1505 abor
868 1451 980 1514 fruitus,
991 1464 1018 1504 et
1029 1468 1117 1503 omnes
1125 1446 1192 1502 κάπ’·

276 1535 298 1569 s.
310 1535 341 1568 cx
354 1535 406 1569 vm.
451 1558 456 1577 .
484 1535 524 1582 9:

111 1653 145 1716 in
164 1652 216 1719 his
233 1653 430 1716 describitur
446 1652 604 1733 gaudium
624 1652 734 1717 cordis
752 1674 797 1715 ex
816 1653 908 1717 bono
924 1653 1050 1714 amoris
1066 1661 1098 1714 et
1113 1647 1191 1712 chari·

111 1749 205 1820 tatis,
229 1757 264 1810 et
288 1748 444 1809 dicuntur
468 1747 661 1821 “montes’'
685 1747 849 1820 “colles,”
868 1747 1062 1819 “arbores''
1080 1738 1192 1813 “cedri’'

113 1847 324 1922 “personare
335 1840 721 1922 cantu,'’“complodere
732 1836 1192 1918 manum‚”et“laudare,”quia

112 1956 172 2016 per
186 1935 244 1998 illa
259 1934 489 2015 significantur
505 1935 595 1998 bona
609 1945 645 1999 et
658 1956 746 2008 vera,
760 1955 845 2016 quae
861 1936 987 1997 iaciunt
1003 1935 1117 2014 gaudia
1131 1926 1192 2010 apud

112 2031 304 2106 honinem
328 2030 432 2092 homo
449 2030 539 2093 enim
560 2049 627 2092 non
649 2031 776 2110 gaudet
795 2050 839 2092 ex
859 2049 907 2103 se,
926 2031 987 2092 sed
1009 2049 1054 2091 ex
1077 2029 1155 2091 bonis
1169 2032 1193 2084 et

112 2125 199 2189 veris
218 2145 302 2205 quae
323 2124 412 2204 apud
436 2123 549 2199 illum;
573 2124 656 2186 haec
674 2124 838 2204 gaudent,
857 2125 932 2205 quia
955 2122 1080 2186 iaciunt
1101 2116 1193 2184 homini

112 2219 281 2299 gaudium.
327 2217 430 2298 Apud
449 2217 601 2290 Esadun,

163 2363 181 2383 ‘⁸
189 2360 325 2410 Extollent
337 2375 430 2408 vocem
443 2361 587 2417 desertum,
601 2369 627 2408 et
640 2362 720 2409 urbes
731 2361 798 2422 ejus,
812 2369 839 2409 et
850 2361 929 2408 villae
942 2375 1010 2422 quas
1023 2359 1140 2409 inhabitat
1148 2355 1194 2402 m

243 2427 295 2482 bia,
304 2436 414 2474 cantent
421 2426 583 2475 habitatores
592 2436 691 2488 petrae,
700 2427 808 2488 scopite
816 2426 947 2474 montium
955 2427 1072 2474 clament
1079 2424 1092 2445 '’
1098 2423 1149 2485 [xiii.
1156 2418 1194 2475 ¹1)ss

112 2577 172 2639 per
185 2557 383 2621 “desertum
393 2557 408 2579 ’⁹
421 2556 628 2639 significatur
640 2558 817 2626 obscurum
831 2559 909 2629 veri,
924 2577 984 2638 per
997 2564 1016 2589 ‘¹
1026 2559 1117 2619 urbes
1129 2546 1194 2634 ejus”

112 2652 342 2735 significantur
362 2650 571 2725 dodtrinalia,
591 2672 650 2733 per
667 2651 792 2713 “villas
801 2651 815 2674 '¹
835 2654 1049 2732 cognitiones
1067 2660 1099 2713 et
1115 2649 1194 2710 scien·

113 2746 203 2810 tifica
220 2744 395 2820 naturalia,
412 2766 471 2827 per
486 2745 701 2808 “Arabiam‘'
717 2743 922 2826 significatur
939 2744 1097 2807 naturalis
1111 2743 1193 2805 hono.

114 2860 192 2902 nam
208 2840 321 2902 Arabs
338 2841 369 2901 in
387 2841 523 2902 deserto
539 2851 590 2902 est
608 2839 768 2902 naturalis
786 2840 898 2911 homo,
916 2858 976 2919 per
993 2839 1194 2900 “habitatores

113 2948 230 3016 petrae
239 2934 253 2957 ”
274 2934 504 3016 significantur
527 2935 615 2995 bona
639 2932 714 2996 fidei
738 2955 796 2995 seu
819 2934 866 2995 illi
889 2935 943 3014 qui
967 2935 1000 2995 in
1025 2932 1113 2995 bonis
1132 2919 1194 2990 fidei

113 3050 172 3111 per
193 3037 321 3110 “caput
342 3030 504 3091 montium
514 3028 528 3051 '¹
547 3028 754 3111 significatur
773 3029 897 3090 bonum
917 3030 1041 3091 amoris
1059 3029 1090 3089 in
1107 3014 1194 3085 Doni·

114 3145 214 3202 num;
238 3125 315 3187 inde
335 3134 428 3203 patet
449 3123 527 3205 quid
547 3122 678 3204 singula
697 3123 729 3184 in
749 3122 865 3184 ordine
885 3121 1086 3202 significant,
1104 3126 1194 3189 nempe

114 3218 358 3282 consessionem
375 3228 410 3279 et
426 3216 554 3279 cultum
571 3217 696 3279 laetum
714 3239 758 3278 ex
776 3217 865 3278 bono
881 3217 1005 3278 amoris
1021 3218 1053 3278 in
1070 3213 1194 3289 illisque

114 3323 302 3375 memorata
321 3323 409 3384 sunt,
430 3331 508 3376 nam
533 3311 706 3373 “clamare
730 3332 748 3372 e
772 3311 882 3392 capite
902 3307 1090 3373 montium'’
1105 3317 1148 3368 est
1163 3313 1194 3358 ex

114 3407 204 3470 bono
223 3407 346 3468 amoris
365 3404 485 3467 colere.

177 3496 237 3580 [c.]
269 3496 374 3578 Apud
392 3496 571 3569 Davidem,

170 3622 277 3672 “Mons
288 3622 336 3669 Dei
346 3637 425 3669 mons
437 3621 591 3678 Basehanis,
601 3636 679 3668 mons
690 3621 796 3669 collium
810 3635 887 3668 mons
899 3619 1047 3667 Baschanis
1058 3631 1065 3674 ;
1081 3626 1149 3680 quare
1155 3602 1198 3655 ’πθ

248 3687 327 3735 silitis
344 3696 458 3744 montes,
477 3687 559 3734 colles
578 3687 696 3736 montisi
733 3685 873 3734 Desiderat
892 3684 965 3733 Deus
983 3684 1126 3732 inhabitare
1140 3674 1197 3723 illum.

249 3753 329 3801 etiam
348 3751 468 3814 jehovah
486 3751 616 3799 habitabit
633 3752 660 3798 in
679 3762 836 3813 perpetuum
843 3749 858 3768 ”
875 3749 930 3809 (Pa.
943 3749 1026 3802 lxviii.
1040 3749 1078 3807 1⁶,
1090 3759 1116 3805 17
1133 3729 1198 3806 [Μ

250 3828 288 3876 15,
303 3813 372 3879 16]);

118 3957 178 4018 per
197 3943 377 4000 “montem
402 3935 610 3999 Baschanis”
631 3933 837 4016 significatur
860 3935 985 3996 bonum
1009 3924 1202 3996 voluntarium

117 4032 216 4113 quale
232 4042 284 4093 est
300 4032 387 4112 apud
405 4031 481 4093 illos
493 4032 548 4113 qui
564 4032 597 4092 in
613 4031 764 4092 externis
777 4029 939 4091 ecclesiae
955 4040 1055 4104 sunt;
1080 4019 1204 4088 Baschan

117 4127 206 4187 enim
228 4135 300 4187 erat
320 4128 413 4206 regio
433 4135 527 4187 trans
544 4125 736 4204 jordanem,
756 4145 842 4205 quae
861 4124 1018 4184 dimidiae
1038 4121 1132 4185 tribui
1151 4110 1206 4214 ΜΞ·

117 4222 224 4282 nassis
241 4221 321 4281 data
337 4230 408 4281 erat
426 4220 457 4280 in
475 4219 699 4281 hereditatem
718 4217 886 4298 (videatur
902 4217 1032 4289 Josuae
1047 4225 1143 4296 caput
1155 4205 1211 4272 xin-

118 4314 248 4395 29-32),
266 4324 300 4375 et
321 4334 379 4392 per
396 4311 628 4374 “Menassen”
645 4311 851 4392 significatur
867 4313 992 4372 bonum
1009 4306 1216 4373 voluntarium

118 4409 253 4471 externi
266 4429 323 4470 seu
335 4407 495 4469 naturalis
508 4407 652 4470 hominis
664 4428 673 4483 ;
693 4408 817 4468 bonum
830 4407 893 4467 hoc
905 4404 1129 4468 voluntarium
1141 4401 1220 4465 idem
