2684 4988
304 485 382 537 ene.
399 486 475 547 vn,
493 485 596 535 vans
612 486 724 554 9.-1v.
739 487 779 553 45
786 470 860 556 5[c].
1062 472 1139 555 1165

104 654 232 720 ficatur
248 676 307 737 per
320 655 486 718 “surdum
499 674 601 736 aegre
616 654 844 737 loquentem,”
856 674 956 738 quern
974 654 1141 719 Dominus

104 752 163 825 vit,
184 751 230 814 de
249 770 315 833 quo
333 751 381 813 ita
400 750 489 831 apud
507 749 671 824 Marcum,

104 899 151 933 sus
158 897 303 933 assumens
310 883 419 932 surdum
428 897 508 944 aegre
517 882 680 946 loquentem,
687 884 704 905 ‘¹
711 881 804 944 injecit
812 882 926 945 digitum
936 897 1014 932 suum
1025 882 1052 932 in
1062 897 1141 933 aures

150 950 220 1010 ejus,
232 958 259 996 et
271 963 405 1010 exspuens
416 949 505 1009 tetigit
514 948 634 1010 linguam
645 948 721 1010 ejus;
739 959 765 997 et
778 949 927 1010 suspiciens
937 949 966 997 in
976 949 1093 999 caelum.
1103 986 1109 998 .
1120 986 1139 1006 .,

150 1015 218 1063 dixit
228 1015 262 1071 ei,
276 1013 427 1075 Ephathali,
438 1015 489 1061 hoc
499 1024 548 1071 est,
562 1014 705 1075 Aperitor:
723 1024 786 1062 tunc
796 1014 887 1063 statim
896 1015 982 1076 aperti
994 1024 1058 1063 sunt
1067 1014 1142 1063 audi-

151 1089 194 1128 tus
204 1080 272 1140 ejus,
282 1088 309 1129 et
319 1080 437 1128 solutum
447 1089 489 1127 est
500 1079 636 1129 vinculum
646 1079 754 1140 linguae
764 1079 832 1141 ejus,
842 1088 869 1128 et
881 1080 986 1128 locutus
996 1089 1037 1128 est
1046 1077 1118 1128 teile
1126 1078 1141 1098 '⁵

151 1145 206 1206 (vn.
219 1145 324 1205 ³³-3slt

104 1267 115 1330 l
135 1267 295 1330 miracula
319 1267 468 1341 Domini,
489 1269 565 1350 quia
589 1268 724 1343 Divina,
744 1269 858 1331 omnia
880 1269 1085 1333 involverint
1104 1280 1140 1334 et

105 1360 284 1425 ificaverint
308 1361 390 1424 talia
413 1382 498 1443 quae
522 1361 608 1426 caeli
631 1371 666 1425 et
684 1361 855 1426 :ecclesiae
878 1372 968 1438 sunt,
991 1373 1026 1428 et
1049 1364 1139 1446 quod

104 1454 229 1519 *luerint
242 1457 439 1519 sanationes
453 1458 658 1531 morborum,
670 1477 729 1538 per
738 1477 822 1539 quas
834 1456 1047 1538 significatae
1060 1468 1140 1522 sunt

104 1551 215 1613 itiones
229 1552 319 1613 vitae
336 1551 518 1632 spiritualis
531 1552 653 1626 variae,
669 1551 824 1614 videatur
839 1552 872 1614 in
889 1551 920 1614 Α
926 1552 1037 1616 rcanis
1056 1551 1085 1617 C
1085 1575 1139 1616 ae·

104 1641 159 1705 'bus
175 1660 210 1717 (n.
219 1672 287 1717 7337·
298 1660 365 1716 3364,
374 1662 445 1716 9031)
458 1664 465 1720 ;
490 1663 548 1724 per
562 1650 581 1675 ‘⁶
591 1643 728 1705 surdum
738 1641 753 1665 '⁹
766 1642 1002 1724 significantur
1018 1644 1068 1707 illi
1083 1645 1139 1726 qui

117 1735 145 1797 in
172 1732 349 1798 intellectu
373 1736 442 1797 veri
470 1745 505 1797 et
532 1735 611 1798 inde
634 1754 702 1797 non
729 1735 762 1796 in
786 1734 991 1809 obedientia,
1016 1745 1052 1799 et
1080 1757 1140 1819 per

104 1848 152 1908 gre
171 1828 392 1911 loquentem”
411 1828 643 1910 significantur
661 1829 716 1910 qui
736 1829 813 1891 ideo
831 1848 933 1910 aegre
952 1829 985 1891 in
1005 1830 1138 1894 conses-

104 1943 119 1985 e
138 1922 275 1986 Domini
298 1935 333 1987 et
352 1925 421 1986 veri
444 1923 610 1987 ecclesiae
633 1932 734 2000 sunt;
757 1943 816 2005 per
836 1923 983 1986 “aures''
1002 1935 1139 2006 apertas

104 2020 208 2080 omino
227 2017 435 2098 significatur
454 2020 628 2101 perceptio
643 2019 712 2080 veri
731 2026 767 2080 et
786 2017 1001 2095 obedientia;
1026 2028 1061 2081 et
1081 2040 1141 2102 per

105 2112 229 2192 guam,¹'
248 2112 341 2193 cujus
359 2112 530 2176 vinculum
549 2112 698 2175 solutum
717 2121 769 2175 est
788 2132 809 2173 a
830 2111 989 2185 Domino,
1010 2112 1138 2194 signifi-

104 2227 121 2268 r
131 2206 298 2269 consessio
311 2206 446 2269 Domini
460 2217 495 2270 et
508 2207 690 2269 veritatum
702 2205 878 2269 ecclesiae.
925 2204 1025 2287 Quod
1038 2227 1139 2288 apos·

111 2302 213 2364 etalii
233 2311 311 2383 post
328 2297 606 2363 resurrei'tionem
624 2301 760 2362 Domini
774 2300 907 2363 “locuti
924 2302 992 2363 sint
1009 2300 1133 2381 linguis

104 2394 150 2466 [s,''
168 2393 381 2474 significabat
401 2396 505 2456 etiam
524 2393 770 2456 consessionem
792 2394 927 2455 Domini
950 2402 986 2456 et
1005 2394 1131 2456 verita·

116 2488 279 2551 ecclesiae
296 2508 425 2565 novae3
449 2488 492 2550 de
511 2508 576 2570 qua
593 2509 629 2550 re
647 2489 696 2550 ita
712 2488 799 2568 apud
818 2486 982 2560 Marcum,

104 2629 152 2664 sus
161 2615 236 2672 dixit,
252 2615 359 2677 “Signa
369 2615 509 2665 credentes
520 2615 585 2663 haec
598 2625 749 2678 sequentur,
762 2615 790 2663 in
804 2615 914 2664 nomine
925 2630 987 2665 meo
996 2616 1142 2667 daemonia

150 2681 267 2742 ejicient,
282 2690 308 2729 et
321 2681 419 2743 linguis
431 2681 575 2743 loquentur
587 2681 666 2728 novis
674 2680 689 2699 ''
701 2680 764 2741 (xvi.
779 2681 833 2740 17):

106 2802 251 2883 “ejicere
278 2803 457 2865 daemonia
468 2802 482 2826 '’
505 2801 714 2883 significatur
739 2822 916 2866 removere
942 2813 978 2867 et
1004 2803 1141 2887 rejicere

104 2897 222 2972 ¹mali;
246 2906 281 2960 et
302 2918 360 2979 per
381 2897 501 2979 “loqui
524 2897 647 2976 linguis
667 2898 763 2959 novis
774 2897 789 2920 ”
808 2897 1016 2978 significatur
1034 2899 1140 2964 confi·

104 2989 286 3053 Dominum
306 3001 341 3055 et
360 3012 439 3055 vera
457 2991 622 3053 ecclesiae
641 2990 684 3053 ab
704 2991 802 3072 Ipso:
827 3012 930 3073 quare

104 3124 214 3187 postolis
228 3125 328 3173 “visae
343 3133 406 3173 sunt
417 3123 520 3173 divisae
535 3124 643 3185 linguae
655 3123 732 3186 quasi
748 3123 827 3185 ignis,
841 3139 911 3187 quae
925 3125 1054 3176 sederunt
1067 3127 1140 3189 apud

148 3190 218 3246 illos.
233 3204 265 3238 ac
279 3199 342 3239 tunc
357 3189 459 3251 impleti
473 3189 570 3252 spiritu
584 3187 680 3238 sancio
692 3200 840 3252 coeperunt
854 3190 927 3254 loqui
942 3191 1004 3240 aliis
1018 3192 1118 3254 linguis
1126 3192 1141 3212 '¹

149 3255 221 3316 (Aa,
232 3257 320 3319 Aposr.
333 3255 359 3304 ii.
373 3251 420 3315 1¹13,
432 3256 472 3315 4):

104 3379 235 3460 ‘ignem
243 3377 258 3400 ”
272 3375 525 3457 significabatur
540 3396 636 3439 amor
647 3376 728 3448 veri,
744 3385 779 3439 et
796 3397 855 3458 per
870 3377 959 3459 quod
979 3378 1140 3461 “impleti

104 3482 136 3536 tu
145 3469 290 3535 sancio”
300 3470 553 3552 significabatur
563 3472 715 3552 receptio
726 3471 838 3533 Divini
849 3471 931 3534 Veri
944 3493 963 3534 a
977 3472 1138 3550 Domino,

104 3588 129 3631 er
142 3567 304 3648 “linguas
318 3586 423 3629 novas
432 3565 446 3589 ”
460 3566 689 3629 consessiones
702 3586 746 3628 ex
761 3586 875 3628 amore
889 3568 959 3629 veri
972 3588 1030 3630 seu
1044 3568 1119 3632 zelo
1132 3591 1139 3647 ;

104 3709 108 3734 .
128 3671 164 3725 ut
183 3658 430 3744 supradictum
449 3670 513 3733 est,
531 3661 645 3723 omnia
665 3659 825 3722 miracula
847 3659 980 3733 Divina.
998 3663 1140 3744 proinde

103 3757 131 3819 ia
149 3755 312 3820 miracula
331 3765 520 3817 memorata
539 3756 572 3817 in
592 3753 721 3829 Verbo,
738 3754 960 3817 involvebant
979 3767 1014 3818 et
1034 3757 1139 3837 signi-

104 3860 164 3914 ant
187 3850 374 3931 spiritualia
401 3861 435 3913 et
463 3850 635 3923 caelestia,
664 3850 730 3912 hoc
755 3858 818 3923 est,
844 3847 926 3912 talia
949 3869 1035 3930 quae
1060 3861 1139 3913 sunt

104 3947 181 4008 :siae
205 3956 241 4008 et
265 3945 370 4020 caeli3
395 3966 439 4008 ex
463 3945 527 4007 hoc
550 3945 805 4025 distinguuntur
829 3943 990 4005 miracula
1015 3942 1139 4005 Divina

104 4042 223 4104 raculis
241 4059 309 4103 non
328 4040 468 4101 Divinis.
514 4037 759 4120 Supersedetur
777 4036 872 4118 plura
892 4036 967 4099 loca
987 4057 1005 4099 e
1022 4035 1139 4101 Verbo

104 4155 144 4209 re,
164 4134 402 4199 confirmantia
420 4133 510 4215 quod
529 4154 588 4215 per
606 4133 769 4214 “linguas
778 4131 793 4155 ”
812 4151 881 4194 non
900 4130 1139 4212 intelligantur

104 4228 171 4293 elae
187 4230 220 4291 in
237 4229 408 4291 communi
421 4248 532 4301 sensu,
546 4227 606 4291 sed
623 4226 852 4289 consessiones
864 4246 909 4290 ex
923 4225 1010 4288 veris
1024 4224 1136 4289 eccle-

124 4331 156 4385 et
182 4323 216 4385 in
244 4322 403 4403 opposito
426 4341 526 4386 sensu
549 4320 779 4385 consessiones
805 4340 851 4384 ex
878 4319 970 4383 salsis
994 4318 1138 4401 alicujus

104 4418 198 4492 nonis.
