2716 4986
171 485 237 564 980
484 496 732 548 aeocnnvrsrs
755 498 978 550 uxeucnrn.

171 665 338 748 significet
372 666 531 730 Divinum
565 666 740 743 Amorem,
770 678 805 732 et
839 669 916 732 inde
950 668 1111 732 Divinum
1142 669 1292 743 Bonum,

170 771 307 824 constat
325 783 371 824 ex
390 763 608 843 sequentibus
626 763 678 825 his
697 762 947 845 locis:-Apud
965 763 1143 839 Davidem,

221 895 373 945 “illumina
391 895 472 944 iacies
490 906 549 944 tuas
566 910 647 958 super
664 911 770 945 servum
789 905 873 954 tuum,
887 911 966 945 serva
982 910 1025 945 me
1042 905 1154 960 propter
1167 896 1292 961 benigni-

300 969 382 1009 tatem
396 960 491 1009 tuam”
502 960 557 1022 (Ps.
570 962 641 1010 xxxi.
656 973 685 1020 17
697 959 742 1025 [B.
754 963 789 1010 A.
803 957 872 1026 16]):

171 1093 386 1157 “illuminare
415 1093 539 1156 sacies‘’
569 1093 738 1173 significat
767 1092 935 1156 illustrare
965 1093 1089 1157 Divino
1118 1092 1216 1156 Vero
1245 1114 1289 1156 ex

170 1186 294 1250 Divino
305 1187 433 1250 Amore
445 1210 453 1264 ;
469 1188 559 1269 quod
573 1189 636 1250 boc
647 1186 853 1268 significetur
866 1208 925 1269 per
936 1188 1152 1251 “illuminare
1163 1187 1289 1251 lacies”

169 1293 223 1346 est
252 1284 328 1364 quia
360 1283 518 1345 Divinum
548 1281 686 1356 Verum,
717 1284 807 1364 quod
838 1283 992 1363 procedit
1021 1302 1042 1344 a
1071 1281 1224 1347 Domino
1253 1294 1288 1346 ut

170 1373 249 1439 Sole
272 1377 305 1439 in
329 1376 425 1438 caelo
447 1375 615 1457 angelice,
639 1377 697 1439 dat
725 1396 861 1439 ornnem
885 1376 994 1439 lucem
1017 1376 1072 1450 ibi,
1096 1386 1132 1439 et
1155 1397 1288 1459 quoque

170 1469 318 1533 illustrat
352 1481 484 1532 mentes
517 1469 726 1551 angelorum,
760 1490 799 1533 ac
835 1468 955 1551 implet
990 1470 1067 1534 illos
1100 1470 1284 1550 sapientia:

168 1583 270 1644 quare
288 1563 417 1626 “iacies
434 1563 592 1626 Domini”
610 1565 643 1626 in
663 1565 797 1645 proprio
812 1584 913 1626 sensu
931 1573 984 1626 est
1000 1562 1059 1627 Sol
1075 1563 1161 1627 caeli
1181 1584 1284 1645 ange·

168 1657 233 1732 lici,
253 1677 330 1720 nam
351 1658 516 1719 Dominus
535 1669 676 1739 apparet
695 1658 825 1739 angelis
844 1659 1038 1721 interiorum
1058 1657 1231 1720 caelorum
1250 1676 1283 1720 ut

170 1748 240 1824 Sol,
260 1760 295 1813 et
314 1751 377 1814 hoc
398 1772 443 1813 ex
463 1751 587 1815 Divino
604 1751 712 1831 lpsius
731 1750 878 1828 Amore;
903 1771 980 1813 nam
997 1750 1107 1813 Amor
1123 1753 1157 1813 in
1174 1751 1283 1822 caelis,

170 1844 251 1931 dum
271 1846 401 1907 sistitur
419 1856 498 1907 ante
518 1844 806 1926 oculos-apparet
830 1855 865 1908 ut
889 1847 986 1926 ignis,
1007 1845 1150 1908 Divinus
1172 1856 1284 1908 autem

170 1935 281 2001 Amor
300 1949 335 2001 ut
356 1937 424 2000 Sol.
470 1938 525 2000 Ex
549 1938 609 2001 illo
632 1937 711 2002 Sole
734 1939 888 2019 procedit
911 1949 946 2001 et
969 1937 1062 2001 calor
1084 1950 1120 2001 et
1144 1938 1226 2016 lux;
1247 1958 1283 2001 ac

168 2031 260 2094 calor
286 2031 342 2095 ille
368 2043 421 2093 est
453 2032 612 2096 Divinum
644 2031 789 2106 Bonum,
812 2041 848 2094 et
875 2032 934 2094 lux
961 2031 1019 2095 illa
1045 2042 1099 2094 est
1127 2032 1282 2095 Divinum

170 2123 308 2188 Verum.
362 2125 418 2188 Ex
448 2128 500 2188 his
532 2137 688 2190 constare
716 2136 830 2207 potest
860 2126 951 2207 quod
980 2146 1040 2207 per
1067 2126 1281 2189 “illuminare

168 2219 269 2283 iacies
293 2230 368 2284 tuas
391 2241 490 2302 super
513 2241 646 2284 servum
670 2231 764 2284 tuum
773 2220 788 2244 '’
803 2219 1011 2301 significetur
1032 2219 1202 2284 illustrare
1225 2219 1282 2283 Di·

168 2315 247 2377 vino
265 2314 357 2378 Vero
380 2337 424 2378 ex
450 2316 575 2377 Divino
598 2315 714 2391 Bono;
738 2335 839 2396 quare
858 2316 962 2377 etiam
984 2314 1132 2389 additur,
1153 2312 1283 2378 “Serva

168 2427 221 2472 me
251 2420 391 2491 propter
421 2409 669 2490 benignitatem
703 2419 795 2471 tuam
808 2407 834 2484 ;”
864 2408 1058 2488 benignitas
1087 2417 1142 2472 est
1172 2407 1281 2472 Divini

168 2497 265 2562 Boni.
298 2517 357 2574 (Sed
367 2518 398 2561 de
409 2517 465 2562 Sole
474 2517 498 2560 in
509 2516 584 2562 Caelo
594 2516 718 2573 Angelico,
725 2523 749 2560 et
756 2517 787 2560 de
793 2515 880 2562 Calore
886 2522 911 2559 et
918 2515 985 2561 Luce
991 2515 1055 2567 inde,
1062 2515 1280 2574 videaturiuopere

168 2595 283 2741 Ἄιέἴὲ
290 2597 433 2724 ἑέυτῶἒπὲς
445 2596 483 2640 De
492 2596 547 2641 Sole
556 2595 597 2648 ibi,
604 2609 627 2640 n.
637 2596 754 2652 116-125;
771 2602 795 2639 et
805 2594 842 2640 De
851 2594 938 2641 Calore
946 2602 970 2639 et
980 2594 1048 2640 Luce
1056 2594 1282 2654 inde,n.126-140.)

438 2710 445 2736 l

217 2793 324 2842 “Multi
341 2795 440 2851 dieunt,
460 2794 528 2858 Quis
545 2794 669 2842 ostendet
686 2795 764 2842 uobis
782 2794 901 2843 bonum?
933 2792 1010 2842 Tolle
1027 2807 1110 2856 super
1127 2808 1179 2843 nos
1197 2793 1278 2843 lucem

296 2859 423 2908 facierum
436 2869 551 2917 tuarum,
565 2857 708 2923 Jebovah”
721 2858 776 2920 (Pa.
788 2858 823 2908 iv.
837 2869 851 2918 7
862 2856 908 2922 [B.
917 2859 953 2909 A.
964 2854 1020 2922 6]);

166 2982 257 3064 apud
275 2981 434 3056 eundern,

217 3092 373 3222 '‘Jebpffl.
388 3092 415 3141 in
427 3092 485 3140 luce
497 3090 625 3139 facierum
638 3099 742 3140 tuarum
754 3086 952 3139 ambulsbunt”
962 3088 1019 3152 (Pa.
1030 3088 1135 3141 lxxxix.
1148 3089 1179 3139 16
1190 3085 1236 3156 [B.
1246 3090 1280 3139 A.

165 3269 256 3350 apud
275 3269 433 3342 eundem,

217 3383 234 3405 ‘⁸
243 3380 325 3437 Deua,
337 3380 423 3509 {chin}
429 3393 487 3436 nos,
500 3388 526 3428 et
537 3378 625 3506 li]r)cere
636 3376 678 3426 lac
690 3376 772 3427 iacies
781 3385 850 3438 tuas,
860 3386 891 3426 nt
901 3390 1040 3427 servemur
1046 3374 1062 3398 '⁹
1071 3376 1129 3440 (1²³.
1140 3377 1214 3429 lm.
1224 3391 1248 3439 4,
1259 3377 1281 3433 Β.

296 3458 329 3493 ²0
382 3482 388 3494 ·
429 3457 470 3504 ·³.
483 3456 506 3504 7.
521 3456 550 3506 ¹9
584 3458 590 3503 i

165 3578 201 3631 et
220 3567 310 3649 apud
326 3566 485 3640 eundern,

216 3681 235 3703 ⁴⁸
243 3679 316 3728 Deus
324 3679 481 3726 misereatur
490 3677 583 3734 nostri,
593 3686 620 3726 et
629 3676 768 3725 benedicat
778 3676 865 3735 nobis,
874 3675 1007 3725 illuminet
1015 3674 1099 3725 iacies
1108 3690 1173 3726 ιω
1183 3673 1282 3726 nobis”

296 3744 351 3804 (Pa.
363 3743 436 3792 lxvii.
449 3755 464 3790 2
475 3740 563 3806 [ΒΛ.
578 3739 629 3806 1]):

166 3896 226 3958 per
255 3875 393 3937 “lucem
426 3875 584 3937 facierum
616 3873 790 3954 Jehovae”
819 3894 877 3935 seu
911 3872 1047 3935 Domini
1081 3872 1282 3955 intelligitur

166 3968 328 4031 Divinum
348 3966 477 4028 Verum
496 3987 540 4028 ex
561 3966 686 4028 Divino
705 3964 837 4027 Amore
856 3981 1001 4039 (utsupra),
1017 3975 1053 4028 et
1076 3965 1157 4028 inde
1179 3964 1280 4029 intel·

167 4061 307 4142 ligentia
326 4068 360 4121 et
379 4060 564 4138 sapientia;
588 4078 665 4119 narn
689 4078 732 4119 ex
754 4057 877 4120 Divino
896 4057 990 4119 Vero
1013 4077 1071 4118 seu
1094 4078 1141 4120 ex
1160 4057 1280 4120 Divina

166 4155 240 4217 luce
262 4155 295 4217 in
315 4153 417 4215 caelis
436 4164 488 4214 est
508 4153 616 4214 omnis
636 4151 862 4232 intelligentia
880 4161 916 4214 et
939 4153 1107 4232 sapientia
1130 4163 1202 4215 tam
1222 4172 1278 4215 an·

165 4249 252 4331 gelis
270 4267 372 4331 quam
390 4248 603 4322 hominibus;
628 4246 705 4308 inde
725 4266 784 4326 per
801 4245 1017 4309 “illuminare
1036 4246 1139 4309 facies
1158 4245 1279 4319 nobis,”

166 4364 225 4426 per
253 4342 401 4404 “tollere
428 4361 526 4420 super
554 4361 615 4402 nos
645 4341 753 4403 lucem
783 4339 940 4402 facierum
967 4341 1133 4415 tuarum,”
1159 4351 1194 4404 et
1224 4359 1278 4420 per

167 4438 304 4501 “facere
323 4436 433 4499 lucere
457 4435 557 4498 facies
580 4434 683 4510 tuas,”
703 4436 735 4496 in
759 4433 824 4497 illis
848 4434 942 4510 locis,
961 4433 1171 4515 significatur
1189 4433 1276 4497 illus·
