2684 4988
375 521 472 573 cae.
492 505 802 584 V1,vans.6.-n.
822 506 940 594 375[c].
1170 527 1234 595 749

121 689 247 774 gaturin
271 711 449 775 supremo
475 712 577 755 sensu
602 688 769 755 Dominus
794 701 828 754 et
856 711 999 775 regnum
1027 693 1146 774 Ipsius
1172 714 1231 777 per

127 784 280 870 '‘patrem''
304 785 504 860 Dominus,
529 795 563 849 et
587 807 646 867 per
666 790 842 849 “matrem
852 785 868 810 '’
886 805 1028 868 regnum
1054 786 1174 869 IpsiuS,
1195 800 1230 854 et

129 880 200 963 quod
214 901 262 963 per
279 879 524 964 “prolongari
540 873 633 942 dies”
650 901 709 943 seu
728 879 915 961 longaevus
932 878 1001 943 fieri
1022 881 1230 963 significetur

133 974 197 1037 felix
215 975 244 1037 in
266 983 464 1038 aeternum.
523 972 684 1037 Similiter
708 975 741 1036 in
762 974 854 1037 mille
880 974 963 1038 aliis.
1016 974 1113 1039 Haec
1140 974 1229 1043 dieta

137 1079 196 1131 sunt
209 1079 239 1132 ut
254 1070 383 1133 sciatur
402 1069 486 1151 quid
502 1068 705 1149 intelligitur
724 1089 783 1150 per
801 1068 891 1130 bona
910 1078 945 1131 et
962 1056 1041 1131 vera
1056 1072 1228 1134 exteriora

139 1173 166 1225 et
180 1183 222 1244 per
236 1163 322 1226 bona
341 1173 379 1227 et
400 1184 483 1227 vera
502 1161 663 1226 interiora
683 1162 800 1238 Verbi,
821 1163 897 1244 quia
917 1183 976 1245 per
994 1165 1173 1227 “triticum
1193 1176 1227 1229 et

140 1255 289 1320 hordeum''
313 1257 553 1340 significantur
576 1257 668 1319 bona
694 1265 730 1319 et
757 1275 838 1319 vera
864 1257 1045 1332 exteriora,
1070 1257 1135 1321 hoc
1163 1271 1226 1330 est,

141 1361 286 1432 quaesunt
306 1372 429 1415 seusus
449 1351 587 1415 litterae
604 1351 720 1425 Verbi,
742 1360 778 1414 at
798 1371 857 1432 per
876 1350 1016 1413 “oleum
1036 1361 1071 1414 et
1088 1353 1203 1417 vinum
1213 1355 1228 1376 ”

142 1445 336 1525 significantur
363 1446 456 1508 bona
483 1455 519 1509 et
543 1464 622 1509 vera
649 1445 822 1518 interiora,
847 1444 912 1508 hoc
941 1454 1005 1519 est,
1034 1466 1121 1526 quae
1148 1458 1226 1510 sunt

143 1557 229 1602 ansus
244 1540 425 1622 spiritualis
444 1538 561 1602 Verbi.

186 1643 236 1727 [a]
266 1644 368 1727 Quod
398 1666 460 1727 per
491 1645 673 1708 “triticum
702 1654 737 1708 et
770 1644 962 1709 hordeum”
991 1643 1227 1726 significentur

145 1735 206 1799 bona
224 1748 255 1802 et
276 1758 357 1801 vera
380 1739 566 1813 exteriora,
590 1759 650 1801 seu
673 1739 762 1801 bona
786 1748 821 1801 et
845 1759 925 1802 vera
948 1757 1066 1800 sensus
1090 1738 1225 1802 litterae

145 1826 229 1905 Verbi,
249 1842 300 1896 est
326 1833 405 1914 quia
428 1842 509 1895 sunt
535 1833 654 1895 messis
677 1833 759 1914 agri,
784 1842 820 1896 et
848 1852 916 1894 non
941 1832 1127 1895 inserviunt
1155 1835 1225 1894 esui
1337 1845 1340 1855 ·

145 1935 289 2007 antequam
306 1926 389 1990 fiunt
407 1947 524 2008 panes,
542 1947 581 1991 ac
598 1947 658 2008 per
676 1932 809 2007 “panes
818 1925 832 1950 ”
848 1928 881 1990 in
899 1926 1016 1989 Verbo
1032 1926 1225 2008 significan-

146 2027 183 2079 tur
197 2019 274 2083 bona
295 2022 480 2097 interiora,
505 2021 552 2085 ita
579 2041 638 2102 per
663 2021 844 2084 “triticum
868 2031 903 2083 et
931 2020 1120 2084 hordeum”
1144 2020 1226 2084 talia

147 2114 290 2194 exquibus
307 2114 366 2177 illa
385 2115 498 2191 bona;
522 2115 604 2178 talia
622 2115 727 2178 etiam
746 2126 825 2178 sunt
845 2115 935 2178 bona
953 2125 989 2177 et
1009 2135 1088 2177 vera
1108 2109 1225 2177 sensus

149 2203 247 2271 litterae
264 2208 388 2272 Verbi:
413 2209 505 2291 quod
527 2219 642 2271 autem
662 2228 721 2290 per
742 2208 883 2273 “oleum
906 2218 942 2271 et
962 2209 1100 2271 vinum”
1120 2210 1224 2289 signi-

148 2295 253 2364 ficentur
269 2303 358 2365 bona
375 2303 547 2376 interiora,
568 2323 654 2384 quae
673 2312 751 2366 sunt
771 2324 889 2365 sensus
909 2303 1032 2365 interni
1051 2324 1109 2365 seu
1129 2304 1224 2385 spiri-

149 2393 219 2456 tulis
237 2395 349 2471 Verbi,
374 2408 533 2461 constare
556 2407 672 2479 potest
696 2417 741 2460 ex
764 2397 1012 2478 significatione
1035 2397 1167 2459 illorum
1191 2399 1223 2460 in
1262 2434 1266 2442 ι

149 2480 238 2562 Verbo,
251 2500 286 2553 ut
298 2511 344 2553 ex
357 2490 578 2573 sequentibus
590 2491 732 2572 patebit.
767 2489 868 2571 Quod
884 2491 936 2554 his
951 2498 970 2523 ‘⁴
982 2511 1050 2554 non
1064 2492 1224 2554 damnum

149 2575 315 2646 inferendum
343 2584 418 2658 sit,”
444 2595 498 2649 est
523 2604 634 2657 causa,
660 2604 703 2647 ne
729 2584 786 2646 illa
818 2585 1055 2667 profanentur;
1088 2605 1166 2648 nam
1197 2587 1224 2648 si

150 2673 274 2740 scirentur
288 2688 324 2742 et
343 2679 564 2742 crederentur
579 2699 618 2742 ac
638 2688 760 2760 postea
777 2688 994 2760 negarentur,
1012 2689 1070 2742 aut
1090 2701 1223 2762 quoque

107 2800 113 2819 ·
150 2763 321 2834 imeretur
344 2783 467 2835 contra
489 2772 557 2847 illa,
582 2783 662 2835 tunc
686 2772 963 2854 profanarentur;
987 2782 1023 2835 et
1047 2773 1222 2855 profanare

149 2856 208 2923 bona
228 2876 260 2927 et
288 2887 368 2929 vera
387 2869 548 2930 interiora
574 2879 627 2930 est
658 2865 864 2948 conjungere
893 2888 930 2930 se
957 2887 1033 2930 cum
1062 2869 1159 2931 eaelo
1188 2881 1223 2934 et

148 2951 214 3018 simul
234 2979 307 3023 cum
326 2960 468 3033 infern0,
488 2962 578 3043 quod
602 2971 656 3024 est
680 2981 816 3042 prorsus
839 2962 980 3043 perdere
999 2963 1105 3024 vitam
1129 2965 1224 3044 spiri·

148 3049 258 3128 tutem
281 3075 360 3117 nam
379 3055 471 3118 bona
490 3066 526 3119 et
544 3075 624 3118 vera
639 3075 726 3136 quae
743 3056 935 3130 creduntur,
953 3069 1167 3138 permanent,
1188 3070 1223 3122 et

147 3158 241 3228 quoque
259 3149 348 3213 mala
366 3161 402 3213 et
420 3151 515 3225 falsa,
536 3171 622 3232 quae
642 3170 700 3232 per
719 3152 939 3232 negationem
958 3160 1016 3214 aut
1036 3171 1096 3232 per
1114 3153 1221 3215 vitam

147 3243 319 3318 cenimina,
345 3243 424 3306 loco
446 3264 561 3306 eorum
589 3244 797 3321 succedunt;
825 3245 903 3307 inde
927 3243 1120 3325 conjunctio
1143 3246 1223 3310 boni

146 3341 168 3393 et
184 3339 239 3400 veri
259 3360 344 3420 quae
368 3338 455 3401 caeli
477 3348 556 3402 sunt
586 3358 661 3401 cum
690 3338 787 3400 malis
811 3350 845 3402 et
872 3338 965 3401 falsis
993 3362 1077 3422 quae
1104 3340 1222 3404 inferni

146 3438 206 3504 sut,
222 3452 302 3513 quae
321 3452 389 3495 non
410 3433 555 3514 separari
576 3442 730 3515 possunt,
751 3433 811 3494 sed
831 3434 987 3514 discerpi,
1006 3443 1040 3495 et
1060 3453 1137 3496 cum
1154 3436 1221 3497 dis·

145 3534 298 3602 tenuntur,
316 3526 501 3591 destruitur
514 3544 614 3589 omne
631 3527 721 3588 vitae
735 3526 927 3608 spiritualis,
962 3527 1045 3590 Inde
1062 3539 1114 3591 est
1131 3531 1236 3611 quod?

146 3615 342 3690 profanatores
380 3629 458 3703 post
493 3630 638 3684 mortem
672 3641 739 3683 non
774 3623 841 3685 sint
876 3621 1010 3703 spiritus
1046 3624 1078 3684 in
1115 3623 1222 3688 forma

145 3702 267 3789 humana,
291 3725 328 3780 ut
351 3716 419 3790 alii,
444 3715 504 3778 sed
528 3735 619 3778 mere
646 3714 858 3797 phantasiae,
883 3727 919 3780 et
946 3728 1131 3798 appareant
1159 3721 1222 3783 sibi

145 3803 227 3872 volare
248 3810 311 3874 huc
343 3808 422 3873 illuc
453 3810 579 3894 absque
609 3810 721 3892 aliqua
750 3812 985 3893 cogitatione;
1016 3820 1051 3874 et
1081 3813 1221 3876 tandem

145 3913 307 3978 sepiamur
324 3905 369 3968 ab
391 3904 476 3980 aliis,
497 3926 535 3968 ac
559 3906 592 3968 in
617 3905 780 3968 infernum
800 3906 949 3968 omnium
970 3903 1118 3968 infimum
1138 3906 1221 3987 deji-

146 3989 260 4061 ciuntur:
283 4010 317 4063 et
341 4000 419 4082 quia
437 4019 504 4062 non
524 4009 690 4082 apparent
715 4000 747 4061 in
767 3998 874 4062 forma
893 3998 1040 4062 humana
1060 4001 1145 4062 sicut
1166 4002 1221 4064 alii

146 4086 258 4166 spiritus,
277 4094 353 4156 ideo
376 4112 445 4155 non
468 4092 610 4175 amplius
633 4092 676 4158 de
705 4093 744 4155 iis
767 4091 887 4157 dicitur
910 4091 966 4156 ille
990 4092 1045 4156 vel
1068 4094 1135 4168 illa,
1160 4096 1221 4158 sed

146 4174 215 4255 VM,
227 4180 286 4248 lloc
304 4183 368 4260 e'St,
387 4203 458 4246 non
477 4184 592 4247 homo.
623 4199 681 4258 (Sed
692 4202 760 4258 plura
771 4200 802 4246 de
816 4201 981 4259 profanatione
992 4201 1048 4244 boni
1060 4208 1083 4245 et
1097 4201 1145 4246 veri
1156 4202 1223 4248 vide-

146 4276 225 4322 utute
236 4280 346 4326 marina
354 4281 438 4326 Novae
447 4279 628 4340 hierosolymae,
639 4294 663 4327 n.
676 4281 725 4339 1⁶9·
742 4281 804 4340 172.)

190 4366 238 4453 [a]
265 4372 435 4455 Quoniam
451 4374 530 4437 talis
546 4396 619 4437 sors
635 4385 751 4438 manet
768 4374 847 4438 illos
859 4375 915 4456 qui
930 4372 1113 4457 profanant
1130 4373 1222 4437 bona

148 4464 173 4518 ct
184 4480 245 4526 vera
258 4466 411 4530 interiora
425 4467 509 4530 caeli
525 4476 560 4531 et
576 4467 750 4543 ecclesiae,
765 4468 842 4531 ideo
858 4486 976 4529 sensus
992 4467 1145 4530 internus
1162 4486 1219 4530 seu
