2684 4988
120 463 200 531 1132
429 461 681 515 APOCALYPSIS
703 463 935 516 Exulem.

115 653 202 715 quae
214 633 318 696 etiam
335 631 528 715 conjugium
544 633 695 698 caeleste
708 643 874 713 vocatum
900 636 1092 701 “habitare
1106 637 1149 702 ad
1162 658 1222 721 por·

115 736 188 790 turn
216 727 381 790 marium”
408 727 577 809 significat
607 727 880 809 conjunctionem
908 732 1135 812 spiritualium
1161 751 1217 795 cum

115 822 316 886 veritatibus
332 818 542 885 naturalibus
560 821 712 904 (“maria
722 823 737 846 ”
752 834 831 887 sunt
851 824 1044 889 scientifica
1059 836 1213 908 quaesunt

115 919 278 979 veritates
299 915 506 998 naturales):
534 917 717 981 “habitare
735 918 778 980 ad
798 928 937 999 portum
958 922 1094 983 navium
1102 920 1117 945 ''
1130 921 1208 1002 signi·

115 1009 194 1073 licat
208 1008 480 1090 conjunctionem
494 1010 703 1092 spiritualem
716 1030 793 1075 cum
807 1010 1054 1076 doctrinalibus
1066 1035 1109 1077 ex
1119 1012 1205 1076 Verbo

117 1103 153 1186 (⁴⁴
163 1124 268 1167 naves
277 1104 291 1127 ’'
301 1114 379 1167 sunt
393 1102 594 1167 doctrinalia
603 1115 638 1168 et
652 1106 869 1187 cognitiones
878 1108 1032 1171 omnium
1042 1106 1201 1189 generun);

117 1199 235 1262 “latus
254 1219 354 1280 super
371 1200 414 1261 ad
435 1198 624 1261 Zidonem”
640 1199 809 1281 significat
828 1203 1072 1265 extensionem
1089 1203 1128 1265 ad
1142 1221 1200 1283 cog·

115 1291 265 1352 nitiones
282 1290 363 1352 boni
382 1300 417 1353 et
435 1291 505 1352 veri
524 1310 570 1352 ex
588 1290 730 1355 caelesti
749 1311 867 1373 regno.
908 1308 1200 1368 (Sennaeeampltmexp'r

114 1386 336 1431 mundanum
348 1385 451 1431 Arcano
462 1386 805 1446 Quorsumnam.)
847 1370 1016 1436 Similiter
1033 1374 1065 1435 in
1082 1373 1197 1455 prophe·

115 1464 162 1525 tia
183 1461 288 1524 Mosis
307 1462 350 1525 de
369 1460 444 1524 filiis
464 1462 610 1536 Israelis,

165 1598 182 1619 ‘⁰
191 1595 319 1645 Sebuloni
334 1596 409 1651 dixit,
425 1594 538 1644 Laetare
553 1596 669 1645 Sebulon
685 1596 713 1645 in
725 1597 799 1646 exitu
813 1605 869 1655 tuo,
883 1606 912 1647 et
927 1597 1054 1648 lsasehar
1066 1598 1091 1647 ln
1105 1595 1197 1647 tentoriis

245 1663 313 1710 tuis:
332 1661 447 1723 populos
460 1661 487 1709 in
501 1669 622 1711 montem
631 1662 775 1718 vocabunt,
787 1663 824 1712 ibi
836 1663 1028 1714 sacrificabunt
1039 1662 1197 1724 sacrificiajur·

244 1726 328 1783 tiriae,
345 1728 408 1789 quia
421 1726 586 1775 affluentiam
605 1727 687 1776 maris
705 1738 811 1790 sugent,
829 1738 857 1777 et
874 1727 985 1778 obtecta
999 1730 1148 1778 occultorum
1157 1741 1196 1775 tre·

244 1806 294 1840 nae
302 1791 316 1810 ”
328 1792 430 1852 (Deutr.
442 1792 534 1841 xxxiii.
551 1792 589 1849 18,
603 1793 658 1854 19);

112 1925 203 2006 quod
225 1922 427 1987 “Sebulon”
447 1925 551 1988 etiam
573 1923 625 1986 hic
645 1925 839 2007 conjugium
858 1926 939 1989 boni
962 1937 998 1990 et
1018 1928 1084 1991 veri
1101 1921 1195 2006 signifi·

112 2025 181 2089 cet,
203 2016 360 2078 videatur
385 2016 419 2077 in
441 2016 605 2097 superiori
631 2016 778 2079 articulo
804 2034 837 2090 (ιι.
852 2032 940 2097 445),
962 2018 1021 2080 ubi
1046 2018 1122 2080 haec
1140 2034 1194 2097 pro

113 2106 231 2188 phetia
253 2106 427 2188 explicata
450 2118 513 2168 est.
559 2105 721 2170 Similiter
750 2108 783 2170 in
807 2109 990 2191 prophetia
1018 2109 1154 2172 Deborae
1169 2114 1194 2167 et

113 2201 235 2264 Baraki
255 2203 287 2263 in
306 2200 410 2263 Libro
428 2200 597 2274 Judicum,

164 2335 230 2385 “Ex
240 2335 345 2384 Machir
356 2335 522 2384 descendent
535 2335 712 2397 legislatores,
724 2345 750 2385 et
760 2351 793 2384 ex
803 2336 939 2386 Sebulone
949 2338 1085 2387 trabentes
1093 2344 1193 2397 sceptmm

243 2400 346 2450 scribae
356 2418 374 2450 ε.
385 2439 390 2450 .
401 2438 406 2449 .
418 2400 549 2450 ‚Sebulon
563 2400 678 2463 populus
691 2402 735 2464 qui
748 2402 857 2451 devovit
870 2403 991 2452 animam
1004 2405 1038 2452 ad
1051 2399 1191 2451 moriendum.

242 2476 269 2515 et
283 2466 427 2528 Naphthali
440 2480 521 2528 super
531 2466 718 2515 altitudinibus
730 2467 805 2528 agri:
823 2478 957 2516 venerunt
969 2482 1056 2531 reges,
1066 2469 1191 2530 pugnarunt.

242 2542 304 2580 tunc
313 2542 466 2593 pugnarunt
476 2547 553 2592 reges
564 2532 701 2580 Canaanis
711 2532 738 2580 in
748 2532 894 2581 Thaanach
905 2532 983 2594 juxta
992 2548 1074 2597 aquas
1083 2528 1192 2593 Megillo:

242 2607 382 2660 quaestum
392 2598 497 2659 argenti
511 2612 566 2645 non
578 2608 723 2659 ceperunt:
741 2599 842 2646 ecaelo
855 2610 1020 2660 pugnarunt,
1031 2599 1118 2648 stellae
1126 2591 1191 2644 deviis

242 2672 395 2725 pugnarunt
408 2678 468 2711 cum
482 2663 595 2711 Sisera’'
608 2672 642 2721 tv.
658 2676 695 2722 14,
710 2664 815 2722 18-20):

110 2795 223 2876 agitur
239 2796 271 2856 in
289 2795 352 2856 hoc
371 2794 571 2875 prophetico
588 2796 629 2857 de
647 2815 760 2876 pugna
776 2797 845 2859 veri
862 2817 906 2859 ex
925 2797 1018 2859 bono
1033 2806 1137 2860 contra
1149 2787 1190 2854 lal·

110 2909 183 2952 sum
204 2911 247 2952 ex
268 2890 378 2965 malo;
408 2910 466 2970 per
487 2896 631 2969 “regem
652 2889 844 2953 Canaanis”
864 2903 1067 2973 regnantem
1084 2893 1113 2954 in
1128 2886 1189 2951 cha·

110 3006 177 3060 zor,
195 2997 229 3048 et
250 3007 309 3067 per
327 2985 501 3047 “Siseram
513 2984 527 3007 ”
544 2985 613 3064 ejus
633 2987 805 3048 exercitus
822 2987 1022 3068 principem,
1039 2989 1090 3069 qui
1104 2990 1189 3048 contra

111 3081 278 3162 Barakum
298 3091 333 3142 et
354 3079 525 3142 Deboram
543 3080 753 3159 pugnabant,
771 3079 983 3160 significatur
999 3081 1111 3144 salsum
1126 3071 1188 3141 mali

109 3186 144 3239 et
165 3196 223 3257 per
241 3180 259 3205 ‘⁸
272 3173 440 3235 Barakum
460 3183 494 3234 et
516 3172 711 3235 Deboram''
727 3193 842 3236 verum
863 3174 964 3252 boni;
989 3186 1025 3238 et
1044 3177 1113 3257 quia
1126 3165 1188 3229 “tri·

109 3271 171 3333 bus
206 3267 394 3350 Naphthali
429 3277 463 3330 et
499 3265 702 3329 Sebulonis”
731 3267 971 3348 significabant
1003 3284 1135 3351 pugnam
1158 3276 1188 3322 ex

108 3387 189 3428 vero
208 3364 298 3446 quod
318 3384 362 3425 cx
382 3363 483 3433 bono,
506 3362 643 3424 “tribus
667 3360 881 3443 Naphthali”
901 3384 1062 3445 pugnam,
1080 3373 1112 3425 et
1127 3352 1188 3417 ‘'tri-

109 3461 170 3523 bus
188 3456 390 3522 Sebulonis’'
407 3452 678 3536 conjunctionem
695 3456 773 3519 boni
793 3465 828 3518 et
845 3458 927 3531 veri,
945 3458 1023 3521 ideo
1039 3449 1188 3520 solunhae

108 3556 207 3618 binae
232 3554 338 3615 tribus
358 3552 399 3613 ad
426 3550 645 3632 pugnandum
668 3560 866 3631 assumptae
890 3562 981 3626 sunt,
1002 3562 1038 3616 et
1061 3569 1119 3614 non
1135 3539 1188 3607 reli·

108 3669 194 3730 quae
216 3647 386 3729 (videatur
405 3645 517 3719 Judic.
532 3646 573 3706 iv.
587 3645 642 3725 6):
672 3645 762 3725 quod
783 3645 867 3708 haec
888 3666 1004 3727 pugna
1024 3645 1101 3709 talia
1116 3633 1187 3718 signi·

108 3743 270 3814 ficaverit,
291 3751 449 3803 constare
470 3748 585 3821 potest
605 3760 624 3800 a
644 3739 824 3820 prophetia
844 3761 864 3801 a
884 3739 1019 3803 Barako
1038 3750 1071 3803 et
1089 3734 1188 3802 Debora

108 3839 296 3907 enuntiata,
317 3856 402 3917 quae
422 3837 455 3896 in
475 3855 574 3897 sensu
594 3833 758 3914 spirituali
781 3836 853 3915 agit
874 3835 916 3897 de
936 3832 1075 3898 victoria
1092 3829 1146 3895 veri
1159 3838 1189 3885 ex

107 3933 199 3995 bono
222 3953 321 4013 supra
345 3930 465 3992 falsum
491 3950 534 3991 ex
559 3928 660 4001 malo,
681 3948 719 3990 ac
744 3928 786 3992 de
810 3928 1045 4009 purificatione
1067 3937 1098 3991 et
1118 3919 1189 3988 retor-

108 4030 258 4090 matione
270 4026 453 4089 ecclesiae:
475 4025 528 4087 hic
543 4026 656 4104 itaque
666 4029 685 4054 ‘⁴
695 4023 750 4085 Ex
760 4023 893 4086 Machir
903 4025 1112 4088 descendent
1120 4014 1192 4099 legis·

108 4121 264 4194 latoreS,”
281 4120 450 4202 significat
467 4120 557 4201 quod
574 4139 653 4181 vera
670 4118 749 4180 boni
767 4117 935 4200 profluant
954 4139 1000 4181 ex
1018 4119 1106 4181 bono
1119 4115 1193 4179 vitae,

109 4223 128 4248 ‘⁴
141 4216 272 4279 Machir
284 4215 299 4238 ”
315 4217 404 4279 enim
424 4214 532 4278 simile
549 4212 717 4295 significat
737 4232 812 4275 curn
834 4212 1053 4288 “Menasse,”
1068 4209 1198 4296 quoniam

108 4310 240 4373 Machir
259 4320 331 4373 erat
352 4309 438 4372 filius
458 4309 624 4371 Menassis
646 4305 775 4388 (Gener.
790 4306 811 4370 l.
826 4323 886 4388 233
915 4307 992 4382 Jos.
1007 4309 1077 4371 xiii.
1092 4305 1160 4390 31);
1178 4309 1203 4368 et

108 4403 378 4486 “legislatores”
397 4401 614 4485 ¹¹¹significant
639 4400 715 4464 illos
734 4402 789 4485 qui
812 4403 845 4465 in
864 4403 952 4465 veris
976 4402 1058 4466 boni
1080 4411 1164 4479 sunt,
1180 4407 1209 4464 et
