2684 4988
374 111 464 162 car.
482 113 544 178 vr,
562 114 666 167 vans.
682 101 793 166 6.—n.
812 102 944 187 376[g].
1158 107 1218 189 785

174 277 278 339 ''Cecidit,
291 282 403 339 cecidit,
420 282 558 346 Babylon,
573 287 636 335 urbs
648 300 754 349 magna,
770 287 832 350 quia
848 301 882 336 ex
893 287 958 336 vino
975 287 1031 337 irae
1048 289 1219 338 scortationis

228 360 286 395 snae
295 348 407 409 potavit
415 363 516 398 ornnes
524 359 618 411 gentes
627 367 646 400 :.
656 387 663 400 .
672 388 679 402 .
689 352 723 402 ‚si
731 352 790 415 quis
799 352 913 401 bestiam
923 352 1018 402 adorat
1019 389 1089 408 .....
1095 353 1140 401 ille
1149 354 1221 402 bibet

228 411 335 461 ervino
347 413 408 462 irae
427 413 481 462 Dei
493 416 579 464 mixto
596 430 670 464 mero
688 417 715 464 in
733 417 814 466 culice
832 410 908 467 irae*
922 417 982 476 Dei,
998 419 1051 467 “et
1062 418 1221 469 cruciabitur

228 475 286 539 lgne
296 486 326 527 et
337 477 474 541 sulphure
482 478 497 499 ”
508 479 572 542 (xiv.
584 481 608 540 8,
624 477 675 546 [9,]
688 483 741 544 10):

139 586 198 663 alti,

171 703 335 754 “Monstrabo
343 707 394 755 tibi
402 707 533 769 judicium
543 710 687 759 meretricis
696 726 809 773 magnae
818 711 936 760 sedentis
946 725 1025 772 supet
1033 711 1109 772 aquis
1119 712 1218 768 multis,

231 784 289 818 curn
301 785 355 834 qua
366 774 481 821 scortati
493 783 557 822 sunt
570 789 646 836 reges
658 784 752 832 terrae,
766 785 793 825 et
807 776 931 824 inebriati
946 785 1009 824 sunt
1022 789 1056 824 ex
1068 776 1131 823 vino
1149 791 1221 824 scor-

231 835 340 885 tationis
353 837 414 900 ejus
426 838 609 888 inhabitantes
623 849 721 889 terram
729 840 743 858 ”
755 841 828 901 (xvii.
843 853 865 898 1,
877 841 918 902 ul:

80 922 82 999 ἶ
133 958 157 1010 et
170 951 246 1025 alibi,

167 1063 248 1126 “Quia
258 1078 292 1114 ex
303 1064 368 1114 vino
382 1061 507 1131 [furoris]
521 1068 691 1119 scortationis
703 1069 806 1130 potavit
818 1082 913 1117 omnes
925 1077 1028 1130 gentes,
1042 1079 1069 1117 et
1082 1082 1158 1130 reges
1171 1078 1221 1117 ter·

234 1144 277 1179 rae
288 1145 349 1179 cunr
362 1145 395 1180 ea
406 1133 519 1181 scottati
531 1143 594 1186 sunt
604 1132 619 1153 ”
631 1133 713 1196 (xviii.
724 1135 764 1196 3):

126 1278 174 1339 per
185 1263 322 1328 “vinum
341 1265 411 1329 irae
428 1265 493 1329 Dei
502 1265 518 1290 ”
534 1265 742 1349 significatur
760 1267 881 1330 falsum
900 1268 990 1342 mali,
1009 1277 1043 1331 et
1063 1288 1122 1350 per
1143 1268 1220 1329 “vi-

125 1372 190 1418 num
204 1360 419 1422 scortationis
428 1360 444 1384 ”
455 1360 663 1442 significatur
675 1360 888 1425 falsificatum
905 1381 1042 1438 verum;
1066 1361 1145 1443 quid
1162 1381 1221 1442 per

123 1449 234 1532 reliqua
251 1453 467 1535 intelligitur,
488 1455 657 1517 videbitur
675 1456 708 1518 in
732 1455 963 1538 explicatione
986 1475 1120 1518 eorum:
1147 1465 1219 1518 tum

121 1545 190 1623 quid
206 1567 261 1627 per
279 1547 363 1610 haec
384 1549 418 1610 in
437 1547 652 1629 Apocalypsi,

168 1677 329 1741 “Babylonis
343 1695 459 1743 magnae
473 1682 603 1731 memoria
617 1680 688 1731 lacis
701 1692 742 1732 est
754 1697 844 1732 coram
860 1683 926 1741 Deo,
940 1684 974 1732 ad
990 1683 1107 1732 dandum
1121 1683 1158 1731 illi
1177 1697 1223 1744 po-

235 1746 321 1794 culum
334 1747 390 1795 vini
403 1746 502 1796 furoris
515 1747 590 1796 irae''
604 1747 653 1796 Dei
665 1747 729 1809 (xvi.
743 1749 798 1811 ¹9)2

119 1874 215 1939 simile
232 1880 321 1960 quod
344 1899 404 1961 per
425 1880 571 1942 “vinum
594 1881 662 1943 irae
687 1879 781 1952 Dei,”
804 1881 908 1943 etiam
932 1878 1140 1960 significatur
1164 1901 1223 1960 per

122 1970 275 2034 “calicem
284 1973 299 1997 '‘
318 1994 379 2036 seu
400 1972 590 2055 “poculum
599 1972 614 1997 ”
633 1975 701 2037 irae
721 1975 794 2037 Dei.
842 1974 944 2056 Apud
961 1975 1158 2050 Jeremiam,

171 2113 259 2164 “Calix
270 2116 327 2165 auri
342 2115 425 2166 Babel
443 2117 471 2165 in
489 2131 571 2165 manu
588 2116 716 2181 Jehovae,
731 2118 867 2166 inebrians
884 2119 1037 2167 universam
1056 2128 1172 2178 terram,
1189 2119 1223 2167 de

236 2181 298 2229 vino
310 2181 369 2244 ejus
381 2183 508 2230 biberunt
520 2193 623 2244 gentes,
638 2183 699 2231 ideo
712 2184 849 2232 insaniunt
860 2193 955 2245 gentes
963 2183 977 2201 ''
989 2184 1026 2245 (li.
1040 2183 1080 2244 7):

120 2311 163 2357 at
176 2302 252 2380 apud
270 2301 448 2376 Davidem,

172 2412 257 2462 ''Callx
269 2416 296 2462 in
309 2430 390 2464 manu
400 2415 530 2479 jehovae,
540 2425 567 2464 et
576 2417 640 2464 vino
651 2416 764 2473 miscuit,
777 2416 897 2479 implevit
906 2416 998 2474 mixto,
1010 2425 1036 2464 et
1048 2415 1142 2464 effudit
1152 2430 1158 2473 ;
1176 2417 1223 2464 sed

235 2480 380 2609 [iecisijus
398 2490 540 2542 exsugent,
556 2482 647 2530 bibent
665 2496 760 2530 omnes
780 2482 853 2544 impii
872 2480 978 2530 terrae''
995 2481 1050 2542 (Ps.
1062 2481 1160 2543 lxxmo
1175 2478 1220 2544 [B.

128 2667 273 2749 Quoniam
293 2699 352 2759 per
372 2676 596 2740 “mincham”
616 2688 650 2741 et
673 2671 881 2754 “libamen'’
901 2699 986 2760 quae
1006 2688 1104 2741 erant
1127 2680 1223 2760 panis

128 2771 280 2845 etvinum,
298 2770 510 2852 significatur
528 2772 638 2835 cultus
659 2794 703 2835 ex
724 2773 814 2835 bono
830 2773 953 2845 amoris
973 2783 1007 2834 et
1023 2774 1111 2835 veris
1134 2771 1222 2844 fidei,

131 2858 192 2926 inde
207 2867 235 2927 in
254 2868 414 2948 opposito
434 2887 534 2929 sensu
558 2888 617 2948 per
639 2866 863 2928 “mincham”
880 2878 914 2929 et
934 2866 1111 2929 “libamen
1121 2866 1135 2889 '¹
1155 2867 1223 2947 sig-

136 2952 260 3022 nificatur
286 2959 399 3023 cultus
428 2980 472 3022 ex
501 2959 598 3022 malis
626 2981 711 3042 quae
742 2961 865 3021 amotis
892 2960 971 3022 mali
999 2971 1033 3022 et
1062 2980 1106 3022 ex
1133 2959 1224 3021 salsis

137 3041 207 3129 ldei3
227 3075 310 3135 quae
330 3052 610 3135 significabantur
633 3074 692 3136 per
713 3054 937 3116 “mincham'’
957 3065 991 3117 et
1017 3053 1224 3125 “libamen'’

138 3157 199 3219 quse
213 3148 439 3212 offerebantur
456 3147 554 3211 idolis
574 3168 613 3211 ac
634 3150 696 3211 diis

171 3290 238 3350 (Etsi.
249 3296 302 3346 lxv.
316 3308 364 3352 11;
377 3309 437 3358 cap.
448 3294 503 3344 lvii.
515 3296 546 3345 6:
574 3296 669 3360 Jerem.
681 3296 726 3347 vii.
741 3297 770 3344 18
781 3311 787 3355 ;
811 3311 869 3358 cap.
880 3297 943 3346 xliv.
958 3307 1051 3356 17-19:
1075 3295 1168 3344 Erech,
1181 3310 1223 3344 xx.

236 3362 280 3411 28:
298 3362 393 3410 Deutr.
404 3360 486 3410 xxxii.
499 3361 544 3420 38:
563 3372 589 3409 et
605 3361 689 3423 alibi).

144 3484 179 3553 Ex
199 3498 439 3580 significatione
468 3497 588 3561 “vini”
615 3509 773 3561 constare
800 3507 917 3579 potest
945 3499 1024 3579 quid
1051 3498 1083 3559 in
1109 3497 1226 3560 Verbo

145 3583 312 3664 significatur
339 3613 400 3673 per
425 3592 619 3666 “vineam''
641 3612 701 3673 per
730 3591 895 3666 “vitem''
923 3613 982 3672 per
1013 3591 1225 3672 “palmites”

146 3675 198 3754 tius,
216 3706 334 3770 perque
355 3686 508 3748 “uvam'’
530 3687 621 3769 quod
645 3706 767 3769 nempe
792 3706 851 3767 per
875 3688 1038 3748 “vineam
1047 3685 1062 3709 ”
1082 3682 1227 3747 ecclesia

147 3775 298 3856 spiritualis,
315 3802 377 3844 seu
392 3779 539 3844 ecclesia
554 3802 640 3863 quae
657 3791 709 3844 est
727 3782 760 3843 itt
777 3781 864 3847 veris
880 3799 919 3841 ac
939 3781 1036 3842 bonis
1052 3775 1227 3841 doetrinae

148 3882 175 3926 tx
184 3867 280 3938 Verbo
292 3898 299 3953 ;
323 3896 385 3958 per
399 3876 558 3938 “vitem’'
571 3877 644 3958 ipsa
660 3873 815 3938 doctrina
828 3895 835 3950 ;
860 3894 919 3955 per
933 3879 952 3904 ‘⁶
963 3873 1120 3953 palmites
1129 3870 1144 3895 ”
1157 3870 1227 3950 ejus

149 3972 372 4053 tenerquibus
384 3967 559 4047 doetrina3
580 3981 614 4033 et
629 3991 688 4052 per
698 3976 718 4000 ‘⁶
728 3968 839 4042 uvas‚”
850 3989 936 4050 quae
950 3977 1028 4029 sunt
1041 3963 1165 4028 fructus
1177 3965 1237 4026 vi·‘

150 4068 245 4125 neaeac
255 4067 383 4139 vitium,
395 4064 486 4126 bona
495 4064 674 4127 charitatis
684 4073 720 4126 et
733 4062 823 4126 bona
834 4061 910 4123 fidei
923 4081 929 4122 :
951 4060 1010 4122 sed
1022 4061 1064 4122 de
1075 4059 1125 4120 his
1137 4056 1227 4119 alibi.
