2716 4986
368 502 450 554 car.
467 502 528 565 vr,
545 500 650 553 vaus.
667 500 777 552 a-ra
796 485 929 572 355[d].
1138 485 1200 568 675

88 671 212 754 equitis,
225 681 324 735 rotae
344 681 380 735 et
400 690 514 735 currus
533 671 849 743 commovebuntur,
870 668 1105 752 significantur
1121 686 1202 731 vera

88 767 242 840 tutantia,
272 785 359 848 quae
388 767 421 828 in
449 784 575 847 genere
603 775 694 839 sunt,
723 765 814 846 quod
843 763 936 826 Deus
964 764 1019 839 sit,
1048 755 1084 826 et
1111 763 1202 846 quod

88 859 235 922 Verbum
259 861 303 922 sit
334 859 505 932 Divinum,
530 867 565 922 et
594 859 684 941 quod
707 860 777 921 vita
800 869 939 921 aeterna
962 859 1026 935 sit;
1058 856 1091 920 hi
1119 858 1203 921 muri

88 973 140 1016 seu
166 953 254 1016 haec
286 974 366 1016 vera
396 954 552 1017 dicuntur
581 953 816 1017 “commoveri
844 973 925 1034 prae
952 971 1037 1015 voce
1068 952 1201 1035 equitis,

88 1055 178 1110 rotae
197 1057 235 1110 et
255 1047 400 1120 currus,”
419 1047 554 1129 quando
573 1048 606 1109 in
625 1047 762 1110 dubium
778 1048 919 1109 veniunt
939 1066 999 1127 per
1016 1044 1100 1109 salsa
1119 1045 1202 1108 doc·

88 1142 192 1204 trinae
211 1151 248 1204 et
272 1162 331 1223 per
349 1143 629 1204 ratiocinationes
647 1160 691 1204 ex
712 1141 796 1203 illis:
821 1161 880 1221 per
901 1140 1073 1221 “ungulas
1096 1159 1202 1222 equo·

88 1235 179 1297 rum”
206 1256 266 1317 per
297 1257 379 1318 quas
407 1236 623 1300 conculcabit
650 1255 770 1298 omnes
794 1235 937 1317 plateas,
970 1233 1203 1319 significantur

88 1341 242 1392 extrema
269 1329 433 1392 naturalis
460 1329 617 1401 hominis,
645 1349 732 1412 quae
759 1339 926 1392 vocantur
953 1323 1131 1403 sensualia,
1155 1349 1201 1392 ex

87 1424 202 1505 quibus
223 1443 342 1486 omnes
361 1423 549 1501 salsitates;
576 1423 763 1504 “plateae'’
786 1445 869 1505 quas
890 1444 948 1504 per
967 1423 1042 1485 illas
1062 1422 1200 1486 concul-

87 1519 186 1592 cabit,
201 1528 282 1581 sunt
295 1540 375 1581 vera
391 1516 566 1581 doetrinae
582 1517 758 1593 ecclesiae,
773 1539 858 1601 quae
876 1539 1011 1600 prorsus
1028 1519 1200 1582 destruet:

88 1631 143 1693 per
162 1611 380 1693 “populum'’
399 1613 454 1693 qui
477 1612 593 1692 gladio
616 1612 728 1686 cadet,
749 1611 982 1693 significantur
1005 1632 1124 1675 omnes
1147 1613 1203 1695 qui

88 1707 117 1767 in
140 1708 228 1768 veris
252 1716 342 1778 sunt,
361 1715 396 1768 et
419 1702 590 1768 abstracte
614 1707 728 1768 omnia
747 1726 836 1768 vera.
882 1705 985 1788 Apud
1005 1706 1201 1785 Jeremiam,

135 1851 153 1872 ¹⁸
161 1849 257 1898 Gladie
266 1859 361 1897 contra
372 1849 514 1898 mendaces
527 1859 555 1898 ut
568 1849 734 1907 stultescant.
745 1850 833 1912 gladie
845 1860 940 1899 contra
949 1851 1032 1899 fortes
1044 1861 1073 1900 ut
1085 1860 1204 1901 conster-

216 1923 322 1971 nentur,
336 1914 424 1976 gladie
441 1926 535 1963 contra
552 1929 635 1977 equos
648 1915 706 1976 ejus
719 1925 745 1964 et
763 1926 857 1964 contra
873 1930 965 1964 currus
978 1916 1037 1978 ejus
1040 1954 1110 1973 .....
1114 1917 1203 1979 gladie

215 1991 310 2028 contra
322 1981 462 2028 thesauros
475 1980 533 2042 ejus
552 1990 580 2028 ut
592 1981 767 2043 diripiantur;
785 1981 890 2031 siccitas
903 1996 984 2043 super
994 1996 1078 2045 aquas
1096 1992 1125 2031 ut
1141 1997 1204 2032 exa-

215 2055 329 2103 rescant,
344 2046 407 2108 quia
418 2055 489 2093 terra
500 2045 661 2108 sculptilium
675 2045 742 2094 illa¹’
754 2046 780 2107 (l.
793 2043 859 2110 [36.]
874 2058 913 2106 37,
925 2047 981 2108 38):

88 2195 144 2256 per
163 2181 183 2208 ‘¹
192 2175 368 2256 gladium”
396 2174 605 2256 significatur
631 2195 745 2258 pugna
771 2176 841 2239 veri
868 2187 989 2240 contra
1015 2176 1136 2240 salsum
1163 2197 1203 2242 ac

88 2269 158 2332 falsi
189 2282 311 2333 contra
341 2289 457 2332 verum
487 2281 522 2333 et
552 2271 631 2333 inde
660 2272 821 2346 vastatio,
854 2270 907 2334 hic
939 2274 1108 2347 vastatio;
1143 2293 1204 2355 per

89 2374 107 2395 ‘⁴
117 2366 300 2428 mendaces
308 2363 323 2388 ¹‘
342 2374 377 2426 et
398 2385 456 2446 per
477 2364 634 2428 “sortes’'
652 2364 886 2446 significantur
904 2366 1046 2430 salsaer
1066 2368 1203 2430 ratioci-

88 2460 243 2521 nationes
272 2478 317 2520 ex
346 2456 421 2532 illis,
451 2459 572 2521 similia
599 2480 658 2541 per
687 2460 844 2541 “equos’'
870 2470 906 2523 et
937 2467 1079 2524 “currus
1091 2461 1117 2538 ;”
1144 2481 1204 2543 per

88 2553 296 2615 “thesauros
305 2553 320 2575 ”
332 2553 387 2634 qui
404 2554 612 2635 diripientur,
630 2553 863 2634 significantur
879 2556 992 2617 omnia
1008 2552 1203 2633 dodlrinae;

87 2667 144 2728 per
168 2648 390 2709 “siccitatem
417 2667 517 2728 super
542 2668 646 2730 aquas
674 2658 710 2710 ut
738 2649 972 2721 exarescant,’'
995 2649 1203 2730 significatur

87 2740 255 2805 desolatio
279 2743 348 2804 veri
373 2741 580 2823 (⁴‘siccitas”
603 2753 656 2806 est
680 2743 860 2817 desolatio,
885 2753 920 2806 et
946 2745 1104 2826 “aquae''
1124 2756 1203 2808 sunt

87 2836 202 2918 vera):
227 2847 263 2900 et
287 2839 364 2919 quia
387 2839 501 2900 omnia
523 2837 609 2900 falsa
631 2859 676 2900 ex
701 2840 835 2920 propria
858 2839 1087 2919 intelligentia
1111 2851 1201 2912 sunt,

34 2961 35 2964 ¹
87 2932 160 2994 ideo
180 2933 314 3004 dicitur,
335 2933 440 3013 “quia
457 2943 547 2994 terra
564 2930 770 3013 sculptilium
787 2932 845 2994 illa
858 2933 883 3009 ;”
909 2932 1050 2995 “terra'‘
1069 2934 1112 2996 ibi
1133 2935 1203 3014 sig-

86 3025 199 3089 nificat
217 3027 384 3098 haeresin,
402 3035 437 3088 et
456 3025 655 3107 “sculptilia
663 3026 678 3051 ”
694 3026 887 3106 significant
904 3048 989 3108 quae
1005 3049 1049 3089 ex
1070 3029 1203 3109 propria

86 3116 328 3198 intelligentia.
361 3134 515 3190 (Quouuaec
528 3129 1204 3192 per'‘nutpttttaae“ruttta'·u··tu0u··stgntficeuur,

86 3213 193 3258 videatur
206 3226 231 3258 ιι.
243 3214 311 3270 8869.
323 3214 483 3270 8941,104o⁶,
499 3213 592 3271 10503.)
634 3196 740 3278 Apud
759 3198 918 3271 eundem,

132 3332 150 3352 '⁴
160 3328 230 3378 Ecce
248 3329 317 3377 sicut
334 3331 418 3377 nubes
436 3330 571 3388 ascendet,
585 3339 612 3378 et
630 3330 698 3378 sicut
710 3330 826 3391 procella
838 3344 930 3378 currus
942 3329 1010 3391 ejus,
1024 3330 1124 3378 celeres
1142 3339 1205 3379 sunt

216 3409 280 3457 prae
297 3396 393 3456 aquilis
411 3395 472 3456 equi
490 3394 564 3457 ejus:
582 3410 632 3443 vae
644 3395 730 3452 nobis,
746 3396 808 3458 quia
825 3396 957 3444 devastati
972 3409 1081 3453 sumus;
1098 3395 1176 3444 ablue
1188 3408 1205 3442 a

216 3460 319 3508 malitia
325 3474 371 3507 cor
377 3469 460 3516 tuum,
469 3497 474 3509 .
485 3497 491 3509 .
501 3470 541 3509 ,ιιι
550 3459 681 3519 serveris,
699 3461 825 3522 quamdiu
835 3461 1072 3509 commorabuntur
1079 3460 1105 3509 in
1116 3458 1205 3507 medio

216 3526 254 3573 tui
269 3524 445 3585 cogitationes
463 3525 628 3587 iniquitatis?
654 3562 726 3574 .....
733 3525 850 3574 Vastitas
863 3527 912 3573 erit
924 3535 980 3573 tota
993 3536 1063 3573 terra
1065 3561 1135 3580 .....
1141 3537 1205 3586 prae

217 3605 283 3638 voce
293 3591 388 3652 equitis
398 3601 424 3639 et
434 3591 632 3652 sagittariorum
642 3590 710 3651 fugit
723 3600 779 3639 tota
788 3592 852 3638 urbs
863 3605 868 3646 ;
887 3591 1020 3639 intrarunt
1033 3591 1126 3647 nubes,
1137 3597 1165 3638 et
1176 3589 1205 3637 itt

217 3665 307 3717 petras
319 3655 505 3713 ascenderunt,
521 3666 578 3704 tota
591 3657 653 3704 urbs
665 3655 793 3704 deserta”
805 3656 850 3717 (iv.
864 3668 901 3715 13,
914 3667 952 3713 14,
963 3667 1003 3713 27,
1014 3658 1070 3716 29)ss

86 3795 286 3857 describitur
306 3794 358 3855 hic
379 3795 529 3855 vastatio
549 3792 713 3855 ecclesiae
733 3814 792 3873 per
808 3792 891 3854 salsa
910 3792 1009 3863 mali;
1034 3791 1117 3853 falsa
1134 3792 1203 3871 sig·

87 3889 265 3952 nificantur
289 3907 347 3968 per
372 3888 556 3960 “nubem’‘
580 3896 615 3949 et
639 3888 763 3969 cupido
787 3887 1011 3948 ratiocinandi
1039 3907 1084 3947 ex
1112 3884 1204 3946 salsis

87 3993 206 4046 contra
225 4003 307 4044 vera
326 4003 385 4064 per
405 3990 540 4063 “equos
560 3982 615 4063 qui
635 4002 714 4063 prae
734 3981 854 4062 aquilis
873 3980 1040 4053 veloceS,‘'
1059 3999 1098 4041 ac
1122 3979 1206 4040 doc·

87 4076 221 4139 trinalia
244 4075 318 4138 salsi
342 4096 402 4157 per
426 4082 570 4137 “currus
593 4077 649 4157 qui
672 4076 758 4146 sicut
790 4073 940 4155 procella
952 4073 978 4135 :”
1013 4072 1103 4155 quod
1127 4070 1206 4133 inde

87 4188 185 4234 omne
206 4168 372 4233 ecclesiae
390 4179 424 4232 et
444 4188 546 4231 omne
565 4166 739 4231 do&rinae
759 4168 830 4248 ejus
849 4176 977 4250 pereat,
996 4164 1208 4247 significatur

88 4285 143 4346 per
161 4265 254 4349 quod
276 4265 449 4326 “vastitas
468 4264 531 4325 erit
551 4271 627 4326 tota
647 4273 746 4337 terra,
768 4272 803 4324 et
823 4282 903 4343 prae
923 4281 1008 4323 voce
1027 4259 1150 4341 equitis
1172 4265 1208 4319 et

87 4360 341 4441 sagittariorum
367 4357 453 4438 sugit
482 4366 558 4419 tota
589 4357 666 4419 urbs
679 4356 704 4433 ;”
737 4354 877 4418 “terra'’
907 4363 960 4416 est
988 4353 1143 4423 ecclesia,
1172 4357 1208 4413 et

89 4454 218 4518 “urbs''
241 4464 296 4517 est
319 4449 474 4515 doctrina
498 4451 578 4534 ejus,
601 4458 701 4514 “vox
725 4451 848 4533 equitis
871 4459 906 4512 et
930 4441 1208 4529 sagittariorum”
