2684 4988
109 462 174 544 Μ
421 473 672 526 APOCALYPSIS
695 474 919 526 EXPLICATA.

109 649 320 722 quapropter
334 646 354 672 ⁴*
363 639 500 702 rubrum
508 638 524 664 ”
536 638 615 702 inde
631 640 787 702 existens
802 638 974 721 significat
985 638 1081 722 quale
1094 652 1195 703 amo(

109 733 143 795 in
162 744 304 813 utroque
323 752 443 795 sensu:
473 730 579 794 rufum
598 732 701 794 etiam
721 732 796 805 hoc,
817 752 876 796 seu
894 732 1000 795 rufum
1023 731 1113 812 hujus
1129 744 1195 814 equ

109 826 143 889 in
160 825 275 907 lingua
287 824 418 889 Graeca
429 825 584 907 originali
600 825 722 888 dicitur
735 846 779 888 ex
795 826 884 907 igne.
929 825 985 889 Ex
1002 826 1062 900 his,
1075 837 1108 889 et
1123 826 1195 889 sima

109 942 155 985 ex
179 922 407 1001 descriptione
431 919 526 1000 hujus
549 921 624 1001 equi
652 921 686 982 in
713 920 777 984 hoc
801 941 910 993 versu,
935 931 1031 1002 patet
1058 921 1142 983 unde
1165 938 1195 984 e!

109 1016 199 1099 quod
225 1021 359 1096 “equus
382 1013 495 1077 rusus’'
518 1013 686 1096 significet
709 1011 921 1078 intelledium
944 1013 1049 1078 Verbi
1071 1015 1195 1098 deperdl

109 1122 182 1174 tum
200 1111 313 1193 quoad
332 1111 467 1172 bonum.

172 1201 235 1285 [la]
267 1200 369 1282 Quod
383 1199 541 1282 “equus”
551 1198 722 1281 significet
734 1199 863 1282 aliquid
874 1201 923 1264 rei
935 1211 1097 1265 constare
1109 1209 1195 1283 potet

109 1295 287 1359 manifeste
303 1314 347 1356 ex
370 1315 422 1366 eo,
442 1294 532 1375 quod
555 1294 630 1374 equi
653 1293 714 1354 visi
737 1294 805 1356 sint
823 1293 961 1374 quando
980 1300 1127 1375 “aperta
1148 1314 1195 1356 sur

109 1388 249 1471 sigilla,”
268 1408 307 1451 ac
330 1389 451 1450 dicitur
474 1387 564 1468 quod
583 1388 778 1450 “exiverint
792 1386 817 1461 ;”
841 1406 909 1449 non
932 1389 1021 1449 enim
1044 1399 1195 1469 potuerur

109 1485 185 1565 equi
197 1484 291 1546 exire
301 1503 346 1545 ex
360 1482 454 1554 libro,
466 1483 525 1543 sed
536 1480 741 1543 manifestari
755 1479 832 1542 illae
841 1501 895 1542 res
905 1501 991 1562 quae
1002 1501 1062 1563 per
1072 1489 1092 1513 ‘⁸
1101 1502 1195 1564 equos

109 1575 349 1659 significantur.
409 1574 510 1656 Quod
539 1582 675 1658 “equus
685 1574 700 1598 ’⁹
726 1573 892 1656 significet
923 1573 1166 1648 intelledtuale,
1191 1602 1195 1635 t

111 1671 232 1734 “color
240 1670 254 1694 ”
270 1669 370 1752 quale
388 1670 468 1751 ejus,
485 1670 528 1731 ab
546 1670 757 1750 experientia
773 1670 985 1731 notissimum
1005 1670 1087 1733 mihi
1105 1668 1195 1734 sattu

110 1775 184 1843 est;
211 1766 272 1827 visi
296 1767 383 1827 enim
405 1764 485 1826 mihi
508 1775 587 1827 sunt
610 1765 745 1845 spiritus
768 1762 957 1844 aliquoties,
977 1765 1032 1845 qui
1052 1765 1098 1827 de
1119 1765 1195 1847 aliqt

108 1880 145 1922 re
174 1880 219 1922 ex
247 1856 422 1921 intelledtu
450 1859 605 1920 meditati
635 1868 725 1930 sunt,
752 1858 842 1939 quod
873 1859 1102 1939 equitaverint
1132 1880 1195 1941 sup

64 2010 69 2023 ,
109 1954 202 2035 equis
214 1972 221 2029 ;
241 1964 275 2014 et
289 1971 364 2014 cum
378 1952 454 2014 illos
467 1953 711 2032 interrogarem
725 1971 804 2014 num
817 1952 1055 2034 equitaverint,
1070 1953 1195 2016 dixeru

110 2048 200 2129 quod
226 2067 305 2120 non,
330 2048 389 2108 sed
414 2047 504 2128 quod
527 2047 686 2108 steterint
710 2047 943 2108 meditabundi
970 2046 1014 2109 de
1036 2047 1151 2129 aliqua
1173 2070 1195 2113 n

108 2142 188 2204 inde
213 2142 323 2223 patuit
353 2142 442 2222 quod
474 2141 638 2222 equitatio
665 2161 764 2222 super
790 2160 876 2222 equo
906 2139 1002 2203 luerit
1031 2153 1195 2222 apparent

109 2247 368 2318 repraesentans
384 2236 616 2316 operationem
632 2231 825 2297 intelledtus
844 2255 970 2297 eorum.
1015 2235 1080 2298 Est
1097 2257 1195 2319 quoqi

110 2329 203 2393 locus
218 2331 274 2411 qui
291 2340 433 2392 vocatur
455 2339 644 2391 conventus
666 2329 929 2409 intelligentium
954 2340 988 2391 et
1013 2331 1195 2411 sapientiur

110 2423 164 2486 ubi
188 2423 360 2505 perplures
379 2433 460 2486 eunt
479 2423 731 2500 meditabundi;
761 2433 796 2486 et
820 2443 895 2486 cum
919 2423 1038 2505 aliquis
1062 2444 1106 2486 eo
1124 2428 1195 2488 veni

109 2528 273 2600 apparent
287 2518 316 2579 ei
329 2520 404 2599 equi
418 2519 450 2579 in
463 2519 555 2580 vario
569 2517 693 2591 colore,
705 2527 740 2580 et
753 2518 842 2580 varie
856 2516 1032 2598 phalerati,
1047 2528 1083 2581 et
1096 2540 1195 2602 quoq1

53 2653 56 2658 -
109 2632 234 2685 currus,
252 2622 287 2674 et
305 2611 406 2694 aliqui
426 2613 619 2693 equitantes
637 2624 672 2675 et
691 2611 792 2694 aliqui
811 2612 972 2673 sedentes
991 2613 1023 2673 in
1040 2633 1160 2689 curru;
1183 2616 1192 2676 i

109 2706 212 2768 etiam
223 2725 298 2768 cum
313 2707 565 2785 interrogantur
578 2725 656 2768 num
668 2707 821 2788 equitent
835 2724 934 2786 super
947 2707 1040 2786 equis
1052 2726 1093 2768 ac
1104 2708 1192 2770 veha

109 2811 163 2864 tur
186 2801 219 2862 in
243 2802 402 2871 curribus,
423 2801 540 2862 dicunt
564 2801 653 2882 quod
678 2820 757 2875 non,
778 2800 837 2862 sed
860 2801 951 2882 quod
971 2800 1099 2864 vadant
1124 2803 1195 2865 med

108 2904 242 2971 tantes;
267 2895 345 2957 inde
361 2896 462 2957 etiam
480 2896 588 2975 patuit
602 2894 680 2976 quid
697 2915 756 2975 per
769 2902 788 2926 ‘⁶
798 2915 903 2977 equos
911 2893 926 2916 ”
938 2904 973 2956 et
990 2914 1049 2975 per
1063 2901 1196 2959 “currus

108 2985 321 3068 significatur
339 3003 392 3059 (sed
403 3003 490 3048 dehac
500 3016 526 3047 re
537 3003 663 3048 videantur
672 3003 741 3061 plura
752 3003 776 3047 in
787 3002 905 3060 opusculo
915 3003 953 3047 De
963 3003 1033 3060 Equo
1044 3003 1127 3062 Aba).
1172 2987 1195 3050 E

109 3080 160 3143 his
184 3098 271 3141 nunc
295 3091 452 3141 constare
476 3090 591 3160 potest
615 3080 703 3141 unde
727 3089 780 3141 est
803 3079 893 3160 quod
911 3079 1057 3159 Johanni
1077 3081 1140 3142 visi
1162 3082 1195 3142 sii

109 3175 184 3256 equi
203 3174 339 3255 quando
355 3183 472 3255 aperta
486 3183 564 3236 sunt
581 3173 692 3254 sigilla
708 3173 791 3247 libri,
805 3185 839 3235 et
857 3193 990 3254 quoque
1002 3174 1082 3254 quid
1101 3176 1195 3256 signil

109 3279 209 3331 cant:
245 3268 334 3350 quod
359 3269 434 3349 equi
466 3267 512 3330 illi
532 3269 593 3329 visi
625 3269 704 3342 sint,
728 3279 781 3330 est
804 3268 881 3349 quia
900 3269 1013 3330 omnia
1044 3268 1196 3349 spiritual

108 3361 214 3425 Verbi
237 3363 270 3424 in
289 3382 389 3424 sensu
407 3360 477 3442 ejus
500 3361 634 3423 litterae
653 3362 816 3423 sistuntur
835 3382 894 3442 per
912 3359 994 3422 talia
1013 3382 1101 3442 quae
1120 3381 1195 3425 corr

108 3457 278 3538 spondent
302 3476 360 3517 seu
384 3476 469 3536 quae
493 3465 761 3536 repraesentant,
785 3465 820 3516 et
845 3455 923 3516 inde
946 3454 1162 3534 significant;
1194 3493 1195 3501 κ

108 3549 172 3613 hoc
190 3569 352 3612 excausa
371 3561 406 3611 ut
425 3549 582 3610 Divinum
599 3550 642 3611 ibi
662 3550 693 3610 in
711 3548 836 3611 ultimis
855 3549 909 3622 sit,
930 3559 964 3610 et
984 3550 1062 3611 inde
1080 3549 1195 3630 plenur

108 3653 144 3706 ut
155 3654 254 3724 su'pra
265 3642 443 3724 aliquoties
454 3640 580 3705 dictum
591 3651 654 3705 est.
690 3641 790 3722 Quod
803 3641 937 3703 “rufum
946 3642 961 3665 ”
971 3663 1029 3704 seu
1042 3648 1060 3673 ‘⁸
1071 3644 1195 3706 rubrun

110 3735 278 3818 significet
302 3736 400 3817 quale
423 3738 468 3798 rei
492 3738 601 3818 quoad
621 3737 757 3811 bonum,
778 3746 936 3799 constare
951 3737 1055 3799 etiam
1075 3749 1192 3819 potest

108 3832 327 3914 sequentibus
346 3831 397 3893 his
421 3830 503 3893 locis
525 3832 559 3893 in
579 3830 695 3894 Verbo
708 3831 863 3913 :-Apud
882 3830 1010 3905 Mosen,

161 3966 177 3987 ‘¹
186 3963 239 4028 Qui
253 3963 324 4013 lavat
336 3964 364 4012 in
376 3964 440 4012 vino
452 3964 639 4013 indumentum
652 3979 738 4021 suum,
753 3974 779 4013 et
794 3965 821 4013 in
833 3965 965 4026 sanguine
978 3979 1091 4013 uvarum
1104 3966 1194 4015 velam

240 4044 333 4143 aqum:
353 4031 431 4153 ruqer
443 4030 528 4078 oculis
541 4044 604 4092 prae
616 4031 689 4088 vino,
704 4040 731 4078 et
745 4031 822 4078 albus
835 4030 930 4079 dentes
945 4044 1008 4092 prae
1024 4027 1116 4079 ladte''
1129 4031 1195 4094 (Gen

239 4109 256 4144 x
268 4109 303 4144 rx.
316 4107 353 4152 11,
368 4107 397 4142 12
417 4110 423 4143 ι

108 4230 192 4292 haec
205 4229 238 4292 in
251 4229 450 4311 prophetico
461 4229 595 4292 israelis
608 4231 712 4312 patris
725 4231 768 4292 de
779 4230 932 4312 Jehudah
946 4251 953 4308 ;
975 4240 1010 4292 et
1024 4250 1084 4312 per
1098 4230 1195 4313 “Jehi

109 4323 187 4386 dam
196 4323 211 4346 '⁹
230 4324 274 4385 ibi
297 4323 496 4405 intelligitur
514 4323 680 4386 Dominus
699 4325 810 4406 quoad
834 4325 958 4386 bonum
978 4325 1113 4397 amoris,
1134 4334 1171 4388 et
1193 4348 1195 4386 J

108 4437 207 4481 sensu
223 4416 412 4500 respeetivo
424 4438 564 4500 regnum
578 4420 726 4483 caeleste
740 4420 897 4498 Domini;
921 4419 1000 4501 quid
1016 4439 1076 4502 per
1093 4420 1192 4502 singu
