2684 4988
316 121 398 172 cue.
415 121 489 182 v11.,
507 121 610 172 vans.
626 121 737 187 4—u.
752 101 916 189 431[au)].
1095 101 1176 184 1069

89 296 123 351 et
139 288 218 363 dixit,
238 287 382 370 “Quam
410 291 500 353 bona
527 300 606 353 sunt
631 288 852 353 tabernacula
879 297 948 362 tua,
974 287 1111 368 Jacobe,
1139 294 1173 348 et

88 379 249 446 habitacula
283 395 352 458 tua,
386 383 530 447 lsrael:”
565 382 835 447 “tabernacula'’
865 392 900 445 et
929 379 1175 444 “habitacula’'

37 526 40 531 .
84 475 246 556 significant
263 477 493 541 habitationes
506 477 623 559 quales
636 488 714 540 sunt
731 478 763 538 in
778 476 891 545 caelis,
902 481 921 508 ‘⁶
932 474 1175 538 tabernacula'’

84 566 283 633 habitationes
302 571 435 634 illorum
455 573 509 653 qui
533 573 565 634 in
589 572 680 634 bono
702 571 824 633 amoris
847 579 936 641 sunt,
957 579 991 630 et
1012 568 1173 632 “habita-

83 662 143 724 cula
150 664 295 727 ”illorum
305 667 360 747 qui
369 668 401 728 in
411 668 552 741 verisaex
566 665 626 729 illo
639 666 730 728 bono
742 686 748 741 ;
767 661 1040 726 frudlificationes
1049 663 1127 724 boni
1139 675 1173 726 ct

83 758 356 840 multiplicationes
371 763 450 831 veri,
468 781 506 823 ac
524 761 601 823 inde
618 758 845 839 intelligentia
860 767 895 819 et
912 756 1087 837 sapientia,
1105 757 1173 838 sig·

84 849 234 916 nificantur
257 873 317 934 per
341 853 463 917 “Sicut
487 854 593 917 valles
618 853 825 935 plantantur,
850 853 935 914 sicut
962 850 1051 912 horti
1075 849 1174 930 juxta

82 943 230 1024 flauum?
252 968 329 1010 naun
350 969 450 1011 omne
475 950 599 1015 bonum
619 957 653 1011 et
677 948 754 1009 inde
773 966 872 1008 omne
892 964 1006 1007 verum
1030 944 1100 1006 fluit
1120 965 1173 1006 se-

82 1041 205 1104 cuudum
230 1042 374 1105 formam
404 1044 491 1106 caeli
514 1059 551 1118 (ut
567 1059 642 1105 uideri
655 1065 735 1117 potest
748 1072 778 1103 ιιι
792 1058 837 1102 uus
850 1071 913 1114 quae
927 1057 951 1101 τι
965 1070 1038 1114 opere
1054 1057 1091 1101 ne
1107 1057 1175 1102 auen

81 1136 189 1195 etiusrrno,
197 1138 234 1183 De
244 1138 332 1184 Forma
341 1139 416 1191 Caeli,
425 1141 558 1185 mundum
568 1153 640 1197 quam
651 1137 848 1184 Consociationes
856 1144 880 1182 et
889 1136 1125 1182 Communicatlones
1134 1137 1174 1188 ibi,

83 1224 106 1259 tu
115 1228 207 1269 mua,
218 1226 314 1263 ostensa
326 1220 403 1277 sunt).

134 1314 184 1398 (ii.)
217 1316 314 1395 Quod
332 1320 593 1401 repraesentatio
614 1318 698 1382 caeli
718 1329 751 1381 et
771 1317 921 1381 ecclesiae
941 1317 1040 1379 cadat
1062 1336 1172 1378 seeun-

84 1408 144 1474 dun
161 1413 305 1476 ordinem
327 1415 362 1476 in
385 1437 447 1497 qua
469 1415 577 1478 tribus
600 1413 815 1477 nominantur
823 1434 838 1486 ,·
865 1422 897 1474 et
918 1412 1009 1493 quad
1022 1411 1174 1492 primum

85 1520 172 1567 nonen
196 1528 252 1570 seu
274 1508 392 1589 prima
422 1508 529 1571 tribus
556 1509 603 1571 sit
628 1508 738 1578 index,
757 1528 799 1568 ex
825 1527 887 1587 quo
912 1504 1176 1567 determinantur

86 1600 169 1661 onum
185 1623 268 1682 quae
286 1613 479 1684 sequuntur,
494 1602 636 1684 proinde
654 1601 738 1663 caeli
752 1611 784 1663 et
804 1599 954 1661 eeclesiae
975 1620 1045 1660 curn
1064 1599 1174 1661 ruarz'e·

86 1693 243 1757 tuta-Sed
268 1697 332 1758 hoc
351 1715 510 1759 arcanum
529 1716 630 1776 aegre
653 1696 686 1756 in
710 1689 919 1756 intelledtum
943 1691 1091 1773 alicujus,
1112 1693 1173 1754 nisi

86 1780 112 1843 in
121 1785 181 1848 idea
193 1790 357 1869 spirituali
373 1792 427 1862 sit,
441 1789 560 1853 cadere
577 1798 712 1870 potest;
736 1798 771 1850 at
789 1807 891 1869 usque
908 1787 1021 1867 paucis
1034 1787 1173 1848 dicetur.

88 1871 122 1939 Sit
139 1900 190 1961 pro
213 1884 375 1964 exemplo
398 1885 503 1946 tribus
520 1883 672 1964 Jehudae
696 1883 802 1963 prima
826 1882 931 1943 tribus
955 1901 1039 1961 quae
1064 1880 1172 1940 nomi-

88 1981 174 2037 natur:
201 1979 279 2058 quia
306 1996 365 2057 per
391 1977 482 2039 illarn
510 1978 633 2039 tribum
656 1974 864 2055 significatur
891 1975 1014 2036 bonurn
1039 1973 1172 2045 amoris,

86 2059 141 2129 inde
150 2090 189 2132 ex
207 2072 299 2134 bono
312 2072 433 2133 amoris
447 2082 482 2133 ut
500 2071 662 2151 principio
674 2069 942 2131 determinantur
955 2065 1172 2148 significatio·

87 2172 126 2220 nes
144 2163 339 2245 reliquarum
364 2165 508 2226 tribuum
528 2185 613 2246 quae
633 2172 826 2244 sequuntur,
846 2171 881 2223 et
905 2162 968 2224 hoc
993 2182 1068 2223 cum
1086 2163 1172 2225 vari·

86 2257 152 2317 etate
165 2257 349 2320 secundum
366 2259 517 2320 ordinem
532 2278 599 2339 quo
616 2259 830 2319 nominantur
848 2255 1067 2337 (unaquaevis
1083 2257 1171 2318 enirn

86 2345 163 2412 tribus
179 2351 317 2433 aliquod
338 2351 524 2414 universale
544 2352 708 2414 ecclesiae
728 2349 906 2431 significat,
927 2370 965 2412 ac
986 2350 1172 2413 universale

84 2438 206 2508 admittit
224 2447 256 2507 in
274 2467 309 2508 se
329 2446 511 2508 varietates
530 2443 713 2527 specificas,
734 2445 780 2506 ita
799 2444 891 2506 illam
910 2465 930 2505 a
949 2445 1055 2524 primo
1071 2464 1090 2505 a
1106 2465 1172 2526 quo

82 2526 269 2620 descendit);
293 2559 395 2621 quare
411 2541 524 2602 omnia
540 2540 584 2601 ibi
604 2539 636 2600 in
654 2539 737 2600 serie
754 2539 893 2600 trahunt
910 2559 954 2599 ex
972 2538 1062 2599 bono
1078 2558 1171 2600 arno·

79 2623 117 2702 ¹5³,
132 2634 219 2714 quod
242 2631 450 2714 significatur
473 2654 531 2714 per
551 2633 702 2696 “tribum
720 2631 901 2712 Jehudae,”
920 2651 1015 2693 suurn
1037 2651 1171 2694 sensum

77 2723 262 2796 spirituatem
297 2729 330 2789 in
364 2729 486 2808 specie.
545 2725 578 2790 Si
613 2727 719 2789 tribus
752 2725 923 2788 Reubenis
957 2726 1063 2805 primo
1097 2725 1173 2788 loco

75 2821 259 2895 lominatur,
284 2841 465 2903 perquam
490 2818 697 2902 significatur
716 2838 830 2881 verum
855 2821 887 2881 in
912 2819 1047 2881 luceae
1073 2818 1172 2881 intel·

72 2896 163 2975 lenus
184 2915 265 2990 veri,
289 2915 367 2977 inde
391 2914 529 2977 trahunt
553 2913 699 2995 reliquae
723 2914 839 2985 tribus,
864 2934 948 2995 quae
976 2923 1170 2993 sequuntur,

70 2999 319 3084 significationes
339 3009 586 3071 concordantes
603 3019 637 3069 et
655 3007 886 3069 coincidentes
902 3025 977 3068 cum
995 3005 1172 3068 universali

67 3099 147 3172 quod
164 3101 335 3184 quaelibet
351 3100 529 3183 significat.
575 3101 651 3163 Hoc
668 3101 898 3180 comparative
915 3122 949 3162 se
966 3099 1069 3162 habet
1086 3101 1171 3162 sicut

66 3191 196 3286 folores,
213 3197 269 3279 qui
288 3193 385 3258 unni
402 3205 567 3277 apparent
587 3216 607 3258 a
625 3194 737 3257 colore
758 3196 874 3275 primo,
892 3195 947 3275 qui
966 3214 1002 3256 se
1018 3193 1171 3257 diffundit

65 3293 97 3342 ¹1¹
114 3288 250 3371 reliquas
269 3300 304 3353 et
323 3291 475 3371 variegat
498 3290 608 3352 iacies.
655 3289 709 3350 Ex
734 3289 784 3351 his
808 3285 990 3350 intelledtis
1014 3295 1170 3350 c'onstare

66 3386 170 3446 potest
188 3385 277 3446 unde
296 3394 368 3446 erat
393 3385 482 3466 quod
502 3403 665 3464 responsa
683 3384 725 3445 ad
749 3403 982 3465 quamcunque
1002 3402 1071 3444 rem
1092 3383 1172 3445 data

65 3461 175 3539 suerint
187 3498 246 3559 per
259 3477 355 3542 Urim
369 3488 403 3541 et
418 3478 632 3553 Thumunim;
656 3487 728 3539 erat
745 3479 833 3539 enim
850 3476 1171 3556 exsplendescentia

67 3573 123 3634 uer
141 3569 265 3653 lapides
289 3574 456 3653 pretiosos
476 3573 519 3634 ab
537 3573 666 3652 origine
686 3569 808 3633 coloris
831 3591 875 3632 ex
899 3569 957 3631 illo
981 3568 1092 3650 lapide
1111 3572 1172 3633 sub

66 3669 129 3734 (luo
150 3664 257 3748 aliqua
284 3667 401 3738 tribus,
428 3686 473 3728 ex
501 3687 566 3747 qua
593 3665 832 3727 determinatio
858 3665 1008 3743 incepit;
1040 3663 1171 3727 colores

66 3757 161 3822 etiam
178 3759 327 3841 lapidum
346 3760 485 3822 istorum
506 3760 816 3839 correspondebant
840 3758 1084 3820 universalibus
1102 3758 1170 3838 sig·

65 3847 198 3917 uincatis
230 3874 291 3936 per
319 3855 426 3917 tribus
454 3854 643 3934 inscriptas.
699 3852 764 3935 Qui
801 3855 864 3915 hoc
899 3853 973 3924 scit,
1004 3862 1039 3915 et
1072 3851 1169 3913 simul

67 3945 242 4012 universale
260 3948 352 4032 quod
367 3948 576 4030 >unaquaevis
596 3947 701 4010 tribus
720 3946 899 4027 significat,
920 3947 1090 4027 percipere
1109 3947 1170 4009 ali-

64 4045 217 4114 quantum
234 4052 362 4125 potest,
383 4043 466 4105 siin
486 4041 711 4105 illustratione
730 4041 892 4122 spirituali
916 4052 979 4115 est,
999 4043 1078 4123 quid
1102 4043 1169 4122 sig·
