2684 4988
368 426 452 479 car.
469 428 533 490 v1.‚
550 429 651 480 vans.
672 429 801 479 12.-n.
816 414 943 499 4oo[b].
1152 416 1213 482 86r

209 594 332 648 'eundae
344 600 379 648 ab
392 599 449 649 alto
463 608 572 662 apertae
585 609 655 658 sunt,
669 609 697 650 et
710 615 841 651 concussa
854 611 917 650 aunt
931 601 1106 651 fundamenta
1119 611 1214 661 terrae,

249 665 423 726 coniungendo
442 663 580 714 coniradla
599 676 639 715 est
661 676 731 715 terra
733 703 802 722 .....
807 667 1004 715 commovendo
1021 677 1156 716 commota
1174 678 1217 717 est

247 739 308 786 terra,
320 730 439 778 nutando
449 740 526 778 nutat
535 741 605 778 terra
614 732 680 780 sicut
690 732 803 787 ebrius..
813 769 819 780 .
830 732 947 780 ,vacillat
957 733 1023 780 sicut
1034 733 1176 793 tugurium.
1188 742 1216 782 et

242 797 318 855 gravis
332 809 412 856 super
426 796 499 843 illam
515 796 706 856 praevaricatio
720 795 787 857 ejus,
801 807 829 845 et
842 798 919 845 cadet
932 808 959 845 et
971 812 1026 845 non
1038 799 1118 847 addet
1131 813 1216 847 resur-

239 875 292 921 gere
302 861 417 922 amplius
425 859 439 877 '¹
452 861 534 922 (xxiv.
547 861 650 922 18—20):

182 981 294 1046 odbaec
318 1003 385 1046 non
406 984 449 1046 de
472 993 560 1046 terra
584 985 643 1046 sed
667 984 709 1047 de
732 985 875 1047 ecclesia
898 983 987 1048 dicta
1011 987 1088 1059 sint,
1109 988 1215 1048 mani·

175 1085 201 1138 te
217 1089 311 1158 patet,
335 1097 413 1140 narn
437 1080 510 1160 quis
532 1088 647 1160 potest
671 1079 860 1160 intelligere
884 1079 974 1161 quod
997 1080 1216 1143 fundamenta

169 1189 217 1234 nae
226 1192 384 1234 concussa
395 1174 473 1241 sint.
484 1173 574 1254 quod
589 1182 678 1235 terra
691 1184 872 1243 commota.
885 1184 982 1236 nutet
996 1175 1081 1236 sicut
1095 1175 1214 1246 ebrius,

163 1265 235 1328 tillet
250 1268 334 1328 sicut
349 1267 542 1346 tugurium?
585 1265 652 1329 Sed
666 1269 805 1349 quisque
821 1267 878 1329 illa
894 1278 1008 1348 potest
1025 1267 1215 1348 intelligere

157 1376 188 1420 un
206 1380 260 1440 pro
283 1367 402 1423 “terra
411 1360 426 1382 ”
449 1361 620 1441 cogitatur
642 1361 807 1423 ecclesia:
835 1361 925 1442 quod
953 1381 1010 1442 per
1034 1361 1091 1423 illa
1113 1362 1215 1424 verba

150 1452 302 1528 gnificetur
317 1454 510 1516 immutatio
526 1466 560 1515 et
580 1455 750 1534 perversio
765 1453 845 1534 ejus,
863 1464 969 1535 patet,
991 1474 1067 1516 nam
1084 1454 1214 1527 dicitur,

148 1544 246 1609 Gravis
256 1568 355 1628 super
365 1547 456 1609 iilam
471 1549 713 1628 praevaricatio
725 1547 805 1628 ejus,
817 1558 851 1610 et
864 1549 965 1610 cadet
978 1560 1011 1610 et
1027 1568 1093 1611 non
1107 1569 1214 1610 resur·

140 1654 168 1703 et
190 1641 325 1723 amplius
337 1641 363 1717 ;”
389 1652 424 1704 et
452 1662 511 1723 per
535 1639 774 1704 “cataractas’'
798 1663 882 1723 quae
910 1642 953 1704 ab
979 1642 1051 1705 alto
1077 1654 1215 1724 apertae

134 1745 192 1807 unt,
208 1737 308 1798 etiarn
328 1734 528 1815 intelligitur
547 1735 722 1797 inundatio
741 1735 819 1797 mali
838 1747 873 1798 et
892 1735 974 1798 salsi.
1021 1735 1123 1818 Apud
1142 1736 1213 1798 Da-

127 1827 217 1902 u'denr

161 1950 313 2000 “Concessa
324 1960 351 2000 et
365 1961 502 1999 commota
518 1960 559 1999 est
573 1962 651 2007 terra.
667 1960 693 1999 et
711 1951 886 2000 fundamenta
901 1953 1033 2001 montium
1049 1961 1213 2001 tremuerunt

280 2053 299 2073 ..
309 2017 373 2080 quia
383 2016 484 2065 exarsit
496 2015 535 2064 illi
543 2015 557 2033 ’⁹
568 2015 625 2076 (Pa.
635 2017 708 2066 xviii.
720 2029 743 2076 7,
754 2018 769 2065 8
783 2014 827 2081 [Β.
839 2019 863 2065 Α
868 2055 874 2067 .
885 2018 909 2075 6,
922 2014 975 2080 7]):

114 2155 169 2216 per
186 2141 262 2204 haec
286 2161 353 2204 non
382 2139 582 2221 intelligitur
605 2140 695 2222 quod
722 2150 811 2203 terra
838 2152 873 2204 et
900 2141 1119 2204 fundamenta
1145 2141 1215 2221 ejus

113 2248 260 2297 concussa
277 2247 312 2298 et
331 2245 506 2297 commota
524 2235 602 2308 sint,
619 2234 678 2296 sed
695 2235 784 2316 quod
804 2235 958 2306 ecclesia,
976 2247 1010 2298 et
1027 2236 1116 2317 quod
1136 2256 1215 2297 vera

113 2344 200 2409 super
220 2330 335 2411 quibus
357 2328 534 2403 fundatur;
559 2328 701 2391 “terra'’
721 2330 810 2391 enim
833 2329 1000 2409 significat
1024 2329 1213 2403 ecclesiam,

109 2432 152 2482 et
170 2423 404 2486 “fundamenta
431 2422 620 2485 montium”
647 2422 837 2503 significant
865 2444 943 2486 vera
970 2445 1069 2505 super
1095 2424 1215 2505 quibus

110 2510 263 2590 fundatur,
276 2527 453 2599 quaesunt
466 2537 545 2580 vera
556 2538 601 2580 ex
614 2518 704 2579 bono
716 2539 723 2592 ;
748 2519 853 2599 “quia
866 2520 993 2580 exarsit
1009 2519 1075 2599 ipsi
1083 2517 1098 2540 ”
1110 2519 1213 2599 signi·

108 2603 184 2672 ficet
194 2611 294 2674 simile
304 2612 395 2694 quod
409 2613 440 2674 in
453 2610 569 2674 Verbo
579 2611 1080 2692 ‘¹excandescentiaJebovae.”
1112 2610 1213 2692 Quod

111 2706 218 2767 “terra
233 2707 445 2769 concutiatur
460 2715 494 2767 et
511 2705 793 2777 commoveatur‚”
808 2717 843 2768 et
860 2707 949 2787 quod
968 2705 1215 2769 “fundamenta

110 2800 260 2861 montium
272 2798 502 2871 tremiscant,''
512 2809 564 2861 est
575 2819 620 2861 ex
630 2800 836 2879 apparentiis
848 2801 881 2861 in
895 2800 1021 2862 mundo
1032 2800 1193 2880 spirituali
1205 2821 1213 2874 ;

111 2887 249 2956 inenin
268 2895 312 2956 ibi
335 2892 374 2957 fit
390 2893 526 2975 quando
543 2904 654 2955 status
673 2892 837 2955 ecclesiae
857 2905 1005 2957 mutatur
1029 2895 1116 2975 apud
1139 2893 1215 2955 illos

111 2987 169 3064 qui
183 2989 220 3050 ibi
239 2989 408 3052 habitant.
453 2987 630 3050 Praeterea
650 2988 711 3049 sub
731 2988 902 3050 montibus
926 2989 969 3051 ibi
993 3001 1070 3050 sunt
1094 2988 1140 3049 illi
1159 2989 1215 3070 qui

115 3074 155 3139 in
170 3085 239 3146 veris
260 3094 361 3159 sunt;
386 3102 464 3144 narn
491 3102 609 3145 omnes
634 3082 862 3145 habitationes
889 3084 1086 3163 angelorum
1115 3085 1146 3144 in
1174 3104 1216 3146 eo

119 3174 217 3240 ordine
236 3190 314 3240 sunt
334 3187 371 3241 ut
391 3196 490 3257 super
508 3176 680 3238 montibus
703 3177 770 3238 sint
790 3178 845 3258 qui
867 3178 900 3238 in
925 3178 1014 3239 bono
1036 3179 1158 3239 amoris
1182 3179 1214 3239 in

125 3261 278 3335 [luminum
304 3281 396 3344 sunt,
419 3282 454 3333 ct
481 3270 564 3333 inira
590 3269 666 3333 illos
692 3271 747 3351 qui
774 3271 806 3332 in
833 3273 919 3333 veris
947 3292 990 3333 ex
1018 3271 1077 3333 illo
1103 3272 1215 3348 bono;

127 3367 232 3439 qundo
246 3377 357 3430 status
376 3365 494 3428 horum
511 3364 622 3446 quoad
640 3384 719 3426 vera
737 3375 896 3437 mutatur,
915 3375 994 3428 tunc
1015 3366 1215 3427 contremis-

131 3468 189 3519 cunt
202 3459 425 3524 habitationes
441 3459 571 3529 horum.
589 3460 636 3522 ita
655 3458 874 3521 fundamenta
891 3461 1068 3521 montium.
1113 3457 1214 3539 Quod

135 3547 192 3613 talia
211 3556 272 3619 sint
298 3556 332 3617 in
362 3553 491 3616 mundo
517 3552 691 3633 spirituali.
717 3562 752 3614 et
779 3552 869 3634 quod
900 3573 944 3614 ex
974 3552 1216 3614 mutationibus

137 3648 214 3709 surus
225 3648 387 3712 ecclesiae
405 3646 495 3729 apud
513 3645 590 3709 illos
606 3645 688 3708 talia
703 3647 866 3720 existant,
884 3665 985 3707 nemo
1001 3647 1064 3707 scit
1085 3646 1145 3706 nisi
1164 3647 1216 3708 cui

141 3739 281 3806 revelatum
299 3753 365 3806 est.
410 3740 515 3823 Apud
534 3739 683 3813 Nahum,

174 3864 282 3920 ”Montes
293 3869 506 3919 contremiscunt
517 3882 608 3916 eoram
616 3865 631 3886 ''
643 3865 773 3930 Jehovah,
788 3851 805 3888 ¹⁸¹
812 3875 838 3915 et
851 3866 933 3914 colles
945 3865 1091 3928 liquefiunt,
1106 3875 1132 3913 er
1145 3878 1217 3912 corn·

231 3935 328 3985 buritur
339 3946 412 3985 terra
424 3947 515 3982 coram
532 3931 604 3995 Ipso.
617 3942 645 3981 et
656 3933 728 3980 orbis
743 3942 769 3981 et
783 3946 879 3979 ornnes
893 3931 1044 3979 habitantes
1059 3931 1086 3978 in
1101 3945 1134 3977 eo
1144 3945 1162 3978 :.
1173 3967 1179 3978 .
1189 3966 1212 3979 ..

232 4000 449 4051 neandereentia
468 3998 556 4062 ipsius
573 3998 719 4047 effunditur
732 3998 800 4045 sicut
818 3997 896 4058 ignis,
912 4008 939 4045 et
957 4007 1047 4058 petrae
1062 4004 1218 4043 evertuntur

234 4079 316 4116 eoram
330 4062 417 4129 lpso”
429 4063 458 4127 (ἰ.
469 4077 492 4125 5.
502 4064 543 4125 6):

151 4183 284 4253 ’Ἱὶῑοιιῑοεη
299 4190 493 4274 significant
511 4189 690 4254 ecclesiam
709 4189 764 4250 ubi
782 4208 877 4251 amor
897 4189 928 4250 in
951 4188 1132 4249 Dominum
1152 4194 1217 4258 est,

152 4281 309 4348 tl“colles’'
327 4285 508 4351 ecclesiam
527 4285 583 4346 ubi
606 4303 702 4346 amor
719 4302 801 4363 erga
825 4284 1037 4363 proximum
1062 4280 1139 4342 inde
1159 4299 1218 4359 per

155 4368 284 4440 “uentu’'
300 4379 508 4463 significatur
529 4399 626 4443 amor
648 4378 682 4439 in
706 4377 900 4450 Dominum,
922 4387 957 4438 et
982 4395 1040 4456 per
1060 4368 1218 4436 “colles'’
