2684 4988
116 497 194 562 1142
422 495 672 548 APOCALYPSIS
695 497 922 549 EXPLICATA.

167 666 318 792 διιπᾳοῶἰι
333 682 379 715 rex
391 681 479 716 novus
493 681 576 730 super
587 667 748 731 Aegyptios,
757 667 802 732 qui
817 683 874 717 non
888 669 968 718 norit
980 667 1132 733 Josephurn
1143 666 1222 730 (End.

247 747 264 782 t.
313 749 318 781 :

111 880 214 941 quare
237 861 342 922 etiarn
367 856 533 943 Aegyptii
556 880 632 924 curn
661 861 848 936 Pharaone,
872 863 930 945 qui
958 863 1131 945 persecuti
1149 868 1211 925 sunt

111 952 198 1016 filios
218 954 363 1029 Israelis,
384 957 549 1019 submersi
568 966 647 1019 sunt
667 957 700 1019 in
720 977 812 1019 mare
832 955 938 1038 Supb.

174 1055 242 1138 [eL]
275 1055 377 1137 Quod
400 1077 459 1138 per
480 1056 720 1139 “josephum''
738 1059 771 1120 in
794 1078 897 1121 sensu
920 1078 1084 1140 supremo
1104 1057 1202 1121 intelli·

112 1158 212 1229 gatur
236 1148 402 1211 Dominus
429 1149 542 1231 quoad
570 1148 730 1213 Divinum
753 1148 940 1232 spirituale,
966 1160 1104 1214 constat
1124 1151 1199 1214 etiam

112 1242 201 1323 apud
221 1242 395 1316 Davidem,

163 1387 181 1410 ‘¹
189 1386 220 1435 In
233 1379 342 1436 servum
354 1388 479 1438 venditus
492 1398 533 1437 est
544 1387 688 1452 Josepbus,
703 1387 854 1439 afflixerunt
866 1388 894 1437 in
907 1389 1040 1452 compede
1051 1389 1136 1452 pedem
1147 1387 1193 1449 ejus
1237 1422 1239 1429 -

243 1452 270 1501 in
283 1453 383 1502 ferrum
397 1454 472 1503 venit
484 1455 576 1503 anima
588 1454 655 1516 ejus,
669 1455 800 1517 usquead
815 1464 923 1517 tempus
935 1469 990 1518 quo
1002 1455 1103 1504 veniret
1114 1455 1193 1502 verbum

243 1519 310 1579 ejus,
325 1529 352 1566 et
369 1533 459 1567 sermo
476 1518 596 1582 Jehovae
614 1521 739 1581 probavit
756 1534 834 1575 eum:
858 1520 934 1569 misit
953 1530 1044 1569 texet
1061 1520 1132 1568 solvit
1145 1530 1192 1571 eum.
1237 1572 1239 1579 ,

242 1584 397 1633 dominator
405 1584 527 1646 gentium
539 1585 644 1646 aperuit
655 1599 716 1634 eum
729 1599 735 1641 ;
752 1586 843 1647 posuit
855 1585 882 1633 in
895 1586 1039 1634 dominum
1051 1585 1132 1634 domui
1141 1595 1192 1636 sust.
1234 1584 1239 1619 ἵ

242 1660 269 1697 et
278 1649 464 1698 dominantem
473 1650 501 1698 in
511 1664 620 1699 omnem
631 1650 831 1713 possessionem
842 1665 928 1707 suam,
938 1651 974 1699 ad
982 1651 1141 1699 vinciendum
1146 1647 1193 1710 prin·
1234 1622 1239 1697 i

243 1714 316 1776 cipes
335 1715 406 1763 illius
422 1714 499 1776 juxta
516 1715 656 1764 arbitrium
674 1730 761 1773 suum,
781 1726 808 1764 et
826 1716 950 1764 seniores
968 1716 1040 1765 illius
1053 1726 1081 1765 ut
1096 1714 1192 1764 erudiret:
1237 1742 1239 1771 :

243 1790 307 1828 tunc
320 1781 395 1830 venit
409 1779 491 1828 lsrael
504 1781 532 1830 in
545 1781 708 1842 Aegyptum,
723 1791 750 1830 et
763 1780 849 1845 Jacob
861 1780 1023 1844 peregrinus
1037 1779 1117 1830 netu
1130 1787 1162 1828 ert
1173 1776 1192 1824 it
1235 1786 1239 1853 ξ

243 1856 314 1894 terra
327 1845 444 1895 Chami''
457 1845 514 1906 (Ps.
529 1860 570 1894 ev.
585 1849 688 1906 17-23):
1235 1862 1238 1869 ·

112 1989 313 2052 describitur
339 2008 398 2069 per
422 1984 661 2070 “josephum''
685 1988 862 2062 Dominus,
891 1989 1067 2071 quomodo
1092 2004 1153 2051 cum
1171 1983 1193 2045 ir
1237 1982 1239 2007 ²

113 2084 276 2145 mundum
296 2083 390 2145 venit
410 2092 568 2165 receptus
587 2093 651 2159 est,
669 2093 704 2146 et
723 2083 897 2166 quomodo
918 2093 1083 2155 tentatus,
1099 2090 1127 2144 et
1140 2076 1193 2142 dein
1237 2096 1239 2139 :

112 2177 203 2259 quod
227 2175 335 2240 iactus
357 2179 401 2240 sit
426 2177 593 2240 Dominus
615 2176 701 2240 caeli
728 2187 763 2240 et
787 2187 910 2250 terrae,
935 2197 976 2240 ac
1004 2171 1193 2257 subjugaverit

113 2271 252 2346 inferna,
267 2273 473 2335 ordinaverit
488 2272 603 2335 caelos
616 2282 651 2335 et
665 2272 905 2335 instauraverit
923 2271 1116 2336 ecclesiam:
1135 2285 1193 2351 quo-

114 2368 217 2431 modo
237 2377 393 2447 receptus
413 2377 448 2429 et
472 2377 638 2439 tentatus,
658 2366 858 2429 describitur
885 2388 945 2448 per
964 2367 1056 2449 quod
1075 2366 1128 2427 “in
1147 2379 1194 2424 ser·

112 2482 192 2524 vum
211 2463 369 2523 venditus
386 2461 459 2532 sit‚‘'
477 2461 690 2523 “afflixerint
706 2463 738 2522 in
757 2462 923 2542 compede
940 2462 1062 2543 pedem
1079 2456 1194 2540 ejus,'‘et

113 2557 203 2639 quod
232 2558 264 2618 in
291 2557 441 2618 “serrum
465 2558 597 2618 veniret
627 2557 740 2617 anima
768 2555 876 2636 ejus;”
900 2556 993 2638 quod
1013 2557 1073 2619 “in
1095 2565 1194 2616 servum

113 2653 272 2715 venditus
289 2650 535 2731 sit”significat
553 2650 642 2732 quod
660 2661 731 2714 tarn
747 2651 823 2712 vilis
839 2652 1042 2714 aestimatus
1057 2651 1115 2723 sit;
1131 2639 1193 2727 quod

116 2746 328 2808 “afflixerint
348 2744 410 2827 [in]
429 2745 595 2826 compede
612 2745 732 2826 pedem
745 2745 815 2825 ejus
824 2744 839 2768 '⁹
852 2744 1022 2826 significat
1038 2742 1120 2827 quod
1134 2740 1195 2801 sicut

113 2838 246 2903 vinctus
271 2852 305 2902 et
330 2842 361 2902 in
387 2860 521 2902 carcere
545 2842 622 2921 quia
646 2859 714 2901 non
738 2839 886 2920 amplius
905 2840 1033 2902 bonum
1056 2833 1194 2904 naturale,

113 2936 203 3018 quod
226 2937 286 2996 “in
312 2935 433 2996 serrum
457 2936 587 2996 veniret
611 2935 724 2996 anima
746 2923 841 3014 e'jus''
865 2935 1036 3015 significat
1065 2929 1142 3014 quod
1162 2927 1194 2988 itt

113 3032 190 3112 quia
211 3049 278 3090 non
298 3029 441 3109 amplius
457 3048 574 3090 verum
595 3028 748 3090 naturale
768 3028 827 3090 sed
845 3028 984 3090 salsum:
1010 3026 1096 3110 quod
1107 3016 1192 3085 vicerit

113 3124 241 3186 inferna
265 3144 324 3204 per
348 3123 506 3184 Divinum
532 3122 659 3185 Verum
683 3120 752 3184 ¹¹¹ex
785 3123 910 3185 Divino
933 3143 1006 3194 suo,
1031 3116 1194 3183 describitur

113 3240 172 3300 per
191 3226 324 3299 “usque
344 3218 386 3279 ad
408 3229 543 3297 tempus
562 3237 629 3298 quo
652 3219 783 3280 veniret
802 3217 943 3279 verbum
960 3216 1042 3297 ejus,
1062 3224 1095 3277 et
1114 3221 1193 3274 semo

111 3313 264 3394 Jehovae
289 3313 444 3394 probavit
468 3311 585 3386 eum;'’
617 3311 784 3374 “verbum
812 3310 925 3373 illius¹’
943 3308 1108 3391 significat
1127 3297 1192 3366 Divi·

113 3429 192 3470 num
214 3407 352 3479 Verum,
371 3417 405 3468 et
428 3412 568 3468 “sermo
586 3405 760 3486 jehovae''
778 3405 936 3467 Divinum
955 3405 1086 3467 Bonum
1101 3420 1136 3464 ex
1147 3408 1192 3476 q11⁰

114 3503 273 3564 Divinum
289 3502 417 3564 Verum
432 3522 438 3562 :
460 3502 549 3582 quod
564 3503 610 3563 sic
625 3501 791 3563 Dominus
808 3501 1056 3581 comparaverit
1071 3497 1192 3560 Humano

113 3617 173 3658 suo
190 3618 234 3659 ex
254 3598 377 3658 Divino
394 3617 455 3657 suo
471 3606 682 3676 potestatem
700 3615 799 3676 super
818 3597 932 3657 omnia
948 3594 1034 3657 caeli
1054 3603 1088 3656 et
1104 3597 1190 3653 terrae.

112 3690 314 3753 describitur
334 3711 392 3770 per
412 3690 502 3770 quod
524 3692 642 3752 “misit
662 3710 724 3752 rex
748 3699 782 3751 et
802 3689 904 3751 solvit
929 3708 1017 3762 eum,
1038 3685 1192 3750 dominator

112 3786 267 3864 gentium
292 3785 422 3864 aperuit
447 3804 535 3855 eum,
557 3784 668 3864 posuit
694 3784 726 3845 in
750 3784 924 3844 dominum
948 3784 1062 3844 domui
1085 3773 1192 3878 suaset

112 3877 347 3940 dominantem
365 3879 397 3938 in
411 3897 547 3939 omnem
566 3879 816 3959 possessionem
834 3897 929 3939 suam
942 3877 969 3953 ;”
989 3897 1048 3958 per
1065 3878 1176 3968 “regefss

111 3973 166 4052 qui
187 3973 277 4034 misit
298 3982 332 4033 et
353 3991 412 4052 per
431 3972 710 4034 “dominatorem
730 3970 914 4052 gentium,’'
930 3971 986 4052 qui
1005 3967 1133 4051 aperuit,
1146 3969 1191 4032 5¹8·

112 4065 267 4128 nificatur
285 4066 444 4129 Divinum
463 4067 592 4129 Verum
612 4088 650 4130 ac
669 4067 828 4128 Divinum
847 4065 979 4128 Bonum
997 4061 1081 4147 q'uae
1098 4063 1125 4124 in
1138 4053 1192 4153 ips·o

110 4170 146 4222 et
166 4161 209 4221 ab
230 4161 329 4241 Ipso;
355 4182 413 4243 per
435 4161 605 4243 “regem'’
625 4162 784 4224 Divinum
806 4159 934 4222 Verum
955 4169 991 4223 et
1014 4179 1073 4241 per
1092 4153 1192 4214 “domt

111 4266 266 4316 natorem
286 4255 444 4317 Divinum
462 4255 595 4318 Bonum
609 4256 635 4332 ;”
659 4275 738 4318 nam
756 4256 922 4317 Dominus
935 4274 982 4316 ex
999 4254 1115 4316 Divino
1128 4241 1194 4344 Vefss

109 4349 142 4409 in
160 4349 278 4411 Verbo
296 4360 437 4412 vocatur
459 4350 598 4425 “Rex,”
618 4361 652 4414 et
677 4372 721 4413 ex
743 4351 867 4413 Divino
888 4348 986 4412 Bono
1008 4342 1182 4441 “Dominus

109 4452 182 4505 tum
204 4443 437 4506 “Dominator
449 4445 474 4506 :''
498 4467 557 4527 per
579 4446 747 4508 “domum
756 4444 771 4469 ''
790 4465 892 4527 super
910 4464 977 4527 qua
996 4444 1131 4527 positus.
1146 4439 1194 4504 ΒΨ
