2684 4988
109 477 193 541 rzrtt
420 480 671 537 nrocntvrsrs
694 487 922 539 axrmcnrn.

109 659 340 743 sequentibus.
365 668 400 721 et
425 678 558 741 quoque
581 678 625 720 ex
650 657 901 740 significatione
926 679 1047 723 vocum
1068 661 1183 722 insensu

109 756 254 819 interno.
300 751 426 833 Agitur
449 754 539 815 enim
563 742 595 814 in
619 751 685 815 hoc
705 754 819 835 capite
838 764 874 817 et
898 755 931 816 in
951 753 1147 836 sequentibus
1157 748 1185 811 ie

110 858 204 912 statu
220 846 385 911 ecclesiae
402 846 535 918 ultimo,
548 867 609 908 seu
626 848 763 929 quando
780 846 855 910 finis
871 847 943 929 ejus
959 858 1013 910 est
1029 848 1103 910 dum
1114 849 1186 910 instet

107 942 288 1024 judicium;
321 951 356 1004 et
383 951 568 1022 antequam
592 951 705 1004 status
729 941 786 1005 ille
813 943 1028 1016 describitur,
1051 943 1144 1024 agitur
1161 939 1188 1002 de

111 1037 327 1119 separatione
347 1035 481 1097 illorum
500 1036 555 1116 qui
579 1034 734 1098 salvandi
753 1046 863 1112 erant,
883 1037 940 1119 qui
964 1055 1081 1100 omnes
1100 1034 1189 1099 intelli·

111 1142 238 1214 guntur
264 1151 324 1212 per
353 1131 539 1210 “signatos
567 1148 668 1210 super
697 1129 896 1204 frontibus,”
918 1140 955 1194 et
983 1151 1043 1213 per
1065 1131 1190 1194 “indutos
1230 1152 1232 1171 ¹

112 1227 211 1289 stolis
235 1222 350 1298 albis,'’
369 1224 412 1285 de
435 1224 555 1304 quibus
578 1220 692 1286 adium
716 1234 769 1287 est
793 1226 826 1287 in
850 1227 964 1307 capite
984 1225 1189 1289 antecedente:

112 1333 146 1384 et
171 1321 248 1402 quia
268 1318 315 1381 illi
339 1327 418 1380 tunc
440 1337 506 1380 una
529 1319 562 1381 in
586 1319 809 1382 societatibus
831 1319 965 1383 luerunt
990 1339 1065 1383 cum
1087 1319 1139 1382 illis
1155 1316 1190 1400 q'

111 1413 307 1482 damnandi,
325 1412 403 1474 ideo
422 1413 454 1473 in
472 1411 537 1474 hoc
554 1414 667 1494 capite
683 1413 884 1476 describitur
901 1414 1050 1476 medium
1066 1434 1119 1496 per
1129 1410 1190 1496 quod

112 1506 259 1586 separati
280 1515 357 1566 sunt
377 1515 412 1568 et
432 1505 576 1582 salvati;
601 1507 691 1588 quod
711 1525 833 1589 nempe
853 1508 939 1570 caeli
956 1510 1133 1590 superiores
1147 1504 1190 1588 pri·

112 1619 204 1662 mum
232 1597 323 1662 ardte
350 1598 521 1680 conjundti
549 1602 671 1665 suerint
701 1622 777 1665 cum
807 1602 957 1666 Domino
985 1624 1044 1685 per
1068 1602 1190 1666 influxun

114 1693 273 1757 Divinum
293 1695 325 1756 in
344 1695 470 1756 bonum
490 1696 641 1759 caeleste
661 1706 696 1759 et
716 1717 775 1778 per
793 1697 827 1758 id
845 1698 878 1759 in
899 1697 1028 1761 bonum
1046 1693 1189 1779 spirituale,

112 1800 147 1853 et
167 1789 244 1852 dein
266 1810 324 1871 per
342 1788 425 1851 haec
446 1790 536 1852 bona
555 1791 588 1852 in
609 1810 711 1853 unum
731 1789 912 1871 conjuntta
931 1793 965 1854 in
990 1787 1190 1863 interiorunt

112 1892 210 1948 erant
229 1883 276 1946 illi
296 1885 351 1966 qui
370 1882 526 1945 salvandi
546 1894 579 1947 et
600 1886 655 1966 qui
675 1885 859 1948 damnandi
880 1886 980 1949 simul
1003 1888 1037 1949 in
1056 1882 1189 1948 societati·

113 1978 185 2040 bus.
240 1978 304 2041 Hic
329 1977 474 2040 influxus
499 1978 636 2041 Domini
659 2000 678 2041 e
701 1980 804 2042 caelis
827 1982 1053 2060 superioribus
1074 1987 1190 2060 receptus

113 2083 166 2137 est
186 2073 230 2136 ab
248 2073 384 2155 illisqui
404 2073 545 2136 inbono
560 2075 719 2136 vixerunt
740 2075 772 2136 in
793 2075 931 2149 mundo,
950 2095 1029 2138 nam
1048 2074 1125 2156 apud
1138 2071 1190 2135 illos

113 2167 147 2231 id
171 2167 297 2229 bonurn
316 2177 409 2243 erat;
434 2187 537 2249 quare
556 2187 615 2248 per
634 2168 666 2229 id
691 2165 860 2248 conjunb‘ti
880 2178 959 2233 sunt
984 2170 1082 2232 caelis
1099 2163 1189 2247 superi·

114 2262 238 2336 oribus,
259 2273 293 2325 et
314 2262 360 2323 sic
381 2262 528 2343 separati
553 2261 596 2323 ab
619 2262 684 2323 illis
707 2264 762 2344 qui
786 2282 855 2325 non
874 2265 1025 2346 recipere
1047 2265 1189 2346 potuerunt

114 2356 289 2427 influxum,
307 2357 383 2438 quia
400 2375 467 2417 non
484 2357 516 2417 in
536 2355 627 2418 bono
643 2357 703 2419 sed
724 2359 756 2419 in
774 2357 875 2429 malo,
893 2358 1033 2439 quando
1051 2361 1081 2420 in
1099 2351 1189 2418 mundo

113 2449 257 2523 suerunt,
283 2451 450 2512 vixerant.
499 2449 574 2512 Hoc
597 2470 730 2532 quoque
752 2461 805 2514 est
834 2452 925 2533 quod
949 2453 1135 2534 intelligitur
1150 2463 1189 2528 per

115 2544 254 2607 Domini
273 2544 375 2607 verba
394 2543 483 2625 apud
503 2543 755 2624 Evangelistns,

166 2691 267 2741 “Tunc
281 2693 334 2742 duo
347 2702 425 2740 erunt
444 2693 471 2740 in
490 2707 564 2753 agro,
579 2707 649 2741 unus
666 2702 826 2748 assumetur,
841 2694 910 2742 alter
927 2695 1128 2757 derelinquetur:
1141 2688 1187 2761 llll&

247 2757 379 2806 molentes
383 2795 452 2811 .....
458 2772 513 2805 una
525 2769 685 2815 assumetur,
700 2758 786 2807 altera
797 2759 1021 2821 derelinquetur''
1035 2758 1130 2821 (Alani.
1139 2762 1187 2801 rru-

245 2835 285 2881 40,
297 2835 327 2881 41
339 2838 344 2881 ;
363 2823 425 2872 Luc.
438 2823 501 2871 xvii.
515 2825 613 2883 34-36).

115 2961 211 3025 Haec
231 2971 284 3024 est
304 2963 407 3024 series
426 2981 536 3024 rerum
560 2963 593 3024 in
617 2982 717 3024 sensu
735 2964 882 3035 intern0,
902 2974 939 3026 et
964 2983 1072 3026 nexus
1089 2971 1189 3026 antece·

113 3054 269 3116 dentium
292 3073 369 3116 cum
392 3054 444 3115 his
467 3063 501 3115 et
525 3073 602 3117 cum
625 3054 848 3135 sequentibus
874 3071 916 3128 (de
930 3084 980 3128 qua
994 3064 1191 3122 mouendum

113 3145 404 3222 supra.n.413.418.
421 3160 493 3222 419.
508 3143 580 3220 426,
594 3145 680 3222 489).
724 3143 780 3204 Ex
805 3145 857 3206 his
877 3164 967 3206 nunc
987 3146 1097 3208 videri
1110 3142 1190 3226 potest

113 3238 187 3318 quis
207 3256 325 3298 sensus
344 3236 527 3316 spiritualis
546 3246 599 3297 est
616 3236 793 3298 verborum
814 3235 934 3298 horum
953 3237 1033 3301 “Ut
1049 3239 1133 3301 daret
1146 3223 1190 3292 sul·

113 3331 192 3394 fitus
209 3330 362 3412 precibus
376 3327 569 3391 santlorum
583 3331 732 3392 omnium
745 3351 845 3411 super
857 3331 967 3394 altare
980 3352 1121 3404 aureum,
1131 3316 1191 3409 quod

114 3445 228 3488 coram
246 3423 400 3497 throno,''
417 3424 506 3505 quod
527 3444 648 3505 nempe
667 3425 711 3486 sit
730 3421 923 3503 conjunctio
943 3427 1108 3490 caelorum
1124 3435 1192 3499 supe·

114 3523 237 3584 riorum
261 3538 337 3580 cum
361 3518 426 3580 illis
450 3519 504 3599 qui
528 3518 707 3599 separandi
731 3539 750 3580 a
774 3518 871 3581 malis
894 3530 930 3582 et
955 3521 1113 3584 salvandi.
1152 3512 1194 3574 l'er

116 3623 135 3646 ¹⁴
145 3613 291 3696 preces‚’'
305 3613 423 3693 quibus
440 3611 571 3674 suffitus
584 3613 756 3685 darentur,
771 3631 838 3674 non
852 3613 1090 3695 intelliguntur
1101 3620 1197 3695 precesr

114 3709 173 3770 sed
197 3728 277 3770 vera
300 3728 344 3769 ex
373 3706 463 3768 bono
491 3727 549 3788 per
572 3727 657 3787 quae
681 3726 821 3787 preces;
849 3706 907 3768 illa
930 3711 1022 3771 enim
1047 3719 1118 3771 sunt
1135 3708 1203 3784 quae

113 3803 201 3884 apud
230 3802 402 3862 hominem
430 3810 621 3881 precantur,
647 3811 682 3863 et
710 3802 743 3862 in
771 3800 837 3863 illis
865 3803 1022 3882 precibus
1049 3813 1099 3866 est
1123 3798 1210 3862 horss0

108 3893 237 3974 jugiter
247 3893 385 3973 quando
397 3893 430 3952 in
443 3894 514 3954 vita
527 3892 715 3954 secundum
728 3891 798 3953 illa.
841 3908 926 3964 (Quod
935 3892 1218 3967 per··praoe··nver³'⁰

112 3999 168 4030 vera
178 3999 207 4030 ex
221 3986 294 4038 bono,
306 3998 368 4041 quae
378 3984 444 4042 apud
459 3984 589 4037 hominem,
601 3984 768 4042 intelligantur,
780 3991 803 4028 et
814 3997 862 4028 non
878 3997 961 4042 precer
971 3987 1027 4039 on's,
1038 3970 1227 4034 videaturnlpffi

112 4074 135 4105 n·
149 4058 230 4124 325.)

170 4164 274 4233 494.
298 4165 377 4223 [Vm.
392 4165 425 4224 4.]
449 4150 508 4211 ‘tr
522 4149 664 4212 escondit
683 4148 784 4211 tumne
804 4149 956 4211 redituum
974 4151 1115 4231 procidet
1131 4136 1232 4210 ΝΜ

112 4251 210 4308 torum
227 4245 265 4306 de
282 4264 372 4304 menn
390 4244 495 4325 nnqoli
511 4263 616 4306 eornm
633 4241 870 4323 000.''-Quod
893 4243 1066 4326 significet
1081 4238 1232 4324 conjux)

110 4337 229 4400 tionem
240 4336 383 4399 ommam
398 4357 468 4399 cum
484 4336 632 4413 Domina,
647 4346 785 4400 constat
798 4356 844 4398 ex
857 4335 1104 4416 significatione
1117 4324 1232 4394 “ius,

109 4427 314 4506 suffituum,''
329 4430 421 4511 quod
438 4430 505 4492 sint
521 4449 601 4492 vera
617 4429 697 4492 boni
713 4425 898 4511 spiritualis
915 4444 1019 4505 (deque
1027 4443 1149 4505 aqueum
1162 4417 1232 4480 ὗ
