2684 4988
291 510 373 562 cnr.
391 511 452 575 v1.‚
469 512 572 563 vsns.
593 499 720 564 16.-n.
735 498 873 587 412[f].
1079 518 1142 587 993

104 677 340 763 ineacceptabit
352 681 456 746 facies
468 702 560 746 meas
568 682 583 708 ”
593 683 760 767 significat
772 684 859 748 forte
871 685 1021 767 benigno
1029 686 1144 751 animo

110 776 226 857 recipiet
238 797 246 854 ;
268 782 478 859 “acceptare
493 776 617 842 sacies”
629 789 682 842 est
698 800 743 842 ex
756 777 932 844 affedtione
944 779 1032 843 velle
1045 779 1143 845 alicui

104 888 131 932 ie.
166 869 268 952 Apud
287 872 446 947 eundem,

104 1012 162 1063 'Nun
178 1014 320 1064 inclinabis
337 1014 475 1078 judicium,
493 1031 549 1066 non
566 1031 698 1080 agnosces
715 1017 806 1077 iscies,
826 1031 876 1068 nec
892 1032 990 1071 munus
1007 1017 1144 1082 accipies’·

153 1079 255 1141 (Deutr.
266 1080 321 1131 xvi.
335 1081 391 1144 19):

104 1231 333 1295 nagnoscere
361 1213 484 1277 sacies”
510 1214 677 1297 significat
707 1214 805 1298 [non]
834 1236 1004 1298 propenso
1030 1216 1144 1281 animo

104 1336 105 1345 ¹
127 1327 205 1388 erga
231 1309 432 1389 superiores,
454 1309 577 1372 divites
602 1330 642 1373 ac
670 1311 808 1384 amicos,
832 1310 907 1391 plus
934 1330 1034 1393 quam
1061 1332 1145 1392 erga

104 1421 166 1475 ires,
180 1421 346 1482 pauperes
359 1412 395 1465 et
407 1404 559 1472 inimicos
571 1424 578 1481 3
600 1405 677 1486 quia
689 1403 816 1484 justum
829 1415 864 1469 et
877 1402 1005 1467 redium
1017 1405 1143 1487 absque

116 1493 267 1577 respedtu
285 1497 329 1559 ad
348 1516 528 1578 personam
543 1496 761 1578 spediabitur.
806 1498 911 1580 Apud
926 1498 1143 1575 Malachiam,

106 1637 167 1688 Dedi
182 1654 232 1688 vos
244 1650 415 1703 contemptos
432 1650 459 1690 et
471 1640 538 1689 viles
556 1640 630 1689 omni
648 1641 756 1703 populo.
771 1642 887 1705 eoquod
900 1656 949 1692 vos
962 1657 1016 1691 non
1028 1643 1145 1692 custodi-

150 1716 229 1754 entes
241 1707 300 1754 vias
312 1720 395 1765 meas,
409 1717 437 1755 et
448 1706 566 1769 accipitis
578 1706 661 1756 iacies
673 1707 701 1755 in
713 1706 795 1770 lege”
806 1708 844 1769 (ii.
855 1709 896 1770 9)ss

104 1848 205 1929 cipere
229 1849 331 1912 facies
354 1851 387 1912 in
411 1849 488 1930 lege
502 1848 517 1874 ”
536 1849 643 1912 simile
662 1850 715 1913 hic
739 1848 909 1930 significat
932 1851 1022 1932 quod
1045 1870 1145 1931 supra

105 1961 240 2006 noscere
260 1944 361 2006 facies
384 1945 418 2006 in
436 1943 589 2025 judicio,”
609 1964 730 2025 nempe
750 1964 919 2025 propenso
937 1946 1050 2006 animo
1069 1964 1144 2007 esse

103 2035 199 2100 avere
222 2039 461 2119 superioribus,
480 2039 639 2102 divitibus
662 2050 697 2102 et
720 2041 847 2114 amiciS,
864 2059 944 2120 prae
963 2039 1143 2114 vilioribus,

104 2133 223 2214 peribus
242 2143 277 2196 et
296 2134 447 2196 inimicis.
492 2132 596 2215 Apud
614 2132 768 2208 Esaiam,

104 2277 288 2405 Quipmvobip?
320 2277 468 2328 Conteritis
488 2277 625 2341 populum.
645 2286 673 2327 et
693 2277 775 2327 iacies
795 2291 941 2341 pauperum
961 2275 1145 2326 commolitis”

163 2359 201 2393 ru.
215 2355 246 2403 ις
265 2360 272 2393 t

104 2475 260 2538 mmolere
279 2474 381 2537 facies
399 2473 606 2556 pauperum”
621 2473 788 2555 significat
805 2474 978 2537 destruere
995 2472 1143 2537 affectio-

104 2571 333 2653 cognoscendi
349 2590 428 2632 vera
444 2569 533 2650 apud
552 2569 629 2631 illos
645 2571 700 2651 qui
719 2570 750 2631 in
771 2570 963 2649 ignorantia
978 2569 1048 2631 veri
1066 2580 1144 2632 sunt

104 2684 179 2747 sque
192 2664 389 2726 desiderant
404 2665 520 2726 instrui
532 2685 540 2742 ;
562 2670 581 2695 “
591 2662 796 2726 commolere
804 2662 819 2685 ”
831 2662 999 2744 significat
1012 2664 1144 2726 destru-

118 2764 136 2789 ‘⁴
147 2757 249 2820 iacies
260 2757 275 2781 ”
298 2756 492 2838 significant
517 2754 712 2819 affettiones
738 2756 969 2837 cognoscendi
995 2776 1085 2831 vera,
1109 2768 1145 2820 et

104 2851 242 2933 uperes”
260 2851 337 2915 illos
356 2853 411 2934 qui
433 2853 466 2913 in
489 2852 682 2932 ignorantia
700 2852 769 2913 veri
791 2861 870 2915 sunt
893 2860 928 2913 et
950 2851 1145 2913 desiderant

104 2948 153 3020 rui,
169 2946 204 3009 hi
220 2947 310 3008 enim
326 2956 405 3010 sunt
421 2946 477 3028 qui
495 2944 713 3026 spiritualiter
727 2964 892 3027 pauperes
907 2953 996 3007 sunt.
1040 2942 1145 3025 Apud

104 3040 199 3116 idem

105 3182 169 3234 ruia
179 3183 246 3247 Tyri
257 3183 352 3232 afferet
365 3197 469 3241 munus,
482 3182 564 3232 iacies
577 3191 636 3231 tuas
648 3182 859 3245 deprecabuntur
868 3182 965 3231 divites
977 3181 1069 3245 populi
1071 3218 1142 3239 .....

155 3260 213 3298 tota
229 3249 348 3311 gloriosa
366 3248 421 3298 tilia
439 3249 520 3311 Regis
537 3249 618 3306 intus,
632 3248 664 3296 de
683 3247 806 3310 implexis
823 3248 880 3298 auri
898 3248 981 3296 vestis
995 3247 1054 3311 ejus
1062 3245 1075 3266 '⁸
1088 3246 1144 3309 (Pr.

154 3315 209 3365 xlv.
222 3326 304 3375 13,14
317 3311 363 3379 [B.
375 3316 410 3363 A.
422 3327 460 3373 ια,
473 3310 541 3377 13]):

106 3447 234 3511 “filiam
258 3445 389 3528 Regis’'
407 3445 613 3529 significatur
635 3446 679 3509 ibi
702 3443 834 3508 affettio
853 3445 922 3509 veri
945 3444 1145 3525 spiritualis;

104 3541 238 3624 aTyri”
250 3539 418 3623 significat
430 3538 642 3604 affefflonem
658 3541 892 3622 cognitionum
909 3540 979 3602 veri
994 3550 1029 3602 et
1046 3539 1145 3618 boni;

104 3637 191 3701 litari
206 3635 416 3718 significatur
432 3655 491 3717 per
506 3635 596 3718 quod
613 3642 762 3698 “munus
778 3634 895 3699 afferet
907 3633 933 3696 :”
957 3654 1016 3716 per
1032 3640 1051 3665 ‘¹
1061 3634 1146 3697 divi·

104 3731 239 3814 populi”
258 3729 491 3811 significantur
509 3729 752 3811 intelligentes,
772 3740 807 3793 et
826 3725 997 3791 abstradte
1020 3726 1146 3792 intelli·

104 3827 143 3890 tia
159 3827 229 3889 veri
252 3837 288 3889 et
310 3826 411 3902 boni;
434 3825 485 3888 his
504 3826 622 3887 donari
641 3822 847 3905 significatur
866 3842 925 3904 per
945 3823 1147 3902 “deprecari

104 3941 127 3984 :s
142 3920 240 4003 ejus,'’
253 3921 367 3983 omnia
379 3921 468 3981 enim
484 3918 731 3999 intelligentiae
747 3918 903 3980 habitant
919 3918 953 3980 in
969 3913 1146 3980 affedtione

120 4015 295 4098 spirituali,
319 4034 405 4096 quae
433 4015 546 4095 itaque
573 4033 633 4094 per
657 4011 812 4074 “facies’'
834 4011 904 4092 ejus
927 4009 1146 4091 significatur.

104 4125 277 4183 inundantur
287 4123 407 4182 explicata
415 4135 495 4181 supra,
504 4135 528 4168 n.
544 4119 661 4186 195[b].)
703 4102 810 4186 Apud
826 4103 984 4178 eundem,

104 4255 195 4307 Adhuc
212 4251 388 4304 sskonfitebor
406 4253 451 4310 illi.
471 4253 572 4301 salutes
589 4251 717 4301 facierum
735 4265 864 4309 mearum,
880 4248 953 4299 Deus
971 4245 1069 4298 meus”
1087 4247 1144 4308 (Ps.

151 4323 208 4373 xlii.
221 4333 251 4370 12
265 4317 314 4386 [B.
323 4322 359 4369 A.
369 4315 428 4382 11];
447 4317 491 4368 Ps.
500 4318 566 4367 xliii.
579 4317 617 4380 sl:

104 4464 178 4519 utes
204 4453 365 4518 facierum
388 4450 561 4516 mearum”
584 4449 776 4532 significant
798 4447 912 4512 omnia
934 4466 1019 4530 quae
1042 4445 1144 4522 intus,
