2684 4988
355 519 432 570 cnr.
448 520 523 583 vu,
542 520 646 571 vans.
668 521 796 572 12.—n.
811 508 885 592 465·
1096 525 1174 594 1¹75

105 689 186 763 oris,
213 699 255 751 et
279 688 445 753 “adorare
473 689 607 754 Deum”
633 700 687 755 est
714 690 911 756 testificatio
936 692 1176 757 humiliationis

104 784 160 846 riis
181 804 247 865 per
264 805 341 847 vera
360 805 404 847 ex
424 785 483 849 illo
502 785 603 849 bono.

112 887 216 969 464.
240 901 320 961 [νινε.
331 902 378 962 12]
401 886 577 960 ’Ναυτικὴ
588 887 858 969 Amon‚''—Quod
874 887 1044 971 significet
1056 888 1174 952 Domi·

104 999 129 1040 m
153 979 269 1060 quoad
290 979 450 1042 Divinum
481 979 601 1043 Verum
624 1001 667 1043 ex
691 980 815 1043 Divino
841 981 941 1057 Bono,
965 992 1102 1046 constat
1129 1003 1174 1046 ex

104 1071 299 1152 {nificatione
320 1073 477 1149 “amen'’
495 1075 586 1157 quod
609 1076 653 1139 sit
676 1077 822 1154 veritas3
849 1085 885 1140 et
908 1077 986 1159 quia
1009 1075 1174 1140 Dominus

104 1169 203 1249 tipsa
232 1167 369 1231 Veritas
398 1168 450 1251 (ut
481 1168 559 1250 lpse
586 1169 700 1245 docet,
728 1169 810 1244 Jolr.
838 1171 907 1233 xiv.
934 1169 982 1252 6),
1010 1172 1086 1234 ideo
1116 1191 1175 1253 per

104 1259 219 1325 llmen”
235 1265 268 1325 in
285 1283 443 1344 supremo
459 1284 559 1327 sensu
575 1263 784 1346 significatur
800 1264 967 1328 Dominus
983 1266 1094 1348 quoad
1113 1266 1173 1328 Di·

104 1374 165 1418 num
188 1356 338 1421 Verum:
372 1358 437 1421 hoc
467 1358 581 1440 itaque
611 1378 671 1440 per
695 1358 846 1422 “amen”
872 1359 925 1422 hic
956 1359 1173 1442 significatur,

104 1451 133 1512 ria
152 1471 262 1514 sermo
285 1462 338 1515 est
364 1454 407 1514 ab
429 1452 560 1534 angelis
588 1455 688 1515 trium
712 1453 882 1516 caelorum
909 1453 953 1516 ad
980 1453 1172 1516 Dominum.

104 1545 154 1606 uod
168 1554 185 1577 ⁸¹
195 1567 295 1609 amen
305 1546 320 1570 ’'
336 1547 388 1610 hic
409 1549 516 1627 primo
534 1546 609 1609 loco
628 1548 770 1622 dicatur,
787 1557 823 1611 et
839 1569 971 1631 quoque
988 1558 1172 1628 postremo,

104 1637 217 1717 gnificat
234 1640 326 1722 quod
347 1640 512 1702 Dominus
528 1640 639 1722 quoad
662 1641 820 1703 Divinum
837 1641 964 1704 Verum
984 1662 1029 1704 ex
1050 1641 1173 1705 Divino

104 1752 152 1796 ono
165 1737 206 1799 sit
226 1737 259 1796 in
280 1737 393 1817 primis
410 1747 445 1798 et
464 1737 497 1797 in
515 1735 652 1810 ultimis,
670 1756 728 1799 seu
744 1735 835 1818 quod
854 1736 931 1817 Ipse
948 1735 1114 1799 Dominus
1130 1738 1173 1799 sit

104 1826 178 1890 'imus
200 1840 236 1892 et
260 1829 433 1905 Ultimus;
458 1849 535 1891 nam
560 1828 719 1892 Divinum
743 1828 872 1893 Verum
895 1831 1024 1893 unitum
1049 1830 1173 1894 Divino

104 1940 151 1983 ano
161 1934 212 1986 est
226 1922 394 1986 Dominus
408 1924 441 1985 in
455 1922 569 1996 caelis,
582 1932 636 1986 est
649 1925 738 1986 enim
752 1923 786 1986 id
803 1922 960 1987 Divinum
974 1926 1171 2005 procedens,

104 2030 182 2096 :quo
200 2015 316 2076 omnia
335 2014 423 2077 caeli
445 2034 484 2077 ac
504 2015 615 2095 ipsum
634 2015 768 2078 caelum
789 2032 826 2086 (ut
841 2030 864 2076 in
879 2044 952 2090 opere
967 2032 1005 2077 De
1018 2033 1086 2078 caen
1099 2039 1122 2078 er
1135 2035 1174 2078 n-

104 2113 135 2154 no,
149 2115 171 2149 n.
188 2115 224 2162 13,
243 2104 355 2160 126-140,
373 2115 425 2160 275,
442 2111 564 2148 ostensum
581 2103 708 2161 videatur).
741 2103 826 2161 (Quod
842 2116 893 2149 csse
908 2105 933 2149 in
948 2105 1030 2162 primis
1045 2113 1069 2150 et
1085 2106 1173 2151 ultimis

104 2175 167 2223 tifioet
179 2177 205 2223 in
219 2178 341 2230 omuibus,
350 2179 422 2223 etiam
436 2191 516 2236 supra,
526 2192 550 2223 u.
558 2178 697 2241 41,417;
714 2185 739 2223 et
751 2179 776 2223 iu
786 2179 890 2224 Arconir
901 2180 1046 2233 Caelesn'bus,
1056 2193 1079 2226 n
1091 2193 1172 2239 10044,

104 2266 232 2383 129,81o335;
247 2266 272 2303 et
280 2259 348 2316 quod
359 2254 372 2271 '¹
380 2259 461 2304 Amen
471 2258 483 2272 '¹
492 2257 610 2316 significet
622 2258 754 2303 Dominum
765 2259 848 2316 quoad
860 2258 973 2304 Divinum
984 2260 1083 2314 Verum,
1092 2273 1171 2318 supra.

104 2332 130 2383 22
152 2338 168 2396 .)

117 2422 212 2505 465.
240 2421 449 2494 ‘Boradiotiu
467 2422 570 2504 pluria
591 2427 624 2485 ot
644 2421 972 2503 supientia.''-Quod
1000 2423 1170 2504 significet

104 2532 163 2577 ura
177 2514 301 2577 Divino
321 2513 404 2577 Vero
419 2514 509 2596 quod
517 2515 670 2595 procedit
683 2536 705 2576 a
720 2513 871 2590 Domino,
888 2515 923 2577 in
937 2515 1046 2578 tribus
1061 2515 1169 2591 caelis,

104 2619 186 2673 ustat
208 2630 255 2672 ex
279 2607 525 2691 significatione
548 2606 851 2685 “benedictionis”
873 2610 963 2691 quod
987 2610 1030 2672 sit
1054 2630 1169 2692 recep-

104 2700 234 2766 >Divini
254 2702 337 2766 Veri
359 2714 395 2766 et
421 2704 498 2766 inde
523 2700 744 2778 fructificatio
762 2702 851 2766 unde
875 2703 1018 2766 felicitas
1041 2713 1076 2767 et
1100 2707 1171 2768 vita

106 2801 211 2873 terum
243 2813 322 2870 (quod
341 2812 401 2857 baec
420 2825 464 2870 per
480 2807 718 2856 ‘'benedictionem''
736 2812 761 2856 iu
778 2811 860 2856 Verbo
879 2812 1048 2869 intelligantur,
1063 2813 1172 2859 videatur

104 2899 133 2942 n
145 2903 165 2936 u
181 2891 270 2955 340;)
296 2896 341 2938 ex
364 2874 616 2957 significatione
634 2874 825 2956 “gloriae”
843 2875 933 2958 quod
953 2877 998 2937 sit
1017 2878 1169 2958 receptio

104 2959 164 3026 irini
186 2964 270 3028 Veri
300 2967 333 3028 in
360 2964 578 3028 interioribus
601 2981 643 3039 (de
659 2993 709 3038 qua
724 2993 804 3038 supra
819 2994 842 3026 n.
858 2981 907 3044 34.
923 2966 993 3035 288,
1010 2979 1103 3045 345);
1133 2975 1169 3029 et

104 3054 375 3136 :significatione
399 3053 651 3136 “sapientiae,”
677 3053 769 3137 quod
798 3054 843 3118 sit
872 3056 1025 3137 receptio
1054 3054 1169 3119 Divini

104 3145 135 3207 eri
153 3148 185 3208 in
208 3148 348 3222 intimiS,
369 3165 447 3210 nam
467 3146 544 3210 inde
563 3147 748 3227 sapientia:
773 3146 863 3229 quod
884 3147 968 3210 haec
988 3148 1062 3222 tria,
1081 3149 1168 3210 “be-

104 3236 223 3314 dictio?
244 3241 403 3323 “gloria‘'
427 3252 462 3304 et
483 3241 701 3322 “sapientia”
723 3241 889 3315 dicantur,
909 3251 962 3304 est
985 3242 1062 3324 quia
1084 3242 1168 3306 haec

120 3332 249 3415 angelis
274 3334 376 3396 trium
399 3333 573 3397 caelorum
596 3330 688 3396 dicta
706 3343 787 3397 sunt
806 3350 926 3408 (videatur
939 3363 1018 3408 supra,
1033 3364 1056 3397 n.
1070 3335 1167 3414 462);

112 3427 257 3508 receptio
276 3426 389 3489 Divini
409 3425 491 3489 Veri
513 3426 547 3488 in
567 3425 686 3489 ultimo
705 3446 763 3488 seu
784 3426 893 3507 primo
911 3427 1008 3489 caelo
1026 3439 1169 3492 vocatur

104 3518 250 3594 relictio,
279 3521 429 3601 receptio
459 3519 571 3582 Divini
602 3519 683 3582 Veri
718 3521 750 3582 in
785 3521 898 3583 medio
932 3541 990 3583 seu
1019 3524 1168 3586 secundo

104 3612 144 3678 elo
160 3626 303 3679 vocatur
319 3615 438 3696 gloria,
458 3634 497 3677 ac
516 3614 667 3695 receptio
687 3614 798 3677 Divini
816 3614 896 3678 Veri
915 3615 947 3677 in
967 3616 1088 3679 intimo
1107 3637 1166 3680 seu

104 3710 149 3773 tio
176 3710 273 3773 caelo
296 3719 437 3772 vocatur
464 3710 640 3789 sapientia.
693 3707 795 3789 Quod
821 3722 936 3772 autern
964 3709 1106 3784 dicatur,
1131 3723 1167 3775 ut

104 3801 279 3878 enedictio,
297 3803 405 3885 gloria
423 3813 458 3866 et
475 3803 640 3883 sapientia
655 3804 699 3866 sit
720 3803 795 3867 Deo
813 3805 847 3867 in
863 3804 998 3866 saecula
1013 3805 1166 3867 saeculo-

104 3896 147 3972 n,''
170 3896 338 3980 significat
366 3907 402 3962 ut
429 3898 496 3961 sint
524 3899 557 3959 in
585 3897 686 3961 caelis
713 3898 757 3961 ab
785 3899 874 3980 Ipso,
898 3900 1057 3981 quoniam
1086 3910 1165 3964 tunc

104 3991 249 4068 redictio,
273 3993 381 4075 gloria
404 4002 438 4056 et
462 3992 628 4072 sapientia
651 3992 807 4057 dicuntur
830 4015 904 4057 esse
933 3995 1007 4058 Deo
1030 3999 1166 4078 quando

104 4100 200 4152 ‚sunt
220 4088 310 4170 apud
334 4087 410 4151 illos
428 4088 484 4169 qui
506 4088 540 4149 in
559 4086 661 4150 caelis
679 4100 778 4168 sunt;
801 4086 850 4151 illi
869 4091 959 4152 enim
979 4100 1057 4154 sunt
1076 4094 1165 4173 apud

104 4204 131 4247 >s
154 4183 278 4247 Divina
297 4180 499 4256 benedictio,
520 4181 643 4246 Divina
665 4184 773 4265 gloria
795 4193 830 4248 et
854 4183 977 4247 Divina
999 4186 1166 4266 sapientia

104 4286 145 4356 rt;
166 4278 257 4362 quod
277 4279 380 4340 etiam
401 4276 566 4340 Dominus
584 4277 686 4342 docet
705 4279 794 4361 apud
811 4278 1013 4355 Johannem,
1054 4288 1057 4293 '

105 4421 154 4474 ‘lu
166 4423 217 4472 lroc
230 4421 395 4484 glorificatus
407 4431 448 4470 est
463 4420 542 4471 Pater
554 4436 638 4480 meus,
653 4431 681 4472 ut
695 4419 810 4472 fructum
823 4423 936 4474 multum
950 4423 1051 4484 ieratis,
1064 4433 1092 4474 et
1106 4425 1164 4474 red·

173 4489 277 4538 damini
289 4487 412 4550 discipuli
425 4487 477 4536 mei
485 4486 499 4506 ”
512 4489 565 4549 (xv.
578 4488 618 4550 8);
