2684 4988
364 514 448 565 car.
465 514 538 577 vn,
555 514 658 566 vens.
678 514 785 591 5·-N,·
801 499 922 584 433[c].
1114 502 1189 566 1081

104 683 269 765 utelligitur
289 683 388 756 Sion,
410 692 446 745 et
465 681 674 764 significatur
692 682 837 746 ecclesia
856 683 1026 757 caelestis
1044 692 1079 746 et
1099 704 1193 747 amor

104 779 316 841 nDominum
341 779 398 860 qui
425 789 478 840 est
505 776 570 839 illis
594 777 648 858 qui
675 778 719 839 ab
746 798 786 839 ea
813 778 978 854 ecclesia;
1010 779 1100 859 quod
1127 780 1192 843 hoc

104 872 234 935 eeclesiae
254 872 452 954 primarium
470 872 523 944 sit,
542 880 673 934 crescet
690 879 725 934 et
742 873 829 933 vires
845 881 967 945 sumet,
985 871 1193 953 significatur

104 968 235 1048 perquod
252 968 348 1030 “erit
368 967 402 1028 in
422 974 524 1046 caput
544 966 710 1028 montium
730 976 765 1028 et
785 965 895 1029 elatus
915 987 993 1047 prae
1013 966 1155 1029 collibus
1168 967 1193 1044 ;'’

108 1063 170 1141 quod
184 1062 227 1125 illi
244 1064 299 1143 qui
319 1063 353 1123 in
371 1062 464 1123 bono
479 1069 558 1124 sunt
574 1060 722 1141 agnituri
738 1061 805 1123 sint
824 1061 1007 1122 Dominum
1025 1071 1059 1124 et
1076 1080 1193 1124 acces-

109 1155 153 1217 suri
164 1155 199 1217 ad
214 1155 408 1227 ecclesiam,
426 1153 635 1235 significatur
651 1174 710 1235 per
724 1154 925 1217 “confluent
942 1155 984 1216 ad
1002 1174 1078 1216 eum
1095 1175 1192 1217 mon-

110 1256 157 1311 teu
168 1270 279 1312 omnes
296 1259 421 1330 gentes
433 1248 459 1325 ;''
480 1254 631 1329 “gentes
640 1248 655 1271 ”
671 1247 863 1329 significant
883 1247 959 1310 illos
976 1250 1031 1329 qui
1050 1249 1083 1310 in
1102 1249 1193 1311 bono

111 1343 214 1406 caelesti
240 1351 332 1416 sunt',
361 1344 451 1425 quod
479 1353 531 1405 est
559 1342 685 1406 bonum
712 1343 837 1405 amoris
866 1345 899 1404 in
931 1342 1125 1415 Dominum,
1153 1361 1191 1404 ac

112 1437 240 1519 “populi’'
253 1439 309 1520 qui
326 1439 360 1499 in
377 1438 468 1499 bono
481 1435 645 1517 spirituali
661 1447 751 1511 sunt,
765 1437 855 1519 quod
872 1447 924 1499 est
941 1436 1066 1499 bonum
1084 1436 1193 1498 chari·

110 1532 166 1593 tatis
178 1552 253 1613 erga
270 1532 464 1614 proximum
477 1552 484 1607 ;
508 1531 551 1593 de
567 1531 619 1592 his
635 1531 757 1593 dicitur
771 1530 902 1593 “Ibunt
916 1530 1030 1611 populi
1045 1529 1141 1592 multi
1157 1540 1192 1592 et

109 1620 203 1700 dicent,
220 1627 273 1689 lte
289 1638 325 1689 et
342 1626 566 1688 ascendemus
583 1625 626 1687 ad
647 1634 800 1688 montem
815 1625 976 1705 jehovae,
995 1625 1037 1686 ad
1055 1625 1192 1686 domum

109 1709 154 1777 Del
169 1717 311 1796 Jacobi.”
362 1734 448 1790 (Quod
459 1729 473 1746 ‘⁴
481 1732 585 1790 μηδ”
596 1732 730 1790 significent
743 1732 797 1778 illos
811 1733 852 1790 qui
866 1732 889 1776 in
904 1733 970 1776 bono
984 1732 1078 1777 caelesti
1092 1739 1155 1783 sunt,
1166 1745 1195 1776 ae

108 1798 886 1876 ”pupuli'illosquiinbonospirituall,videatursupra,n.331.)
916 1796 1021 1876 Apud
1034 1795 1192 1869 eundem,

108 1928 111 1933 ’
143 1925 276 1990 '‘Jehovah
296 1928 464 1989 Redemptor
477 1937 548 1986 tuus,
565 1936 591 1976 et
610 1927 752 1975 Formator
769 1937 830 1976 tuus
848 1928 883 1974 ab
900 1937 976 1974 utero
979 1963 1048 1984 .....
1054 1925 1194 1975 stabiliens

206 1995 318 2042 verbum
337 1993 408 2043 servi
423 1993 473 2049 sui,
488 2001 515 2042 et
529 1992 670 2042 eonsilium
685 1993 835 2054 legatorum
852 2006 962 2040 suorum
978 1991 1088 2054 perlicit,
1102 1991 1194 2040 dicens

208 2058 425 2121 Hierosolymae,
445 2057 634 2114 Habitaberis;
653 2066 680 2107 et
693 2059 804 2106 urbibus
818 2057 946 2122 Jehudae‚
963 2056 1194 2114 Aedificabimini;

207 2136 232 2173 et
244 2125 387 2174 vastitates
399 2122 459 2186 ejus
471 2123 573 2186 erigam
582 2122 596 2142 ”
608 2121 681 2185 (xliv.
694 2135 733 2182 24,
746 2123 801 2184 26):

104 2245 191 2325 agitur
216 2249 319 2311 etiam
346 2247 391 2310 ibi
419 2247 461 2310 de
488 2247 638 2310 adventu
666 2245 814 2321 Domini,
843 2246 899 2328 qui
927 2255 979 2309 est
1009 2245 1192 2326 “Jehovah

104 2328 290 2422 Redemptor
309 2351 398 2415 tuus,
415 2351 450 2403 et
472 2340 652 2403 Formator
671 2351 747 2404 tuus
766 2341 810 2402 ab
829 2351 926 2403 utero
939 2340 965 2416 ;''
991 2347 1009 2371 ‘⁴
1021 2339 1193 2421 Redemp-

104 2431 288 2498 l0r”dicitur
299 2456 344 2498 ex
358 2456 400 2498 eo
412 2435 501 2516 quod
519 2434 712 2497 liberaverit
724 2434 767 2497 ab
779 2434 919 2507 insern0,
934 2444 969 2497 et
983 2441 1003 2465 “
1013 2434 1040 2495 F
1043 2443 1194 2497 ormator

104 2540 136 2588 tx
153 2529 265 2593 utero'’
288 2551 334 2592 ex
358 2550 400 2592 eo
423 2529 512 2611 quod
539 2539 718 2611 regeneret
744 2530 938 2592 hominem:
968 2525 1152 2610 praedidiio
1175 2549 1194 2589 a

104 2623 253 2704 prophetis
275 2624 318 2687 de
346 2624 426 2705 Ipso
449 2634 484 2686 et
507 2625 549 2686 de
572 2624 762 2686 salvatione
790 2624 963 2686 hominum
992 2623 1194 2704 intelligitur

104 2729 147 2790 per
162 2718 363 2781 “stabiliens
385 2716 535 2780 Verbum
559 2719 646 2780 servi
669 2719 718 2779 sui
741 2728 776 2780 et
801 2716 976 2779 consilium
1002 2717 1192 2797 legatorum

104 2823 213 2874 suorum
232 2810 362 2895 perficit
375 2811 401 2872 :”
424 2810 513 2892 quod
537 2810 584 2873 illi
603 2811 758 2874 salvandi
777 2812 832 2892 qui
855 2812 898 2873 ab
917 2811 1062 2874 ecclesia
1086 2811 1193 2892 lpsius

104 2915 171 2978 sunt,
193 2917 228 2970 et
250 2907 341 2989 quod
368 2905 416 2968 illi
443 2907 630 2969 instruendi
658 2907 690 2969 in
714 2906 802 2968 veris
825 2903 999 2968 dodtrinae
1024 2905 1192 2978 caelestis,

104 2993 277 3081 intelligitur
288 3021 347 3083 per
359 3006 378 3032 ‘⁸
387 3001 503 3063 dicens
514 2999 785 3080 Hierosolymae,
799 3000 1017 3063 Habitaberis
1031 3022 1038 3076 ;
1059 3010 1093 3061 et
1106 3001 1192 3062 urbi-

104 3086 313 3174 busJehudae,
330 3093 601 3157 Aedificabimini
614 3094 640 3168 ;'‘
661 3101 680 3125 ‘⁶
691 3094 953 3174 Hierosolyma’'
966 3104 1019 3156 est
1036 3093 1192 3165 ecclesia,

104 3191 130 3245 tt
148 3189 266 3252 “urbes
291 3188 468 3269 Jehudae”
490 3199 568 3251 sunt
593 3209 672 3251 vera
696 3185 870 3251 dodlrinae
897 3189 1073 3251 caelestis:
1103 3190 1193 3269 quod

104 3273 254 3357 htsitates,
272 3304 359 3365 quae
377 3283 555 3347 destruunt
572 3283 762 3356 ecclesiam,
780 3283 1013 3356 discutientur,
1031 3282 1193 3363 intelligi·

104 3377 145 3434 tur
162 3396 214 3457 per
234 3377 457 3440 “Vastitates
481 3376 549 3457 ejus
573 3376 729 3456 erigam.”
775 3375 874 3457 Quod
902 3398 921 3439 a
949 3377 1098 3438 Domino
1126 3397 1193 3439 non

105 3462 204 3534 ditium
227 3473 271 3535 sit
295 3473 385 3553 quod
411 3471 651 3551 Hierosolyma
675 3470 895 3543 habitaretur,
920 3482 955 3534 et
978 3472 1067 3553 quod
1095 3472 1193 3534 urbes

104 3554 227 3633 Jehudae
241 3565 508 3639 aedificarentur,
520 3567 580 3628 sed
593 3565 684 3647 quod
700 3565 939 3646 Hierosolyma
951 3567 1191 3640 destrueretur,

106 3659 289 3730 quodetiam
307 3657 441 3731 labium,
462 3670 582 3722 notum
601 3672 664 3723 est.
710 3660 814 3742 Apud
833 3661 989 3735 eundem,

143 3791 304 3844 “Producam
314 3810 347 3844 ex
355 3794 457 3859 Jacobo
467 3810 568 3851 semen,
578 3804 604 3844 et
614 3811 647 3844 ex
654 3795 776 3859 Jehudah
784 3795 910 3844 heredem
920 3796 1051 3843 montium
1060 3810 1191 3853 meorum,

206 3871 235 3910 ut
247 3860 405 3924 possideant
416 3875 478 3909 eum
491 3858 577 3918 eledli,
592 3873 618 3909 et
631 3862 701 3909 servi
714 3861 767 3909 mei
780 3861 900 3909 habitent
913 3860 970 3910 ibi¹¹
983 3862 1046 3921 (lxv.
1058 3862 1097 3923 pl:

106 3966 144 4042 hit
152 4003 204 4065 per
214 3986 407 4067 “Jacobum
416 3985 431 4009 ”
441 3997 476 4049 et
489 4007 548 4068 per
560 3987 753 4067 “Jehudam
762 3985 777 4010 ‘'
792 4007 858 4048 non
872 3985 1074 4067 intelligitur
1087 4007 1192 4068 popu-

104 4062 140 4173 ἔω
153 4100 192 4143 ex
205 4080 337 4162 Jacobo
356 4092 391 4143 et
410 4101 495 4162 gens
514 4101 558 4143 ex
577 4080 744 4161 Jehudah,
763 4081 823 4143 sed
843 4081 986 4143 ecclesia
1005 4102 1024 4143 a
1045 4081 1193 4143 Domino

104 4176 315 4251 instauratum
340 4196 399 4256 per
419 4174 635 4256 “Jacobum”
653 4175 798 4238 ecclesia
816 4196 903 4258 quae
926 4176 959 4237 in
979 4176 1069 4238 bono
1088 4177 1191 4247 vitae,

104 4275 190 4351 uper
209 4270 427 4352 ‘“Jehudam'
446 4271 590 4353 ecclesia
609 4292 694 4352 quae
714 4272 746 4333 in
767 4271 857 4332 bono
877 4271 1000 4332 amoris
1019 4272 1052 4332 in
1073 4270 1192 4331 Domi·

104 4383 176 4443 tum;
201 4367 249 4429 ita
270 4386 330 4446 per
350 4364 562 4446 “Jacobum”
583 4366 727 4428 ecclesia
746 4376 902 4438 externa,
923 4375 957 4427 et
982 4386 1041 4446 per
1062 4363 1192 4443 “Jehu-

104 4461 176 4526 am”
198 4460 346 4524 ecclesia
368 4461 518 4523 interna:
548 4481 606 4541 per
627 4468 771 4522 “semen
781 4460 795 4482 ”
818 4459 1020 4540 intelligitur
1043 4457 1191 4520 charitas
