2684 4988
113 487 195 554 1040
419 483 671 537 APOCALYPSIS
693 481 920 534 EXPLICATA.

109 654 248 736 pertigit
276 653 320 716 ad
349 653 469 717 ultima
496 661 677 735 postquam
706 651 851 714 ecclesia
878 660 1016 714 vastata
1041 650 1104 714 tuit.
1141 647 1182 713 Pet

110 747 310 811 “Domum”
326 747 370 809 ibi
387 746 595 828 significatur
609 745 765 819 ecclesia,
783 765 843 826 per
861 752 1027 826 “portam
1044 743 1126 825 ejus”
1137 743 1183 806 adi·

109 853 163 903 tus
183 851 219 904 et
242 838 468 917 introducti03
495 860 555 921 per
574 844 594 871 ‘⁴
605 839 772 902 orientem
782 839 798 861 ”
817 839 986 901 Dominus
1007 839 1060 901 ubi
1082 838 1185 901 Divinu

110 935 217 1016 Ipsius
231 933 339 997 Amor
351 944 492 1015 apparet
509 942 546 995 ut
562 931 620 995 Sol
634 953 641 1009 ;
665 943 701 995 et
718 952 778 1013 per
791 938 926 1012 “aquas
943 931 1022 994 inde
1035 926 1186 994 exeuntes*

109 1028 317 1110 significatur
336 1028 494 1090 Divinum
514 1026 643 1089 Verum
661 1026 787 1089 exinde
807 1025 1017 1107 procedens;
1044 1046 1099 1108 per
1116 1024 1186 1106 “ple-

110 1126 227 1186 nitiem
247 1134 282 1186 et
302 1142 393 1184 mare
401 1121 416 1144 ”
434 1120 666 1202 significantur
685 1119 804 1183 ultima
822 1119 1001 1194 ecclesiae,
1022 1141 1078 1182 seu
1095 1120 1141 1182 ubi
1155 1118 1187 1181 illi

108 1219 162 1299 qui
183 1218 216 1280 in
236 1216 363 1279 ultimis
379 1216 465 1278 veris
484 1226 519 1278 et
538 1214 636 1277 bonis
654 1225 745 1288 sunt,
763 1216 839 1295 quia
860 1213 1034 1277 naturales
1052 1223 1085 1275 et
1102 1232 1186 1275 sensu·

108 1313 179 1374 ales
198 1331 237 1374 ac
258 1331 374 1392 parum
390 1308 591 1391 spirituales,
608 1309 651 1371 ad
670 1329 755 1390 quos
774 1309 863 1390 prius
882 1328 951 1371 non
972 1309 1106 1389 pertigit
1123 1306 1186 1368 Divi·

110 1425 210 1482 num;
237 1404 327 1487 quod
349 1409 518 1465 “sanatae
537 1403 605 1465 sint
628 1423 735 1484 aquae
754 1403 854 1464 maris
872 1422 933 1482 per
954 1401 1112 1464 influxum
1128 1399 1187 1462 fluvii

108 1497 152 1559 ab
171 1495 332 1570 oriente,”
350 1495 520 1577 significat
539 1497 644 1558 vitam
663 1517 683 1558 a
704 1495 829 1558 Divino
848 1497 953 1558 etiam
978 1495 1043 1557 illis
1066 1503 1133 1576 post
1147 1492 1187 1554 ad·

110 1600 250 1655 ventum
270 1591 427 1667 Domini;
460 1590 589 1670 “piscis
609 1588 736 1652 multus
755 1589 877 1652 valde”
896 1588 1066 1670 significat
1088 1587 1186 1669 copiam

111 1686 345 1766 cognitionum
359 1693 393 1748 et
406 1683 669 1747 scientificorum
682 1704 767 1766 quae
780 1685 883 1746 etiam
897 1684 1004 1745 vitam
1018 1679 1186 1764 spiritualem

110 1779 198 1860 apud
217 1777 294 1841 illos
312 1777 561 1859 adipiscentur;
591 1774 803 1839 fructificatio
821 1776 901 1838 boni
925 1787 960 1839 et
985 1772 1186 1856 multiplicatio

111 1874 179 1935 veri
196 1869 404 1953 significatur
419 1891 478 1952 per
493 1871 583 1954 quod
601 1877 731 1953 “super
746 1872 817 1952 ripa
829 1870 918 1933 fluvii
935 1871 1095 1933 ascendet
1109 1866 1186 1931 omnis
1210 1860 1213 1867 '

111 1966 210 2028 arbor
236 1964 312 2038 cibi,
337 1963 429 2044 cujus
456 1985 524 2026 non
551 1964 677 2027 decidit
705 1963 830 2038 lolium,
858 1974 892 2027 et
923 1985 991 2026 non
1018 1962 1187 2026 consumitur

111 2057 273 2122 srudlus:”
302 2080 346 2122 ex
371 2059 423 2121 his
442 2069 600 2122 constare
624 2069 740 2140 potest
764 2059 842 2140 quid
866 2058 1000 2140 singula
1022 2060 1054 2121 in
1072 2058 1142 2119 serie
1157 2051 1187 2115 ibi

111 2152 315 2234 significant,
339 2164 375 2216 et
398 2153 487 2236 quod
509 2152 680 2226 “oriens”
698 2173 718 2213 a
741 2173 807 2236 quo
829 2154 943 2216 omnia
966 2152 1034 2225 illa,
1058 2146 1186 2231 significet

114 2248 296 2310 Dominum
312 2267 351 2310 ac
369 2247 528 2309 Divinum
546 2246 653 2331 Ipsius
670 2245 844 2309 Amorem.
890 2245 1007 2309 Simile
1019 2242 1187 2327 significatu

111 2340 200 2422 apud
220 2339 431 2414 Sachariam,
1217 2372 1230 2461 1-

162 2472 245 2522 “Fiet
264 2472 348 2522 indie
367 2473 412 2521 illo
426 2474 537 2522 exibunt
554 2487 638 2535 aquae
653 2473 730 2522 vivae
744 2487 778 2521 ex
796 2472 995 2534 Hierosolyma,
1013 2486 1072 2535 pars
1084 2462 1187 2519 earuutl
1228 2492 1230 2501 =

244 2552 317 2586 mare
329 2538 458 2586 orientale
466 2537 480 2556 ''
492 2538 555 2598 (xiv.
568 2539 608 2600 8):

111 2671 224 2750 agitur
248 2671 352 2732 etiam
376 2670 421 2732 ibi
444 2670 486 2732 de
510 2671 678 2732 Domino:
712 2671 776 2732 “in
796 2671 849 2733 die
872 2670 954 2732 illo”
977 2667 1129 2751 significat
1146 2662 1186 2726 ad·

112 2775 252 2826 ventum
282 2764 408 2844 Ipsius;
444 2783 482 2826 ac
514 2770 634 2826 “mare
661 2764 850 2826 orientale”
876 2762 1045 2844 significat
1070 2763 1187 2824 ultimum

111 2859 212 2921 finem
232 2879 347 2920 versus
367 2859 532 2921 orientem
556 2859 588 2919 in
608 2859 734 2920 mundo
753 2857 928 2939 spirituali,
949 2858 1004 2919 ubi
1024 2877 1087 2919 non
1103 2870 1186 2930 recep

111 2954 159 3014 tio
175 2952 286 3014 Divini
298 2952 378 3014 Veri
392 2961 473 3013 ante
487 2952 671 3014 adventum
687 2952 833 3025 Domini,
846 2971 884 3014 ac
898 2952 976 3013 dein
990 2951 1127 3032 receptio
1135 2959 1187 3007 cun

112 3045 194 3108 illud
218 3046 383 3127 processit
403 3067 447 3107 ex
468 3046 592 3108 Divino
612 3045 772 3107 Humano
792 3045 918 3127 ipsius:
947 3046 1038 3127 quod
1056 3044 1153 3106 ultima
1165 3039 1187 3098 in

112 3137 239 3198 mundo
253 3136 419 3217 spirituali
435 3138 503 3198 sint
517 3139 604 3198 sicut
618 3139 733 3210 maria,
747 3137 904 3199 videatur
917 3157 1019 3218 supra
1033 3155 1065 3209 (n.
1073 3144 1187 3214 342llrlli

111 3238 146 3290 et
161 3230 250 3308 quod
267 3228 311 3290 ibi
327 3229 500 3290 siccitates
516 3238 550 3290 et
565 3230 756 3302 vastitates,
771 3229 859 3310 apud
871 3229 1001 3301 Joelem
1016 3229 1097 3311 (cap.
1109 3227 1132 3288 ii.
1142 3218 1187 3297 20).

174 3318 241 3401 [cl]
274 3318 444 3399 Quoniam
464 3319 632 3381 Dominus
650 3321 683 3382 in
702 3320 800 3382 caelo
819 3320 874 3382 ubi
895 3323 1013 3401 angeli
1031 3323 1151 3401 apparet
1163 3318 1187 3370 ul

112 3409 183 3486 Sol,
204 3430 242 3473 ac
263 3411 307 3473 ibi
326 3421 378 3474 est
398 3409 530 3485 Oriens,

167 3543 231 3592 ldeo
246 3544 356 3592 Abaton
370 3544 403 3592 de
418 3546 548 3605 sanguine
565 3544 680 3606 juvenci.
697 3559 757 3593 cum
775 3545 894 3606 expiaret
913 3558 962 3605 pro
981 3559 1011 3593 se
1028 3554 1054 3592 et
1068 3544 1137 3591 domo
1149 3546 1186 3583 su&

240 3611 381 3670 spargebat
391 3610 424 3657 ad
435 3610 515 3657 iacies
525 3610 700 3671 propitiatorii
710 3623 804 3657 versus
813 3610 945 3657 orientem
956 3610 1048 3669 (levit.
1056 3608 1104 3657 xvi.
1114 3617 1142 3661 14.
1151 3602 1187 3674 lili

166 3673 199 3722 Et
212 3674 271 3722 ideo
285 3673 375 3721 Moses
388 3683 414 3722 et
427 3675 546 3731 Aharon,
558 3685 585 3722 et
596 3674 641 3721 filii
654 3674 712 3736 ejus
722 3685 810 3722 castra
820 3675 991 3722 metabantur
999 3683 1060 3722 ante
1069 3673 1186 3721 Teutonum

240 3748 388 3786 conventus
401 3753 493 3787 versus
505 3740 636 3786 orientem
650 3740 744 3799 (Num.
756 3740 791 3788 iii.
805 3740 846 3799 38)
857 3753 863 3796 ;

166 3802 198 3852 Et
210 3818 315 3867 quoque
327 3805 411 3851 tribus
422 3802 541 3868 jehudae
553 3804 647 3865 (Num.
659 3805 685 3853 ii.
699 3807 737 3864 3):

110 3954 168 4014 per
197 3934 329 4009 Mosen,
355 3933 564 4008 Aharonem,
589 3954 628 3997 ac
658 3935 753 4010 filios,
778 3945 812 3997 et
840 3955 900 4017 per
926 3935 1050 3998 tribum
1074 3925 1187 4016 Jehudle

110 4029 430 4109 repraesentabatur
444 4029 609 4092 Dominus
625 4031 736 4113 quoad
754 4031 913 4092 Divinum
931 4030 1062 4092 Bonum
1077 4048 1112 4091 ac
1124 4017 1188 4086 Divi·

110 4141 189 4184 num
214 4122 341 4184 Verum
370 4124 558 4205 procedens
585 4145 629 4186 ex
658 4125 782 4186 Divino
809 4123 960 4201 Amore;
992 4125 1068 4187 inde
1091 4120 1189 4185 illorum

109 4225 221 4278 castra
242 4226 338 4279 erant
359 4238 473 4279 versus
493 4219 669 4280 orientem.
715 4218 797 4280 Ideo
816 4219 920 4280 etiam
940 4218 1069 4299 antiqui
1090 4217 1119 4278 in
1133 4207 1191 4274 adu

108 4310 294 4385 rationibus
314 4321 487 4372 verterunt
507 4311 608 4374 facies
624 4332 701 4374 suas
719 4312 762 4373 ad
779 4312 947 4374 orientem
966 4313 1067 4375 solis:
1089 4329 1124 4372 ac
1139 4302 1194 4367 ide0

108 4423 167 4464 sua
189 4402 317 4484 templa
337 4404 555 4467 aedificarunt
579 4415 614 4467 ut
635 4407 814 4477 anteriora,
835 4406 890 4466 ubi
915 4407 1071 4486 adytum,
1090 4394 1195 4487 speda-
