2684 4988
106 427 175 509 874
417 439 667 490 xrocnntrns
690 440 915 492 axrnrcxrn

109 608 193 671 haec
216 604 306 670 dicta
329 617 407 670 sunt
431 609 473 671 de
498 608 671 671 Pharaone
693 628 773 689 rege
796 607 961 690 Aegypti,
982 627 1146 690 perquem
1167 633 1172 671 i

109 699 316 782 significatur
336 701 497 766 naturalis
519 702 622 765 homo
645 716 819 785 separatus
842 724 862 766 a
885 702 1048 783 spirituali
1060 724 1068 779 ;
1090 704 1123 776 is,
1139 722 1172 765 cu

109 805 284 877 separatus
311 805 374 868 est,
403 817 537 877 prorsus
565 798 597 858 in
625 797 768 877 caligine
795 808 830 859 et
858 797 1007 859 tenebris
1036 807 1086 858 est
1110 817 1172 877 quoa

110 891 223 952 omnia
241 910 326 972 quae
349 890 433 952 caeli
456 901 491 953 et
514 891 678 953 ecclesiae
702 900 791 961 sunt.
809 902 845 953 et
865 903 1028 972 quantum
1052 902 1172 971 separati

109 993 163 1049 est
186 994 320 1047 tanturn
340 994 443 1064 negat
463 984 540 1061 illa;
564 1004 641 1046 narn
662 984 823 1047 naturalis
847 986 949 1046 homo
974 983 1055 1047 nihil
1078 983 1172 1045 videti

110 1075 235 1140 talibus
252 1098 272 1140 a
290 1098 337 1151 se,
357 1080 416 1140 sed
436 1099 495 1161 per
513 1079 719 1160 spiritualem
739 1100 758 1141 a
778 1078 936 1151 Domino,
957 1077 1112 1140 naturalis
1127 1078 1172 1138 eni

110 1171 214 1235 homo
231 1184 283 1234 est
302 1174 334 1234 in
352 1175 466 1236 mundi
483 1173 595 1237 calore
614 1185 648 1236 et
668 1172 753 1247 luce,
769 1184 804 1236 at
821 1172 1003 1255 spiritualis
1019 1185 1070 1235 est
1088 1174 1115 1233 in
1130 1191 1172 1232 cae

111 1265 223 1328 calore
236 1279 269 1329 et
288 1267 380 1329 luce:
405 1288 449 1330 ex
466 1268 515 1329 his
530 1278 624 1348 patet
637 1269 716 1349 quid
733 1287 792 1348 per
804 1268 935 1348 singula
949 1269 994 1329 ibi
1007 1265 1172 1346 intelligitus

111 1361 201 1442 quod
229 1380 349 1442 nempe
377 1382 435 1444 per
460 1363 660 1443 “obtegam,
684 1382 760 1424 curn
787 1364 988 1424 exstinxero
1015 1374 1059 1434 te,
1083 1359 1172 1429 caelos

111 1453 341 1536 significentur
357 1457 516 1519 interiora
532 1477 617 1537 quae
637 1468 715 1519 sunt
734 1457 766 1518 in
787 1455 861 1518 luce
877 1455 981 1531 caeli;
1005 1476 1062 1536 per
1078 1452 1172 1516 “atrab

111 1547 230 1611 stellas
252 1569 366 1611 eorum
376 1549 391 1573 ”
409 1549 641 1630 significentur
663 1550 876 1631 cognitiones
899 1550 979 1612 boni
1002 1560 1036 1612 et
1055 1549 1172 1627 veri;p‹

113 1640 247 1705 “solem
261 1645 348 1706 nube
365 1644 549 1725 obtegam¹'
562 1643 768 1725 significetur
781 1645 905 1705 bonurn
919 1645 1042 1705 amoris
1058 1645 1088 1705 in
1102 1642 1172 1704 Doni

112 1755 212 1814 num;
235 1757 294 1819 per
311 1738 417 1800 “luna
434 1758 501 1800 non
519 1738 628 1800 lucere
644 1738 743 1801 saciet
762 1737 870 1800 lucem
888 1736 1005 1799 suam”
1021 1735 1172 1818 significett

112 1831 238 1895 bonum
257 1833 431 1895 charitatis
450 1852 531 1913 erga
554 1835 744 1914 proximum
764 1843 799 1895 et
820 1833 898 1894 inde
917 1851 1031 1893 verum
1050 1831 1172 1909 fidei;p<

114 1926 256 1987 “omnia
271 1924 443 1988 luminaria
460 1926 541 1988 lucis
557 1927 677 1988 atrabo
692 1946 791 2007 super
804 1926 862 1988 te''
874 1923 1097 2005 significantur
1107 1921 1172 1984 omni

113 2040 214 2098 vera;
237 2030 272 2083 et
291 2040 349 2101 per
367 2021 483 2083 “dabo
502 2021 660 2082 tenebras
677 2041 776 2102 super
794 2031 884 2082 terra
903 2019 982 2081 tua’'
998 2017 1172 2099 significantt

113 2113 206 2177 falsa.
251 2114 353 2195 Apud
372 2114 511 2190 Joclem,

168 2248 183 2271 ⁶¹
190 2246 271 2297 Venit
279 2247 336 2296 dies
343 2246 485 2311 jehovae..
496 2284 502 2296 .
512 2247 581 2296 .dies
590 2247 759 2296 tenebrarum
769 2255 796 2294 et
805 2245 935 2308 caliginis,
944 2245 1002 2294 dies
1012 2245 1086 2293 nubis
1093 2252 1116 2291 et
1123 2242 1172 2289 ohan

244 2314 328 2361 ritatis
339 2327 356 2368 ;.
367 2349 373 2362 .
383 2349 389 2361 .
400 2327 500 2361 coram
511 2312 573 2374 lpso
579 2323 715 2361 commota
721 2321 763 2360 est
771 2322 863 2369 terra..
873 2347 880 2360 .
889 2312 947 2360 .Sol
955 2321 982 2359 et
991 2307 1172 2358 Lunsatratirtu

244 2387 271 2426 et
282 2378 375 2427 stellae
387 2388 576 2426 contraxerunt
587 2378 757 2441 splendorem
770 2391 847 2424 suum
855 2375 869 2394 ’⁸
882 2377 919 2437 (ii.
930 2373 966 2439 [1.
978 2372 1017 2438 2,]
1032 2379 1081 2435 10):

115 2492 203 2574 apud
222 2493 377 2565 eundem,

166 2603 236 2653 “Sol
254 2613 371 2652 vertetur
385 2605 412 2652 in
430 2604 563 2660 tenebras,
577 2612 604 2651 et
621 2602 684 2650 luna
701 2603 728 2651 in
746 2601 914 2663 sanguinem.
928 2609 1069 2664 antequam
1081 2592 1172 2647 reoittll

243 2668 362 2733 Jebovae
375 2683 488 2730 magnus
500 2679 527 2717 et
539 2667 684 2717 terribilis¹'
696 2668 742 2729 (iii.
753 2680 769 2726 4
783 2665 830 2731 [B.
841 2669 876 2714 A.
888 2667 914 2715 ii.
927 2663 998 2729 31]):

116 2782 204 2864 apud
222 2783 377 2854 eundem,

171 2898 365 2960 “Propinquus
374 2905 415 2945 est
427 2896 484 2945 dies
496 2896 615 2960 Jebovae
628 2895 654 2943 in
667 2895 737 2943 valle
748 2894 846 2952 decisa,
858 2894 899 2942 sol
914 2902 939 2941 et
954 2894 1018 2941 iuna
1030 2889 1104 2940 atrati
1113 2890 1166 2939 sunl·

249 2963 343 3013 stellae
355 2971 546 3010 contraxerunt
557 2961 727 3024 splendorem
739 2974 817 3007 suum
826 2959 840 2976 ”
852 2959 897 3021 (iv.
911 2957 957 3023 [B.
966 2960 1001 3006 Α.
1014 2954 1062 3020 iit]
1075 2950 1130 3020 [14]
1141 2948 1171 3008 15)

117 3061 206 3145 apud
224 3061 475 3142 Evangelistas,

168 3176 287 3225 “Statim
303 3186 364 3237 post
375 3173 546 3224 afflictionem
558 3175 659 3223 dierum
674 3175 788 3230 illorum,
802 3174 843 3222 sol
858 3174 1050 3231 obscurabitur,
1063 3182 1088 3221 et
1098 3172 1171 3219 lunas

247 3241 320 3291 dabit
340 3242 425 3288 lucem
443 3255 528 3298 suam,
548 3250 575 3288 et
592 3240 684 3288 stellae
701 3240 796 3287 cadent
813 3240 847 3286 de
864 3238 959 3286 caelo''
976 3239 1083 3299 (Marti.
1096 3236 1172 3285 ntra

246 3307 331 3354 Marc.
343 3307 396 3354 xiii.
409 3318 448 3365 24,
461 3307 517 3366 asi:

116 3422 150 3484 in
168 3420 382 3502 Apocalypsi,

168 3535 309 3598 “Quartus
321 3534 433 3595 angelus
445 3533 551 3590 clanxit,
563 3541 590 3582 et
603 3546 727 3595 percussa
738 3541 780 3580 est
791 3533 868 3580 tertia
880 3545 942 3593 pars
954 3531 1030 3588 solis,
1044 3540 1070 3580 et
1081 3529 1172 3588 tertlap

247 3599 334 3655 lunae,
346 3611 372 3647 et
384 3600 462 3647 tertia
472 3612 533 3659 pars
543 3598 687 3655 stellarum,
699 3606 725 3645 et
738 3598 815 3645 tertia
824 3612 885 3659 pars
896 3611 988 3644 eorum
999 3596 1172 3644 obtenebrabat

247 3674 273 3712 et
285 3664 341 3712 dies
354 3679 408 3712 non
421 3664 525 3712 lucebat
538 3663 615 3711 tertia
627 3664 667 3711 sui
680 3672 763 3724 parte,
778 3676 883 3724 noxque
896 3662 1019 3709 similiter
1026 3660 1041 3680 ”
1052 3657 1138 3722 (1¹¹viii.
1150 3669 1172 3706 tt

117 3789 152 3843 et
170 3777 260 3852 alibi,

167 3891 320 3942 “Ascendit
333 3892 421 3940 lunius
434 3907 449 3939 e
461 3901 542 3953 puteo
551 3891 649 3954 abyssi,
661 3890 729 3938 sicut
741 3889 829 3938 turnus
839 3888 957 3937 fornacis
966 3903 1090 3950 magnae,
1101 3899 1128 3939 et
1138 3889 1172 3937 ob

246 3968 319 4006 ratus
330 3967 371 4005 est
384 3957 423 4006 sol
436 3968 463 4005 et
474 3972 520 4005 aer
531 3972 546 4005 e
559 3954 655 4004 lumo”
667 3957 712 4017 (ix.
722 3960 762 4016 2):

116 4086 206 4169 quod
222 4087 255 4147 in
272 4085 323 4146 his
340 4085 424 4146 locis
441 4105 499 4166 per
513 4085 648 4147 “solem
661 4095 696 4147 et
713 4082 826 4145 lunatn
839 4080 994 4144 atratos”
1008 4090 1045 4145 et
1059 4086 1079 4114 “
1089 4082 1172 4145 obte:

116 4180 262 4255 bratos,”
281 4179 493 4260 intelligatur
511 4179 601 4261 quod
624 4198 691 4240 non
712 4179 836 4239 bonurn
856 4175 1000 4256 amplius
1020 4196 1084 4239 nec
1104 4198 1172 4239 vert

115 4285 254 4343 constat
275 4295 320 4336 ex
344 4274 408 4335 illis
427 4294 512 4355 quae
532 4293 631 4354 supra
650 4269 739 4335 dicta
758 4281 857 4349 sunt;
880 4290 983 4351 quare
1003 4290 1072 4332 non
1094 4271 1172 4334 ulter

115 4370 340 4453 explicantur.
