2684 4988
466 508 544 559 cnr.
562 504 773 571 v111.,vans.
789 510 899 579 7.-u.
919 511 988 580 507.
1206 512 1284 582 1251

229 673 378 761 ”Percussa
387 685 430 726 est
442 677 520 726 tertia
532 692 594 740 pars
606 678 680 737 solis,
695 688 722 728 et
736 680 815 729 tertia
827 694 889 743 pars
899 679 987 739 lunae,
1001 689 1028 730 et
1041 681 1119 730 tertia
1128 695 1190 744 pars
1198 679 1287 730 stella-

141 826 144 829 *
221 757 367 870 (nulli.
379 743 469 868 ilie&
479 743 529 869 {3³5
543 823 601 872 cap.
613 809 658 859 xu.
668 809 705 872 4.)

138 927 379 1022 Describitur
394 959 460 1034 hic,
478 961 568 1042 quod
585 961 695 1023 omnis
712 962 888 1044 perceptio
904 962 973 1024 veri
989 971 1024 1025 et
1044 962 1134 1037 boni,
1152 972 1187 1026 et
1207 962 1285 1025 inde

135 1044 319 1133 cognitio
337 1073 465 1127 eorum,
484 1075 543 1135 per
562 1075 695 1118 amores
715 1057 764 1118 sui
783 1066 818 1119 et
838 1055 954 1118 mundi
974 1066 1009 1119 et
1029 1058 1106 1119 inde
1126 1057 1285 1119 oriundas

133 1138 371 1228 cupiditates
388 1158 424 1211 et
440 1149 638 1231 voluptates
657 1151 801 1232 primum
821 1151 964 1232 perierit.
1011 1149 1112 1231 Quod
1132 1150 1285 1232 perillus

131 1235 298 1304 amores
316 1252 352 1305 et
372 1243 450 1305 inde
469 1245 628 1306 oriundas
647 1245 853 1326 cupiditates
872 1247 1048 1327 perceptio
1071 1255 1106 1307 et
1130 1246 1284 1326 cognitio

129 1318 237 1398 Veri
260 1346 296 1407 et
323 1337 404 1398 boni
426 1338 609 1420 spiritualis
633 1349 761 1420 pereat,
786 1347 839 1401 est
866 1338 942 1420 quia
970 1338 1017 1400 illi
1044 1359 1177 1401 amores
1204 1350 1284 1403 sunt

126 1424 299 1492 arnores
321 1433 476 1513 corporei
503 1442 538 1494 et
563 1452 653 1496 mere
677 1432 858 1506 naturales,
883 1433 916 1494 in
944 1453 1029 1513 quos
1052 1434 1154 1496 etiam
1181 1434 1285 1496 homo

126 1519 334 1601 nascitun
358 1526 414 1607 qui
434 1526 496 1587 nisi
515 1527 698 1590 domantur
716 1535 752 1590 et
776 1537 939 1608 reguntur
957 1547 1017 1607 per
1035 1547 1167 1590 amores
1188 1529 1283 1611 spiri·

125 1605 284 1692 tuales,
305 1639 391 1700 quae
411 1629 490 1681 sunt
514 1641 533 1683 e
555 1620 652 1683 caelo
675 1642 696 1683 a
719 1621 878 1695 Domino,
899 1622 1124 1702 exstinguunt
1147 1642 1283 1686 omnem

124 1708 473 1797 perceptionem‘et
494 1716 573 1777 inde
592 1718 827 1797 cognitionem
846 1716 888 1779 de
909 1717 995 1778 veris
1018 1726 1053 1779 et
1077 1717 1174 1779 bonis
1198 1719 1283 1781 caeli

122 1811 194 1871 Qt
211 1807 401 1885 ecclesiae;
426 1829 504 1871 nam
521 1809 568 1871 illi
586 1830 729 1883 amores,
748 1811 781 1872 in
797 1831 833 1873 se
849 1807 1005 1893 spectati,
1015 1821 1102 1873 sunt
1119 1832 1138 1873 e
1154 1811 1283 1876 diame-

123 1894 213 1964 tro
234 1904 385 1985 oppositi
401 1904 572 1965 amoribus
589 1904 825 1985 spiritualibus.
872 1890 1185 1969 Exinde'constare
1205 1917 1283 1989 pot·

119 2003 210 2060 Qst
244 1998 335 2079 quod
367 1998 522 2072 ecclesia,
551 2018 626 2061 cum
658 1999 792 2072 labitur,
821 2000 963 2080 primum
994 2001 1109 2062 veniat
1140 2020 1160 2062 a
1189 2010 1282 2064 statu

121 2077 298 2155 ilacerno
317 2093 482 2174 spirituali
506 2095 538 2155 in
563 2094 765 2168 naturalem,
785 2095 841 2175 qui
865 2104 917 2155 est
942 2104 978 2156 ut
1002 2114 1037 2157 se
1061 2104 1097 2157 et
1120 2097 1281 2158 mundum

120 2189 395 2269 superomnia
415 2198 527 2263 amet,
552 2188 629 2251 inde
649 2198 729 2251 tunc
750 2189 784 2250 in
803 2188 949 2269 caligine
965 2198 1017 2250 est
1037 2188 1147 2270 quoad
1168 2191 1282 2253 omnia

122 2280 329 2343 ecclesiae
347 2291 382 2344 et
402 2281 499 2356 caeli,
519 2293 689 2364 utcunque
709 2283 741 2344 in
762 2280 837 2344 luce
856 2283 966 2364 quoad
986 2282 1043 2343 illa
1062 2302 1146 2363 quae
1167 2283 1282 2347 mundi

120 2384 249 2438 Sunt.
297 2373 446 2457 Quando
462 2378 637 2459 perceptio
652 2377 695 2440 de
711 2378 798 2439 veris
815 2387 849 2439 et
867 2377 964 2439 bonis
977 2377 1205 2458 spiritualibus
1222 2399 1281 2461 pe-

120 2471 210 2543 rit,
234 2469 340 2532 etiam
360 2473 514 2551 cognitio
537 2471 670 2534 illorum
695 2473 800 2553 perit;
826 2490 903 2533 nam
924 2473 988 2533 etsi
1012 2472 1115 2534 homo
1135 2474 1199 2535 scit
1223 2471 1282 2536 illa

121 2573 188 2627 et
215 2563 368 2645 loquitur
386 2564 454 2639 illa,
475 2565 529 2627 vel
553 2586 598 2627 ex
618 2565 734 2628 Verbo
753 2564 808 2628 vel
832 2586 876 2627 ex
900 2563 1064 2640 doctrina,
1085 2587 1189 2648 usque
1212 2586 1280 2630 non

122 2659 226 2721 scit
246 2657 306 2719 illa
324 2660 461 2740 quando
481 2678 548 2721 non
570 2661 711 2741 percipit
732 2659 807 2722 illa:
834 2661 1008 2741 perceptio
1028 2661 1074 2722 rei
1097 2660 1177 2724 facit
1196 2682 1279 2745 cog-

127 2753 325 2815 uitionem
344 2752 434 2833 ejus;
458 2755 611 2835 cognitio
630 2755 758 2835 absque
777 2755 996 2834 perceptione
1015 2764 1068 2816 est
1088 2765 1221 2818 mortua
1245 2768 1280 2821 et

131 2862 226 2909 tion
251 2847 340 2921 viva,
361 2857 397 2910 et
421 2868 554 2930 quoque
578 2858 631 2911 est
655 2849 808 2929 cognitio
832 2848 936 2910 solius
959 2868 1077 2910 sensus
1099 2868 1222 2911 vocum
1245 2861 1281 2914 et

132 2958 226 3004 non
246 2941 351 3023 ipsius
374 2943 431 3004 rei.
476 2942 580 3004 Tales
600 2944 815 3024 cognitiones
835 2943 904 3005 veri
927 2951 962 3005 et
986 2943 1075 3015 boni,
1097 2965 1141 3005 ex
1161 2943 1279 3007 Verbo

131 3047 187 3101 et
214 3057 262 3098 ex
282 3033 435 3099 doctrina
454 3037 631 3111 ecclesiae,
652 3047 730 3100 sunt
742 3037 838 3118 -apud
862 3036 939 3099 illos
962 3038 1050 3118 apud
1074 3058 1157 3119 quos
1181 3058 1278 3121 prae-

134 3130 378 3194 dominantur
393 3151 527 3193 amores
546 3132 595 3193 sui
615 3140 650 3194 et
670 3132 796 3204 mundi,
815 3141 985 3212 utcunque
1001 3128 1112 3194 edocti
1132 3141 1210 3196 sunt
1227 3133 1278 3195 in·

142 3225 300 3307 geniose
324 3234 358 3286 et
382 3223 603 3288 artificialiter
626 3227 668 3288 de
693 3225 758 3287 illis
782 3226 872 3307 loqui
895 3235 930 3287 et
954 3226 1169 3305 praedicare;
1197 3238 1277 3291 sunt

140 3339 262 3401 usque
282 3319 385 3380 modo
405 3330 550 3392 crustae,
572 3340 657 3402 quae
676 3330 842 3401 apparent
862 3338 976 3381 coram
996 3318 1100 3400 vulgo
1119 3320 1206 3383 sicut
1225 3321 1276 3382 in·

146 3424 211 3476 tus
231 3413 265 3474 in
289 3412 355 3474 illis
374 3413 486 3476 sorent
507 3414 627 3488 nuclei,
648 3434 724 3476 cum
742 3423 858 3475 tamen
878 3422 957 3475 sunt
976 3432 1114 3476 vacuae.

214 3521 316 3591 5⁰7.
348 3509 408 3570 “fr
420 3527 505 3571 omna
518 3528 649 3591 promen
665 3509 756 3571 viride
768 3509 955 3571 combustum
966 3506 1190 3588 aelst—Quod
1207 3510 1277 3592 sig·

153 3599 272 3663 nificet
292 3601 382 3681 quod
392 3612 456 3681 per
470 3603 645 3664 eorundem
660 3623 810 3664 amorum
826 3600 1023 3680 cupiditates
1041 3621 1132 3661 omrze
1146 3600 1275 3664 scienti·

130 3694 252 3775 ficum
270 3716 386 3757 verum
401 3696 553 3776 pertarit,
571 3706 710 3760 constat
728 3716 772 3758 ex
789 3693 1037 3776 significatione
1056 3697 1276 3776 “graminis''

155 3787 246 3869 quod
273 3788 317 3849 sit
345 3788 571 3851 scientificum
598 3806 640 3861 (ue
657 3818 706 3862 qua
722 3804 862 3863 sequium
894 3794 930 3848 et
956 3807 1000 3848 ex
1027 3785 1276 3867 significatione

158 3880 300 3942 “viridis
308 3879 323 3904 ”
339 3882 429 3962 quod
446 3882 489 3942 sit
507 3902 622 3944 verum
640 3891 737 3944 etex
754 3900 835 3943 vero
850 3879 979 3951 vivenS,
999 3898 1076 3940 nam
1094 3881 1180 3941 sicut
1198 3899 1276 3962 gra·

158 3991 233 4036 men
251 3974 357 4036 viride
377 3975 518 4036 inservit
535 3975 735 4037 animalibus
755 3995 815 4057 pro
835 3971 970 4054 pabulo,
988 3972 1036 4033 ita
1053 3972 1275 4037 scientificum

159 4086 270 4130 verum
291 4068 484 4130 hominibus
508 4090 568 4150 pro
587 4071 771 4132 nutritione
792 4066 975 4151 spirituali:
1005 4067 1161 4148 quicquid
1186 4071 1276 4132 enim

158 4158 185 4222 in
204 4162 307 4243 agris,
333 4163 366 4223 in
387 4163 494 4224 hortis
513 4173 548 4225 et
568 4164 600 4224 in
621 4164 749 4244 campis
769 4163 929 4235 nascitur,
950 4170 985 4223 et
1008 4181 1069 4241 pro
1088 4162 1274 4226 nutritione

157 4252 293 4320 inservit
313 4255 367 4317 vel
388 4255 516 4318 homini
536 4257 589 4320 vel
609 4258 749 4330 bestiae,
771 4256 835 4319 hoc
856 4256 1192 4336 correspondentiam
1213 4257 1274 4319 ha·

156 4345 212 4414 bet
229 4371 306 4415 cum
326 4351 450 4412 talibus
467 4372 551 4433 quae
568 4353 754 4414 inserviunt
771 4351 946 4413 nutritioni
962 4350 1064 4412 animi
1083 4351 1272 4424 etmentis,

149 4457 239 4523 quae
260 4445 404 4507 nutritio
423 4457 565 4508 vocatur
584 4447 723 4508 nutritio
742 4444 925 4527 spiritualis
936 4464 944 4522 ;
972 4446 1076 4506 etiam
1095 4443 1216 4507 similia
1240 4445 1273 4506 in
