2684 4988
107 455 171 522 914
418 452 667 504 APOCALYPSIS
691 453 916 506 axmcllm.

108 628 236 692 ultimis
261 626 346 690 caeli
373 635 408 688 et
435 622 599 686 ecclesiae
618 632 653 686 et
673 622 772 686 simul
794 625 828 687 in
852 625 968 705 primis
990 645 1100 688 eorum
1116 647 1164 690 esse

109 717 209 779 etsie
231 717 347 779 ultima
365 739 410 780 ex
430 720 554 799 primis,
575 729 609 780 et
629 719 675 781 sic
695 718 896 781 intermedia
914 721 1030 781 omnia
1050 740 1090 781 ex
1107 722 1164 801 prin

108 829 167 890 per
180 808 308 885 ultima,
319 822 454 893 regeret
467 823 502 874 et
514 812 710 894 disponeret
721 833 730 890 ;
751 815 1043 893 repraesentativa
1054 825 1086 876 et
1097 816 1164 896 signi

108 906 219 967 cativa
237 917 315 967 sunt
335 907 367 968 in
388 906 522 968 ultimis.

170 1007 231 1093 [a]
263 1009 435 1091 Quoniam
459 1010 616 1074 “mons’'
638 1011 854 1093 significabat
879 1013 1010 1076 bonum
1033 1015 1164 1087 amoris<

108 1121 183 1166 cum
199 1105 242 1166 de
260 1104 417 1177 Domino,
436 1104 594 1167 Divinum
612 1104 742 1167 Bonum
760 1105 872 1168 Divini
890 1106 1040 1180 Amoris,
1056 1119 1088 1170 et
1102 1128 1135 1169 ex
1146 1107 1164 1168 il

109 1196 205 1260 Bono
215 1198 367 1278 procedit
379 1199 536 1261 Divinum
546 1198 683 1272 Verum,
696 1199 945 1280 ideoJehovah,
957 1201 1022 1264 hoc
1033 1212 1091 1273 est,
1102 1202 1164 1263 Don

109 1311 180 1365 nus,
194 1293 370 1354 descendit
384 1311 483 1372 super
495 1292 650 1355 Montem
667 1291 770 1368 Sinai,
783 1303 819 1357 et
831 1295 1060 1376 promulgavit
1075 1295 1164 1376 Legeu

108 1386 230 1467 legitur
249 1388 338 1449 enim
357 1387 447 1468 quod

163 1531 339 1582 Descenderit
352 1548 433 1596 super
445 1534 519 1583 illum
534 1545 654 1584 montem
668 1535 702 1584 ad
716 1545 796 1598 eaput
809 1536 910 1584 montis
927 1535 1023 1594 (ΕΜ.
1033 1537 1083 1586 xix.
1092 1549 1130 1592 τος
1144 1548 1164 1583 o

237 1599 309 1648 xxiv.
321 1594 455 1663 [16,]17);
473 1608 499 1649 et
512 1600 582 1664 quod
594 1600 805 1663 promulgaverit
817 1600 916 1663 Legem
930 1601 966 1650 ibi
979 1602 1070 1663 (ΕΜ.
1079 1599 1136 1662 sal:

108 1746 185 1809 inde
204 1748 306 1809 etiam
326 1767 385 1828 per
405 1746 523 1810 “Sinai
531 1748 546 1772 ’⁹
565 1749 598 1810 in
618 1747 735 1811 Verbo
752 1747 961 1830 significatur
981 1751 1124 1813 Divinum
1135 1745 1164 1809 Vr

109 1859 180 1901 rum
200 1861 244 1902 ex
262 1840 385 1903 Divino
403 1841 509 1914 Bono,
527 1842 680 1905 similiter
696 1863 756 1924 per
769 1843 929 1924 “Legem
938 1844 953 1867 ¹’
969 1845 1014 1906 ibi
1032 1841 1164 1927 promulgz

110 1944 190 1996 tam.
235 1934 282 1997 Et
300 1935 379 1999 ideo
397 1956 529 2018 quoque

164 2083 297 2133 Dominus
309 2085 455 2147 assumpsit
471 2084 588 2143 Petrum,
602 2083 731 2150 Jacobum
746 2095 773 2134 et
786 2084 938 2150 Johannem
957 2087 984 2136 in
1000 2098 1109 2136 montem
1119 2083 1164 2133 ritu

239 2164 298 2198 cum
311 2150 517 2199 transformatus
529 2151 638 2212 (Marti.
650 2151 712 2201 xvii.
727 2162 755 2210 1;
773 2152 858 2201 Marc.
870 2152 904 2201 ix.
917 2153 958 2214 a);

47 2375 50 2380 .
110 2303 144 2354 et
164 2311 240 2354 cum
260 2292 527 2366 transformatus,
547 2292 701 2372 apparuit
725 2293 759 2355 in
783 2292 906 2355 Divino
925 2292 1018 2356 Vero
1035 2314 1077 2356 ex
1097 2290 1164 2354 Diviu

111 2385 217 2456 Bono,
237 2405 314 2447 nam
336 2387 485 2449 “Facies
509 2387 616 2467 Ipsius
634 2407 719 2468 quae
739 2388 825 2450 sicut
846 2384 905 2450 Sol
916 2388 930 2410 '⁸
949 2384 1164 2469 repraesentati·

110 2480 268 2541 Divinum
297 2479 438 2552 Bonum,
467 2501 505 2543 ac
535 2479 684 2544 “Vestis
711 2502 796 2563 quae
824 2483 910 2545 sicut
939 2482 1016 2546 Lux
1027 2483 1042 2507 ”
1067 2481 1164 2543 Divinu:

111 2573 249 2646 Verum,
263 2595 302 2637 ac
321 2574 464 2636 “Moses
480 2585 515 2637 et
532 2574 654 2649 Elias,‘’
666 2577 722 2656 qui
737 2589 975 2656 apparuerunt,
992 2573 1164 2657 significatu

112 2666 272 2741 Verbum,
288 2669 377 2750 quod
393 2680 445 2730 est
465 2669 624 2731 Divinum
638 2669 766 2732 Verum
782 2691 827 2732 ex
845 2670 969 2733 Divino
983 2670 1084 2733 Bono.
1120 2665 1164 2746 Qu

109 2763 198 2824 niam
224 2763 372 2824 “mons”
397 2763 609 2844 significabat
637 2764 762 2826 bonum
790 2767 924 2835 amoris,
949 2777 985 2828 et
1013 2768 1042 2828 in
1068 2777 1164 2843 supren

108 2877 208 2919 sensu
222 2857 380 2919 Divinum
395 2857 537 2930 Bonum,
549 2869 583 2919 et
597 2879 642 2919 ex
656 2858 779 2921 Divino
793 2858 889 2920 Bono
902 2860 1054 2939 procedit
1067 2857 1164 2920 Divinu

110 2950 249 3024 Verum,
270 2952 346 3012 ideo
371 2951 470 3012 Mons
490 2951 603 3012 Zionis
621 2950 818 3014 aedificatus
837 2963 889 3014 est
909 2972 1010 3032 supra
1030 2943 1164 3022 Hierosol]

109 3065 209 3118 mam,
221 3056 255 3107 et
270 3065 327 3125 per
342 3051 361 3076 ‘⁶
372 3045 526 3107 Montem
541 3044 677 3107 Zionis”
690 3047 723 3107 in
737 3045 853 3108 Verbo
866 3046 1070 3127 significatur
1082 3040 1164 3106 eccles

109 3158 193 3220 quae
217 3140 249 3202 in
273 3140 364 3201 bono
381 3139 504 3201 amoris
524 3141 556 3200 in
579 3139 762 3203 Dominum
781 3150 845 3211 est,
865 3150 900 3202 et
920 3160 980 3221 per
1000 3130 1164 3208 “Hierosol]

109 3253 197 3295 mam
208 3234 221 3256 ”
234 3233 376 3295 ecclesia
388 3254 473 3315 quae
491 3234 522 3294 in
537 3235 624 3295 veris
640 3255 684 3295 ex
701 3233 760 3295 illo
777 3234 877 3306 bono,
892 3254 949 3295 seu
963 3233 1164 3310 ecclesiaquo·

108 3325 316 3390 doctrinam:
340 3327 417 3389 ideo
433 3329 536 3389 etiam
555 3327 792 3408 Hierosolyma
806 3339 947 3390 vocatur
961 3333 981 3359 ‘⁸
992 3347 1085 3390 mons
1099 3313 1164 3387 saud

109 3422 218 3493 tatis,'’
238 3433 272 3484 et
291 3443 424 3503 quoque
445 3422 570 3485 “collis
582 3422 608 3498 ;”
631 3442 709 3484 nam
734 3443 792 3503 per
812 3429 993 3485 “montem
1016 3409 1163 3484 sandiitati

109 3515 315 3595 significatur
328 3517 452 3577 bonum
467 3515 650 3595 spirituale,
664 3516 754 3598 quod
770 3517 804 3578 in
818 3537 877 3579 sua
890 3516 1038 3579 essentia
1050 3523 1098 3578 est
1107 3524 1164 3572 veru

109 3630 154 3671 ex
178 3610 277 3681 bono,
298 3609 450 3671 similiter
469 3630 507 3672 ac
532 3629 591 3690 per
611 3608 793 3681 “collem”
812 3619 848 3672 ut
867 3622 1026 3673 constare
1049 3613 1164 3689 potest«

109 3704 327 3784 sequentibus
345 3704 396 3764 his
415 3703 498 3765 locis
510 3703 668 3784 :-—Apud
688 3702 840 3776 Esaiam,

160 3848 177 3869 ‘¹
186 3845 243 3894 Fiet
256 3845 282 3892 in
295 3846 452 3906 posteritate
462 3846 563 3894 dierum
574 3843 702 3911 [stabilis]
711 3847 761 3895 erit
768 3861 848 3895 mons
858 3843 978 3910 [domus]
988 3846 1103 3910 Jehovae
1111 3845 1133 3892 ln
1140 3855 1164 3889 ca

239 3912 380 3966 montium,
397 3921 424 3959 et
438 3912 523 3959 elatus
539 3926 602 3973 prae
617 3913 744 3969 collibus,
767 3912 838 3960 unde
856 3911 993 3960 confluent
1006 3913 1040 3961 ad
1057 3924 1113 3960 eum
1126 3920 1163 3956 om

238 3986 342 4038 gentes,
353 3987 379 4023 et
392 3977 466 4024 ibunt
477 3978 567 4039 populi
581 3978 665 4033 multi,
676 3986 702 4025 et
711 3978 808 4032 dicent,
820 3976 868 4034 lte,
880 3977 1057 4026 ascendamus
1066 3977 1098 4024 ad
1107 3982 1164 4023 ruoul

239 4039 365 4105 Jehovae,
380 4042 414 4089 ad
426 4042 536 4090 domum
550 4041 599 4090 Dei
611 4042 704 4106 jacobi
713 4041 726 4060 ”
739 4042 776 4099 (ii.
786 4054 810 4099 a,
821 4043 861 4103 3):

108 4164 198 4244 apud
217 4165 373 4238 eundem,

79 4343 84 4357 ι
160 4289 216 4338 '‘In
236 4289 278 4338 die
297 4290 342 4338 illo
361 4289 499 4350 clangetur
517 4290 627 4339 buccina
646 4304 753 4351 magna,
774 4298 800 4337 et
819 4290 928 4338 venient
949 4300 1093 4352 pereuntes
1111 4289 1163 4337 int

239 4355 376 4408 Aschuris.
389 4364 414 4401 et
427 4355 528 4415 expulsi
542 4356 567 4402 in
582 4365 651 4402 terra
664 4354 788 4415 Aegypti,
800 4364 826 4401 et
839 4355 1017 4404 incurvabunt
1029 4369 1059 4405 se
1071 4354 1164 4420 Jehoru

239 4431 331 4469 monte
343 4417 493 4469 sanctitatis
506 4421 533 4468 in
548 4419 740 4482 Hierosolyma
748 4419 761 4437 ”
774 4419 865 4480 (xxvii.
879 4421 934 4480 13):
