2684 4988
113 509 194 576 1190
419 507 667 559 APOCALYPSIS
691 507 918 560 EXPLICATA.

163 677 242 741 Quod
255 677 299 724 ille
312 677 515 740 hominemque,
526 687 553 726 at
563 677 633 740 quod
647 676 780 727 Dominus
792 679 909 741 baptizet
917 679 1012 742 spiritu
1020 676 1103 729 mtto
1111 680 1175 741 uun

239 742 313 802 (Luc.
325 743 361 792 iii.
376 742 422 801 16;
441 742 505 808 Joh.
517 743 534 792 i.
546 743 604 805 33);

109 886 168 948 per
193 865 283 948 quod
311 866 512 948 intelligitur
536 867 625 950 quod
651 866 824 948 Johannes
851 867 956 931 modo
981 866 1178 950 inaugurarent

109 958 185 1021 illos
208 960 241 1022 in
265 960 479 1040 cognitiones
501 981 520 1023 e
539 958 656 1023 Verbo
674 959 717 1023 de
741 960 899 1036 Domino,
920 972 956 1026 et
980 963 1025 1025 sic
1048 981 1178 1043 praepara·

108 1054 193 1116 verit
216 1053 292 1115 illos
315 1053 358 1115 ad
381 1053 608 1135 recipiendum
633 1053 758 1134 ipsum,
782 1065 817 1118 at
841 1056 933 1137 quod
959 1055 1034 1136 lpse
1060 1055 1180 1118 Dominus

108 1147 279 1209 hominem
293 1157 470 1228 regeneret
483 1167 544 1228 per
555 1147 713 1210 Divinum
726 1147 855 1211 Verum
868 1160 903 1213 et
921 1149 1076 1212 Divinum
1091 1149 1181 1211 Bonum

109 1241 296 1322 procedens
323 1241 367 1304 ab
391 1240 489 1322 lpso;
515 1240 689 1322 Johannes
711 1242 799 1305 enim
822 1244 1092 1324 repraesentabat
1110 1239 1182 1303 simle

107 1335 198 1416 quod
215 1335 318 1408 Elias,
333 1355 454 1416 nempe
468 1334 619 1398 Verbum
632 1357 640 1411 ;
657 1342 792 1418 “aquae
801 1335 817 1360 '’
828 1336 949 1418 quibus
960 1335 1119 1417 Johannes
1130 1335 1183 1412 bap

108 1429 246 1501 tizabat,
266 1428 501 1509 significabant
520 1450 599 1492 vera
622 1431 881 1502 introducentia,
902 1450 987 1511 quae
1010 1440 1085 1492 sunt
1104 1427 1183 1508 cogni·

109 1525 220 1585 tiones
239 1524 280 1585 de
305 1523 455 1587 Domino
473 1544 519 1586 ex
538 1523 674 1600 Verbo;
699 1524 864 1605 “spiritus
882 1521 1020 1586 sandius
1028 1524 1043 1545 ”
1060 1521 1184 1604 significat

110 1617 268 1680 Divinum
293 1616 420 1680 Verum
444 1617 632 1699 procedens
654 1638 674 1681 a
697 1617 855 1692 Domino,
880 1628 915 1681 et
940 1617 1077 1699 “ignis”
1096 1609 1185 1696 signifi·

108 1723 164 1774 cat
192 1712 352 1773 Divinum
378 1710 509 1775 Bonum
537 1712 724 1793 procedens
751 1712 795 1774 ab
818 1711 908 1793 ipso,
931 1722 968 1775 et
992 1701 1186 1791 “baptizatio'

110 1805 277 1887 significat
308 1807 599 1886 regenerationem
633 1826 693 1888 per
723 1806 846 1870 Divina
876 1827 956 1889 vera
988 1827 1034 1869 ex
1063 1804 1187 1867 verbor

109 1900 267 1963 Domino.
313 1897 413 1980 Quod
434 1899 622 1965 lavationes
640 1903 674 1963 in
694 1900 857 1964 Ecclesiis
874 1900 1036 1984 Antiquis
1050 1900 1187 1962 institutae

108 1995 241 2068 suerint,
265 2005 300 2058 et
325 2006 445 2076 postea
467 1993 544 2059 loco
567 1994 697 2058 illarum
721 1996 981 2076 baptizationes‚
1003 2016 1087 2077 quae
1106 2005 1188 2056 tamen

110 2091 213 2153 modo
232 2091 314 2153 ritus
333 2090 611 2171 repraesentativi
631 2101 666 2153 et
685 2088 897 2172 significativi
915 2100 1005 2163 sunt,
1025 2099 1095 2151 erat
1111 2101 1189 2152 catut.

110 2195 145 2246 ut
166 2184 296 2247 caelum
316 2181 575 2265 conjungeretur
594 2203 670 2246 cum
689 2183 838 2246 humano
855 2203 993 2265 genere,
1010 2193 1045 2246 et
1065 2184 1095 2244 in
1110 2176 1190 2261 specie

109 2298 185 2342 cum
208 2278 343 2341 homine
363 2277 548 2356 ecclesiae;
572 2290 651 2342 tunc
672 2280 760 2342 enim
780 2278 910 2342 caelum
930 2277 1134 2360 conjungitur
1151 2276 1190 2338 ho·

110 2375 189 2437 mini
221 2374 357 2456 quando
379 2372 482 2435 homo
500 2374 533 2435 in
554 2374 679 2436 ultimis
698 2383 761 2447 est,
782 2373 846 2437 hoc
865 2384 929 2449 est,
950 2374 983 2436 in
1002 2372 1191 2450 talibusque

109 2469 141 2530 in
166 2469 293 2530 mundo
315 2467 426 2549 quoad
450 2468 638 2531 naturalem
662 2489 757 2531 suum
781 2468 963 2542 hominem,
987 2488 1026 2531 ac
1050 2469 1082 2530 in
1102 2463 1192 2529 talibus

109 2583 194 2644 quae
211 2563 243 2623 in
260 2561 356 2624 caelo
369 2572 446 2624 sunt
460 2563 570 2643 quoad
584 2563 790 2642 spiritualem
804 2582 899 2624 suurn
916 2561 1104 2637 hominem;
1124 2557 1192 2621 aliter

110 2676 177 2719 non
194 2657 264 2718 dari
282 2666 396 2737 potest
413 2653 622 2737 conjund'tio:
647 2657 692 2719 ob
707 2656 799 2718 illam
816 2675 954 2718 causam
971 2666 1023 2718 est
1039 2653 1121 2737 quod
1135 2653 1191 2728 bap

108 2751 226 2813 tizatio
254 2751 411 2813 instituta
437 2751 491 2823 sit,
516 2761 550 2812 et
578 2771 710 2832 quoque
740 2746 865 2812 Sand‘ta
897 2748 1009 2825 Cena;
1040 2760 1107 2812 tum
1129 2736 1192 2827 quod

108 2843 260 2906 Verbum
280 2845 507 2924 conscriptum
528 2845 570 2905 sit
595 2864 654 2924 per
673 2843 753 2907 talia
772 2865 856 2926 quae
880 2845 913 2906 in
938 2844 1064 2906 mundo
1082 2850 1155 2914 sunt.
1169 2841 1191 2895 tl

109 2939 198 3020 quod
226 2940 254 3000 ei
282 2958 400 3000 sensus
422 2937 603 3017 spiritualis
627 2938 705 3000 insit
732 2940 764 3000 in
788 2959 855 3020 quo
877 2948 956 3000 sunt
980 2937 1062 3000 talia
1083 2928 1192 3018 quaein

110 3032 205 3094 caelo
224 3042 322 3106 sunt;
347 3052 405 3092 seu
420 3032 510 3112 quod
530 3052 648 3094 sensus
667 3031 799 3095 litterae
816 3030 922 3094 Verbi
940 3033 984 3095 sit
1004 3027 1192 3100 naturalisel

109 3123 142 3184 in
165 3143 207 3185 eo
229 3125 272 3184 sit
296 3142 416 3183 sensus
439 3123 634 3204 spiritualis.
678 3139 762 3195 (Quod
773 3139 881 3183 Verbum
896 3152 940 3196 per
953 3139 979 3184 id
992 3139 1116 3197 conjungat
1124 3129 1193 3191 ordo

109 3212 167 3255 caeli
181 3225 235 3254 cum
252 3211 389 3255 horninibus
401 3211 521 3262 ecclesiae,
533 3212 641 3255 videatur
651 3211 675 3254 in
687 3224 758 3268 opere
770 3211 808 3255 Dc
822 3212 889 3256 Caelo
900 3216 923 3255 et
934 3213 1037 3272 Inserno.
1049 3225 1071 3256 n.
1083 3202 1193 3268 303-31uii

108 3280 132 3322 in
143 3279 260 3335 opusculo
273 3280 311 3322 De
322 3280 393 3336 Equo
403 3280 464 3323 Albo
474 3293 489 3322 a
499 3278 615 3336 principio
626 3280 657 3322 ad
668 3278 740 3324 linem
749 3293 754 3331 ;
770 3286 821 3323 turn
833 3280 900 3335 quod
916 3279 1007 3324 Sandis
1016 3280 1083 3325 Cena
1092 3272 1193 3332 ennium

109 3365 132 3398 n.
145 3365 262 3405 nro-mm
281 3355 313 3396 ita
324 3366 422 3410 quoqne
437 3353 590 3410 Baptismus)
633 3337 685 3399 Αἵ
706 3338 762 3418 qui
784 3338 894 3400 credit
916 3338 1009 3419 quod
1033 3336 1192 3418 Baptismus

109 3428 233 3509 aliquid
253 3430 295 3491 ad
315 3430 538 3491 salvationem
554 3428 699 3491 hominis
716 3429 877 3500 conserat,
894 3431 958 3491 nisi
977 3431 1004 3492 is
1021 3427 1112 3492 simul
1125 3418 1192 3487 sitin

109 3523 197 3583 veris
220 3523 383 3584 ecclesiae
407 3532 441 3583 et
465 3523 497 3582 in
520 3523 591 3584 vita
613 3522 796 3584 secundum
820 3521 889 3595 illa,
914 3522 1059 3585 multum
1084 3518 1192 3584 tallitm

110 3635 188 3677 nam
216 3616 401 3696 baptizatio
423 3625 475 3678 est
499 3625 691 3689 externum,
715 3615 805 3697 quod
832 3616 962 3698 absque
988 3617 1117 3680 interno
1136 3598 1192 3672 nihil

109 3709 187 3771 lacit
201 3711 243 3772 ad
260 3710 496 3784 salvationem,
509 3711 568 3772 sed
585 3710 663 3773 lacit
681 3711 735 3773 ubi
751 3721 932 3773 externum
947 3703 1192 3792 conjunttunest

110 3803 251 3864 interno.
307 3803 481 3865 Internum
510 3803 675 3883 Baptismi
702 3815 765 3876 est,
789 3814 825 3867 ut
853 3824 913 3884 per
937 3825 1019 3868 vera
1045 3825 1089 3867 ex
1109 3794 1192 3863 Verbi)

110 3915 148 3956 ac
169 3915 226 3974 per
242 3899 346 3958 vitam
363 3898 547 3958 secundum
564 3897 621 3959 illa
637 3919 657 3959 a
675 3898 823 3960 Domino
839 3911 1077 3962 removeantur
1091 3894 1157 3960 salsa
1169 3891 1192 3946 et

111 3989 209 4063 mala,
227 4000 262 4051 et
281 3993 326 4052 sic
347 3989 451 4054 homo
469 4002 687 4072 regeneretur
704 3991 806 4073 (sicut
822 3994 925 4057 etiam
947 3994 1107 4056 Dominus
1120 3985 1192 4052 docel

109 4083 197 4160 apud
220 4083 440 4159 Matthaeum,
460 4104 532 4165 cap.
553 4087 647 4148 xxiii.
666 4086 717 4160 26,
737 4102 788 4166 27,
808 4106 867 4166 per
889 4087 949 4150 illa
967 4109 1054 4170 quae
1073 4102 1155 4166 supra
1170 4074 1192 4136 il

109 4176 173 4238 hoc
193 4178 334 4240 articulo
353 4178 526 4258 explicata
543 4180 649 4260 sunt).
826 4194 830 4199 ’

168 4268 267 4346 476.
296 4269 361 4329 “fr
384 4269 604 4332 dealbaverunt
623 4271 724 4334 stolus
747 4290 824 4335 suus
850 4271 882 4334 in
906 4274 1058 4356 sanguino
1081 4259 1193 4352 inoff*

111 4355 209 4436 Quod
227 4360 391 4439 significet
408 4361 692 4441 implantationem
707 4363 829 4426 Divina·
849 4365 932 4428 Veri
942 4388 965 4429 a
979 4365 1119 4435 Domitio.
1133 4367 1190 4421 ⁶⁰¹¹·

110 4461 180 4512 stat
202 4472 246 4513 ex
274 4453 519 4533 significatione
545 4457 731 4522 “dealbare
754 4458 890 4536 stolas,’'
913 4461 1006 4543 quod
1031 4463 1075 4525 sit
1097 4456 1189 4521 exuere
