<?xml version="1.0" encoding="UTF-8"?>
<!DOCTYPE html PUBLIC "-//W3C//DTD XHTML 1.0 Transitional//EN"
    "http://www.w3.org/TR/xhtml1/DTD/xhtml1-transitional.dtd">
<html xmlns="http://www.w3.org/1999/xhtml" xml:lang="en" lang="en">
 <head>
  <title>
</title>
<meta http-equiv="Content-Type" content="text/html;charset=utf-8" />
  <meta name='ocr-system' content='tesseract 3.04.00' />
  <meta name='ocr-capabilities' content='ocr_page ocr_carea ocr_par ocr_line ocrx_word'/>
</head>
<body>
  <div class='ocr_page' id='page_1' title='image "./apocalypsisexpl00swedgoog_0202.png"; bbox 0 0 2716 4986; ppageno 0'>
   <div class='ocr_carea' id='block_1_1' title="bbox 119 251 925 315">
    <p class='ocr_par' dir='ltr' id='par_1_1' title="bbox 119 251 925 315">
     <span class='ocr_line' id='line_1_1' title="bbox 119 251 925 315; baseline -0.004 0"><span class='ocrx_word' id='word_1_1' title='bbox 119 251 182 315; x_wconf 86' lang='lat'>860</span> <span class='ocrx_word' id='word_1_2' title='bbox 427 262 677 314; x_wconf 74' lang='lat' dir='ltr'>Arocauvasrs</span> <span class='ocrx_word' id='word_1_3' title='bbox 701 263 925 313; x_wconf 67' lang='lat' dir='ltr'>exsucata.</span> 
     </span>
    </p>
   </div>
   <div class='ocr_carea' id='block_1_2' title="bbox 118 429 1288 880">
    <p class='ocr_par' dir='ltr' id='par_1_2' title="bbox 118 429 1288 587">
     <span class='ocr_line' id='line_1_2' title="bbox 119 429 1288 514; baseline -0.002 -20"><span class='ocrx_word' id='word_1_4' title='bbox 119 442 174 494; x_wconf 90' lang='lat' dir='ltr'>tur</span> <span class='ocrx_word' id='word_1_5' title='bbox 191 432 337 494; x_wconf 90' lang='lat' dir='ltr'>mutatio</span> <span class='ocrx_word' id='word_1_6' title='bbox 360 441 471 494; x_wconf 90' lang='lat' dir='ltr'>status</span> <span class='ocrx_word' id='word_1_7' title='bbox 495 432 669 504; x_wconf 87' lang='lat' dir='ltr'>ecclesiae,</span> <span class='ocrx_word' id='word_1_8' title='bbox 691 451 812 514; x_wconf 85' lang='lat' dir='ltr'>nempe</span> <span class='ocrx_word' id='word_1_9' title='bbox 835 452 855 494; x_wconf 95' lang='lat' dir='ltr'>a</span> <span class='ocrx_word' id='word_1_10' title='bbox 877 431 970 494; x_wconf 94' lang='lat' dir='ltr'>bono</span> <span class='ocrx_word' id='word_1_11' title='bbox 992 431 1026 493; x_wconf 95' lang='lat' dir='ltr'>in</span> <span class='ocrx_word' id='word_1_12' title='bbox 1050 429 1174 493; x_wconf 89' lang='lat' dir='ltr'>malurn</span> <span class='ocrx_word' id='word_1_13' title='bbox 1196 439 1288 492; x_wconf 78' lang='lat' dir='ltr'>etz:</span> 
     </span>
     <span class='ocr_line' id='line_1_3' title="bbox 118 524 439 587; baseline 0.003 -1"><span class='ocrx_word' id='word_1_14' title='bbox 118 546 137 586; x_wconf 90' lang='lat' dir='ltr'>a</span> <span class='ocrx_word' id='word_1_15' title='bbox 158 546 238 587; x_wconf 92' lang='lat' dir='ltr'>vero</span> <span class='ocrx_word' id='word_1_16' title='bbox 256 526 289 586; x_wconf 95' lang='lat' dir='ltr'>in</span> <span class='ocrx_word' id='word_1_17' title='bbox 309 524 439 587; x_wconf 88' lang='lat' dir='ltr'>salsum.</span> 
     </span>
    </p>

    <p class='ocr_par' dir='ltr' id='par_1_3' title="bbox 120 606 1288 880">
     <span class='ocr_line' id='line_1_4' title="bbox 182 606 1288 696; baseline -0.001 -19"><span class='ocrx_word' id='word_1_18' title='bbox 182 614 244 696; x_wconf 61' lang='lat' dir='ltr'>[la]</span> <span class='ocrx_word' id='word_1_19' title='bbox 276 613 378 695; x_wconf 85' lang='lat' dir='ltr'>Quod</span> <span class='ocrx_word' id='word_1_20' title='bbox 402 636 461 695; x_wconf 93' lang='lat' dir='ltr'>per</span> <span class='ocrx_word' id='word_1_21' title='bbox 485 623 626 677; x_wconf 88' lang='lat' dir='ltr'>“terrae</span> <span class='ocrx_word' id='word_1_22' title='bbox 649 625 763 677; x_wconf 88' lang='lat' dir='ltr'>motus</span> <span class='ocrx_word' id='word_1_23' title='bbox 772 615 787 640; x_wconf 85' lang='lat'><strong>”</strong></span> <span class='ocrx_word' id='word_1_24' title='bbox 805 625 841 678; x_wconf 94' lang='lat' dir='ltr'>et</span> <span class='ocrx_word' id='word_1_25' title='bbox 862 606 1288 678; x_wconf 78' lang='lat' dir='ltr'>“contremiscentias&#39;’&#39;</span> 
     </span>
     <span class='ocr_line' id='line_1_5' title="bbox 120 706 1288 788; baseline -0.001 -20"><span class='ocrx_word' id='word_1_26' title='bbox 120 726 186 768; x_wconf 94' lang='lat' dir='ltr'>non</span> <span class='ocrx_word' id='word_1_27' title='bbox 210 707 299 768; x_wconf 91' lang='lat' dir='ltr'>aliud</span> <span class='ocrx_word' id='word_1_28' title='bbox 323 708 356 767; x_wconf 90' lang='lat' dir='ltr'>in</span> <span class='ocrx_word' id='word_1_29' title='bbox 381 707 496 769; x_wconf 91' lang='lat' dir='ltr'>Verbo</span> <span class='ocrx_word' id='word_1_30' title='bbox 519 706 741 787; x_wconf 83' lang='lat' dir='ltr'>intelligatur,</span> <span class='ocrx_word' id='word_1_31' title='bbox 767 717 925 769; x_wconf 86' lang='lat' dir='ltr'>constare</span> <span class='ocrx_word' id='word_1_32' title='bbox 948 708 1053 769; x_wconf 88' lang='lat' dir='ltr'>etiam</span> <span class='ocrx_word' id='word_1_33' title='bbox 1077 717 1192 788; x_wconf 91' lang='lat' dir='ltr'>potest</span> <span class='ocrx_word' id='word_1_34' title='bbox 1213 726 1288 767; x_wconf 91' lang='lat' dir='ltr'>a...-</span> 
     </span>
     <span class='ocr_line' id='line_1_6' title="bbox 121 799 837 880; baseline 0.001 -20"><span class='ocrx_word' id='word_1_35' title='bbox 121 800 338 880; x_wconf 88' lang='lat' dir='ltr'>sequentibus</span> <span class='ocrx_word' id='word_1_36' title='bbox 358 801 409 861; x_wconf 90' lang='lat' dir='ltr'>his</span> <span class='ocrx_word' id='word_1_37' title='bbox 429 800 510 862; x_wconf 87' lang='lat' dir='ltr'>locis</span> <span class='ocrx_word' id='word_1_38' title='bbox 523 800 679 880; x_wconf 88' lang='lat' dir='ltr'>:-Apud</span> <span class='ocrx_word' id='word_1_39' title='bbox 699 799 837 874; x_wconf 78' lang='lat' dir='ltr'>Joelem,</span> 
     </span>
    </p>
   </div>
   <div class='ocr_carea' id='block_1_3' title="bbox 172 931 1288 1061">
    <p class='ocr_par' dir='ltr' id='par_1_4' title="bbox 172 931 1288 1061">
     <span class='ocr_line' id='line_1_7' title="bbox 172 931 1288 996; baseline -0.001 -15"><span class='ocrx_word' id='word_1_40' title='bbox 172 933 294 982; x_wconf 83' lang='lat' dir='ltr'>“Coram</span> <span class='ocrx_word' id='word_1_41' title='bbox 310 933 373 996; x_wconf 88' lang='lat' dir='ltr'>Ipso</span> <span class='ocrx_word' id='word_1_42' title='bbox 385 944 520 982; x_wconf 89' lang='lat' dir='ltr'>commota</span> <span class='ocrx_word' id='word_1_43' title='bbox 529 943 570 982; x_wconf 92' lang='lat' dir='ltr'>est</span> <span class='ocrx_word' id='word_1_44' title='bbox 583 944 661 989; x_wconf 79' lang='lat' dir='ltr'>terra.</span> <span class='ocrx_word' id='word_1_45' title='bbox 674 942 892 982; x_wconf 87' lang='lat' dir='ltr'>contremuerunt</span> <span class='ocrx_word' id='word_1_46' title='bbox 904 933 978 990; x_wconf 85' lang='lat' dir='ltr'>caeli,</span> <span class='ocrx_word' id='word_1_47' title='bbox 991 932 1033 981; x_wconf 89' lang='lat' dir='ltr'>sol</span> <span class='ocrx_word' id='word_1_48' title='bbox 1045 942 1071 981; x_wconf 91' lang='lat' dir='ltr'>et</span> <span class='ocrx_word' id='word_1_49' title='bbox 1083 932 1149 981; x_wconf 84' lang='lat' dir='ltr'>luna</span> <span class='ocrx_word' id='word_1_50' title='bbox 1159 931 1288 980; x_wconf 60' lang='lat' dir='ltr'>atrati.-</span> 
     </span>
     <span class='ocr_line' id='line_1_8' title="bbox 251 998 1087 1061; baseline 0.001 -14"><span class='ocrx_word' id='word_1_51' title='bbox 251 1009 321 1056; x_wconf 85' lang='lat' dir='ltr'>sunt,</span> <span class='ocrx_word' id='word_1_52' title='bbox 336 1010 362 1047; x_wconf 90' lang='lat' dir='ltr'>et</span> <span class='ocrx_word' id='word_1_53' title='bbox 374 1000 467 1047; x_wconf 84' lang='lat' dir='ltr'>stellae</span> <span class='ocrx_word' id='word_1_54' title='bbox 479 1008 670 1047; x_wconf 88' lang='lat' dir='ltr'>contraxerunt</span> <span class='ocrx_word' id='word_1_55' title='bbox 683 999 853 1061; x_wconf 79' lang='lat' dir='ltr'>splendorem</span> <span class='ocrx_word' id='word_1_56' title='bbox 867 1013 944 1047; x_wconf 85' lang='lat' dir='ltr'>suum</span> <span class='ocrx_word' id='word_1_57' title='bbox 952 998 967 1017; x_wconf 86' lang='lat'>&#39;’</span> <span class='ocrx_word' id='word_1_58' title='bbox 979 999 1016 1060; x_wconf 87' lang='lat' dir='ltr'>(ii.</span> <span class='ocrx_word' id='word_1_59' title='bbox 1031 998 1087 1059; x_wconf 88' lang='lat'>10):</span> 
     </span>
    </p>
   </div>
   <div class='ocr_carea' id='block_1_4' title="bbox 119 1119 1257 2414">
    <p class='ocr_par' dir='ltr' id='par_1_5' title="bbox 119 1119 1246 1296">
     <span class='ocr_line' id='line_1_9' title="bbox 120 1119 1246 1204; baseline -0.001 -21"><span class='ocrx_word' id='word_1_60' title='bbox 120 1143 178 1203; x_wconf 92' lang='lat' dir='ltr'>per</span> <span class='ocrx_word' id='word_1_61' title='bbox 198 1127 351 1185; x_wconf 82' lang='lat' dir='ltr'>“terram</span> <span class='ocrx_word' id='word_1_62' title='bbox 360 1122 374 1145; x_wconf 89' lang='lat'><strong>”</strong></span> <span class='ocrx_word' id='word_1_63' title='bbox 393 1133 427 1185; x_wconf 93' lang='lat' dir='ltr'>et</span> <span class='ocrx_word' id='word_1_64' title='bbox 448 1143 506 1204; x_wconf 89' lang='lat' dir='ltr'>per</span> <span class='ocrx_word' id='word_1_65' title='bbox 526 1122 667 1184; x_wconf 85' lang='lat' dir='ltr'>“caelos</span> <span class='ocrx_word' id='word_1_66' title='bbox 676 1122 690 1145; x_wconf 87' lang='lat'>&#39;¹</span> <span class='ocrx_word' id='word_1_67' title='bbox 709 1122 773 1194; x_wconf 83' lang='lat' dir='ltr'>hic.</span> <span class='ocrx_word' id='word_1_68' title='bbox 795 1133 830 1184; x_wconf 91' lang='lat' dir='ltr'>ut</span> <span class='ocrx_word' id='word_1_69' title='bbox 855 1122 977 1204; x_wconf 92' lang='lat' dir='ltr'>pluries</span> <span class='ocrx_word' id='word_1_70' title='bbox 998 1121 1087 1195; x_wconf 86' lang='lat' dir='ltr'>alibi,</span> <span class='ocrx_word' id='word_1_71' title='bbox 1109 1119 1246 1201; x_wconf 58' lang='lat' dir='ltr'>signifi«</span> 
     </span>
     <span class='ocr_line' id='line_1_10' title="bbox 119 1214 1237 1296; baseline -0.001 -19"><span class='ocrx_word' id='word_1_72' title='bbox 119 1226 214 1277; x_wconf 91' lang='lat' dir='ltr'>catur</span> <span class='ocrx_word' id='word_1_73' title='bbox 230 1215 383 1287; x_wconf 85' lang='lat' dir='ltr'>ecclesia,</span> <span class='ocrx_word' id='word_1_74' title='bbox 402 1236 459 1296; x_wconf 90' lang='lat' dir='ltr'>per</span> <span class='ocrx_word' id='word_1_75' title='bbox 477 1223 630 1278; x_wconf 86' lang='lat' dir='ltr'>“terram</span> <span class='ocrx_word' id='word_1_76' title='bbox 640 1216 655 1238; x_wconf 89' lang='lat'><strong>”</strong></span> <span class='ocrx_word' id='word_1_77' title='bbox 671 1214 813 1277; x_wconf 90' lang='lat' dir='ltr'>ecclesia</span> <span class='ocrx_word' id='word_1_78' title='bbox 830 1228 984 1287; x_wconf 78' lang='lat' dir='ltr'>externa,</span> <span class='ocrx_word' id='word_1_79' title='bbox 1002 1225 1037 1276; x_wconf 87' lang='lat' dir='ltr'>et</span> <span class='ocrx_word' id='word_1_80' title='bbox 1058 1235 1117 1296; x_wconf 90' lang='lat' dir='ltr'>per</span> <span class='ocrx_word' id='word_1_81' title='bbox 1131 1225 1237 1276; x_wconf 79' lang='lat' dir='ltr'>“cae-</span> 
     </span>
    </p>

    <p class='ocr_par' dir='ltr' id='par_1_6' title="bbox 120 1308 1255 1481">
     <span class='ocr_line' id='line_1_11' title="bbox 120 1308 1255 1389; baseline 0 -20"><span class='ocrx_word' id='word_1_82' title='bbox 120 1308 194 1369; x_wconf 87' lang='lat' dir='ltr'>los&#39;‘</span> <span class='ocrx_word' id='word_1_83' title='bbox 210 1308 352 1371; x_wconf 91' lang='lat' dir='ltr'>ecclesia</span> <span class='ocrx_word' id='word_1_84' title='bbox 375 1310 527 1384; x_wconf 80' lang='lat' dir='ltr'>interno;</span> <span class='ocrx_word' id='word_1_85' title='bbox 552 1330 609 1389; x_wconf 89' lang='lat' dir='ltr'>per</span> <span class='ocrx_word' id='word_1_86' title='bbox 630 1309 807 1371; x_wconf 88' lang='lat' dir='ltr'>ecclesiam</span> <span class='ocrx_word' id='word_1_87' title='bbox 832 1318 1012 1371; x_wconf 87' lang='lat' dir='ltr'>externam</span> <span class='ocrx_word' id='word_1_88' title='bbox 1037 1308 1255 1388; x_wconf 87' lang='lat' dir='ltr'>intelligitur·</span> 
     </span>
     <span class='ocr_line' id='line_1_12' title="bbox 121 1399 1234 1481; baseline -0.001 -19"><span class='ocrx_word' id='word_1_89' title='bbox 121 1400 230 1464; x_wconf 89' lang='lat' dir='ltr'>cultus</span> <span class='ocrx_word' id='word_1_90' title='bbox 246 1423 290 1462; x_wconf 85' lang='lat' dir='ltr'>ex</span> <span class='ocrx_word' id='word_1_91' title='bbox 308 1402 397 1463; x_wconf 94' lang='lat' dir='ltr'>bono</span> <span class='ocrx_word' id='word_1_92' title='bbox 414 1412 447 1464; x_wconf 91' lang='lat' dir='ltr'>et</span> <span class='ocrx_word' id='word_1_93' title='bbox 462 1423 541 1463; x_wconf 90' lang='lat' dir='ltr'>vero</span> <span class='ocrx_word' id='word_1_94' title='bbox 557 1403 589 1462; x_wconf 91' lang='lat' dir='ltr'>in</span> <span class='ocrx_word' id='word_1_95' title='bbox 610 1401 753 1463; x_wconf 91' lang='lat' dir='ltr'>naturali</span> <span class='ocrx_word' id='word_1_96' title='bbox 770 1402 916 1473; x_wconf 82' lang='lat' dir='ltr'>homine,</span> <span class='ocrx_word' id='word_1_97' title='bbox 930 1412 964 1462; x_wconf 90' lang='lat' dir='ltr'>et</span> <span class='ocrx_word' id='word_1_98' title='bbox 983 1420 1041 1481; x_wconf 91' lang='lat' dir='ltr'>per</span> <span class='ocrx_word' id='word_1_99' title='bbox 1057 1399 1234 1463; x_wconf 87' lang='lat' dir='ltr'>ecclesiam</span> 
     </span>
    </p>

    <p class='ocr_par' dir='ltr' id='par_1_7' title="bbox 120 1492 1235 1576">
     <span class='ocr_line' id='line_1_13' title="bbox 120 1492 1235 1576; baseline -0.001 -21"><span class='ocrx_word' id='word_1_100' title='bbox 120 1495 286 1555; x_wconf 89' lang='lat' dir='ltr'>internam</span> <span class='ocrx_word' id='word_1_101' title='bbox 307 1494 431 1555; x_wconf 92' lang='lat' dir='ltr'>bonum</span> <span class='ocrx_word' id='word_1_102' title='bbox 452 1496 575 1556; x_wconf 89' lang='lat' dir='ltr'>amoris</span> <span class='ocrx_word' id='word_1_103' title='bbox 593 1504 627 1557; x_wconf 91' lang='lat' dir='ltr'>et</span> <span class='ocrx_word' id='word_1_104' title='bbox 645 1493 732 1567; x_wconf 85' lang='lat' dir='ltr'>fidei,</span> <span class='ocrx_word' id='word_1_105' title='bbox 749 1494 839 1576; x_wconf 94' lang='lat' dir='ltr'>quod</span> <span class='ocrx_word' id='word_1_106' title='bbox 859 1495 892 1554; x_wconf 94' lang='lat' dir='ltr'>in</span> <span class='ocrx_word' id='word_1_107' title='bbox 909 1492 1070 1575; x_wconf 81' lang='lat' dir='ltr'>spirituali</span> <span class='ocrx_word' id='word_1_108' title='bbox 1088 1494 1235 1565; x_wconf 87' lang='lat' dir='ltr'>homine,</span> 
     </span>
    </p>

    <p class='ocr_par' dir='ltr' id='par_1_8' title="bbox 120 1587 1254 1854">
     <span class='ocr_line' id='line_1_14' title="bbox 120 1587 1243 1668; baseline -0.001 -20"><span class='ocrx_word' id='word_1_109' title='bbox 120 1607 163 1648; x_wconf 86' lang='lat' dir='ltr'>ex</span> <span class='ocrx_word' id='word_1_110' title='bbox 183 1608 249 1668; x_wconf 91' lang='lat' dir='ltr'>quo</span> <span class='ocrx_word' id='word_1_111' title='bbox 269 1587 398 1662; x_wconf 91' lang='lat' dir='ltr'>cultus;</span> <span class='ocrx_word' id='word_1_112' title='bbox 423 1587 521 1649; x_wconf 90' lang='lat' dir='ltr'>datur</span> <span class='ocrx_word' id='word_1_113' title='bbox 537 1588 626 1649; x_wconf 89' lang='lat' dir='ltr'>enim</span> <span class='ocrx_word' id='word_1_114' title='bbox 646 1587 748 1649; x_wconf 89' lang='lat' dir='ltr'>homo</span> <span class='ocrx_word' id='word_1_115' title='bbox 767 1588 917 1648; x_wconf 90' lang='lat' dir='ltr'>internus</span> <span class='ocrx_word' id='word_1_116' title='bbox 935 1597 969 1648; x_wconf 91' lang='lat' dir='ltr'>et</span> <span class='ocrx_word' id='word_1_117' title='bbox 986 1597 1163 1660; x_wconf 82' lang='lat' dir='ltr'>externus,</span> <span class='ocrx_word' id='word_1_118' title='bbox 1180 1606 1243 1648; x_wconf 87' lang='lat' dir='ltr'>seu</span> 
     </span>
     <span class='ocr_line' id='line_1_15' title="bbox 120 1679 1254 1762; baseline 0 -22"><span class='ocrx_word' id='word_1_119' title='bbox 120 1680 299 1761; x_wconf 90' lang='lat' dir='ltr'>spiritualis</span> <span class='ocrx_word' id='word_1_120' title='bbox 322 1691 357 1742; x_wconf 91' lang='lat' dir='ltr'>et</span> <span class='ocrx_word' id='word_1_121' title='bbox 381 1680 555 1752; x_wconf 75' lang='lat' dir='ltr'>naturalia,</span> <span class='ocrx_word' id='word_1_122' title='bbox 579 1681 627 1742; x_wconf 93' lang='lat' dir='ltr'>ita</span> <span class='ocrx_word' id='word_1_123' title='bbox 655 1701 788 1762; x_wconf 88' lang='lat' dir='ltr'>quoque</span> <span class='ocrx_word' id='word_1_124' title='bbox 814 1679 967 1751; x_wconf 86' lang='lat' dir='ltr'>ecclesia,</span> <span class='ocrx_word' id='word_1_125' title='bbox 993 1698 1071 1740; x_wconf 92' lang='lat' dir='ltr'>nam</span> <span class='ocrx_word' id='word_1_126' title='bbox 1095 1679 1254 1741; x_wconf 82' lang='lat' dir='ltr'>ecclesia.</span> 
     </span>
     <span class='ocr_line' id='line_1_16' title="bbox 120 1772 1241 1854; baseline -0.002 -19"><span class='ocrx_word' id='word_1_127' title='bbox 120 1784 172 1835; x_wconf 91' lang='lat' dir='ltr'>est</span> <span class='ocrx_word' id='word_1_128' title='bbox 193 1775 225 1834; x_wconf 90' lang='lat' dir='ltr'>in</span> <span class='ocrx_word' id='word_1_129' title='bbox 249 1773 383 1835; x_wconf 90' lang='lat' dir='ltr'>homine</span> <span class='ocrx_word' id='word_1_130' title='bbox 403 1783 437 1836; x_wconf 91' lang='lat' dir='ltr'>et</span> <span class='ocrx_word' id='word_1_131' title='bbox 458 1794 501 1835; x_wconf 86' lang='lat' dir='ltr'>ex</span> <span class='ocrx_word' id='word_1_132' title='bbox 522 1773 712 1834; x_wconf 87' lang='lat' dir='ltr'>hominibus</span> <span class='ocrx_word' id='word_1_133' title='bbox 731 1775 762 1834; x_wconf 90' lang='lat' dir='ltr'>in</span> <span class='ocrx_word' id='word_1_134' title='bbox 787 1774 905 1854; x_wconf 91' lang='lat' dir='ltr'>quibus</span> <span class='ocrx_word' id='word_1_135' title='bbox 929 1772 1092 1834; x_wconf 86' lang='lat' dir='ltr'>ecclesia:</span> <span class='ocrx_word' id='word_1_136' title='bbox 1118 1774 1241 1834; x_wconf 85' lang='lat' dir='ltr'>immu-</span> 
     </span>
    </p>

    <p class='ocr_par' dir='ltr' id='par_1_9' title="bbox 119 1865 1257 2414">
     <span class='ocr_line' id='line_1_17' title="bbox 120 1865 1248 1947; baseline -0.001 -20"><span class='ocrx_word' id='word_1_137' title='bbox 120 1867 205 1927; x_wconf 89' lang='lat' dir='ltr'>tatio</span> <span class='ocrx_word' id='word_1_138' title='bbox 221 1876 256 1929; x_wconf 93' lang='lat' dir='ltr'>et</span> <span class='ocrx_word' id='word_1_139' title='bbox 273 1867 441 1947; x_wconf 82' lang='lat' dir='ltr'>perversio</span> <span class='ocrx_word' id='word_1_140' title='bbox 457 1865 620 1928; x_wconf 88' lang='lat' dir='ltr'>ecclesiae</span> <span class='ocrx_word' id='word_1_141' title='bbox 637 1865 843 1945; x_wconf 87' lang='lat' dir='ltr'>significatur</span> <span class='ocrx_word' id='word_1_142' title='bbox 857 1885 915 1946; x_wconf 88' lang='lat' dir='ltr'>per</span> <span class='ocrx_word' id='word_1_143' title='bbox 928 1865 1017 1946; x_wconf 91' lang='lat' dir='ltr'>quod</span> <span class='ocrx_word' id='word_1_144' title='bbox 1034 1872 1248 1927; x_wconf 77' lang='lat' dir='ltr'>“commota</span> 
     </span>
     <span class='ocr_line' id='line_1_18' title="bbox 119 1957 1251 2040; baseline -0.001 -20"><span class='ocrx_word' id='word_1_145' title='bbox 119 1961 162 2021; x_wconf 92' lang='lat' dir='ltr'>sit</span> <span class='ocrx_word' id='word_1_146' title='bbox 186 1970 275 2022; x_wconf 89' lang='lat' dir='ltr'>terra</span> <span class='ocrx_word' id='word_1_147' title='bbox 298 1972 332 2021; x_wconf 89' lang='lat' dir='ltr'>et</span> <span class='ocrx_word' id='word_1_148' title='bbox 356 1961 621 2022; x_wconf 82' lang='lat' dir='ltr'>contremuerint</span> <span class='ocrx_word' id='word_1_149' title='bbox 645 1959 728 2021; x_wconf 91' lang='lat' dir='ltr'>caeli</span> <span class='ocrx_word' id='word_1_150' title='bbox 741 1959 766 2034; x_wconf 89' lang='lat'>;”</span> <span class='ocrx_word' id='word_1_151' title='bbox 795 1979 852 2039; x_wconf 89' lang='lat' dir='ltr'>per</span> <span class='ocrx_word' id='word_1_152' title='bbox 875 1958 964 2040; x_wconf 91' lang='lat' dir='ltr'>quod</span> <span class='ocrx_word' id='word_1_153' title='bbox 989 1957 1068 2020; x_wconf 81' lang='lat' dir='ltr'>“sol</span> <span class='ocrx_word' id='word_1_154' title='bbox 1097 1968 1133 2022; x_wconf 89' lang='lat' dir='ltr'>et</span> <span class='ocrx_word' id='word_1_155' title='bbox 1161 1958 1251 2019; x_wconf 84' lang='lat' dir='ltr'>luna.</span> 
     </span>
     <span class='ocr_line' id='line_1_19' title="bbox 119 2052 1257 2134; baseline -0.002 -20"><span class='ocrx_word' id='word_1_156' title='bbox 119 2054 220 2114; x_wconf 91' lang='lat' dir='ltr'>atrati</span> <span class='ocrx_word' id='word_1_157' title='bbox 243 2054 309 2114; x_wconf 89' lang='lat' dir='ltr'>sint</span> <span class='ocrx_word' id='word_1_158' title='bbox 319 2053 333 2076; x_wconf 87' lang='grc'>”</span> <span class='ocrx_word' id='word_1_159' title='bbox 352 2052 558 2133; x_wconf 87' lang='lat' dir='ltr'>significatur</span> <span class='ocrx_word' id='word_1_160' title='bbox 577 2053 666 2134; x_wconf 91' lang='lat' dir='ltr'>quod</span> <span class='ocrx_word' id='word_1_161' title='bbox 691 2072 757 2114; x_wconf 91' lang='lat' dir='ltr'>non</span> <span class='ocrx_word' id='word_1_162' title='bbox 781 2052 906 2113; x_wconf 91' lang='lat' dir='ltr'>bonum</span> <span class='ocrx_word' id='word_1_163' title='bbox 925 2052 1048 2113; x_wconf 89' lang='lat' dir='ltr'>amoris</span> <span class='ocrx_word' id='word_1_164' title='bbox 1066 2061 1103 2113; x_wconf 89' lang='lat' dir='ltr'>et</span> <span class='ocrx_word' id='word_1_165' title='bbox 1123 2062 1257 2114; x_wconf 75' lang='lat' dir='ltr'>verum·</span> 
     </span>
     <span class='ocr_line' id='line_1_20' title="bbox 120 2142 1253 2228; baseline 0 -22"><span class='ocrx_word' id='word_1_166' title='bbox 120 2145 216 2221; x_wconf 84' lang='lat' dir='ltr'>fidei;</span> <span class='ocrx_word' id='word_1_167' title='bbox 240 2157 274 2209; x_wconf 93' lang='lat' dir='ltr'>et</span> <span class='ocrx_word' id='word_1_168' title='bbox 292 2167 349 2227; x_wconf 93' lang='lat' dir='ltr'>per</span> <span class='ocrx_word' id='word_1_169' title='bbox 365 2147 454 2228; x_wconf 92' lang='lat' dir='ltr'>quod</span> <span class='ocrx_word' id='word_1_170' title='bbox 471 2145 618 2208; x_wconf 89' lang='lat' dir='ltr'>“stellae</span> <span class='ocrx_word' id='word_1_171' title='bbox 636 2146 869 2207; x_wconf 85' lang='lat' dir='ltr'>contraxerint</span> <span class='ocrx_word' id='word_1_172' title='bbox 886 2144 1101 2226; x_wconf 88' lang='lat' dir='ltr'>splendorem</span> <span class='ocrx_word' id='word_1_173' title='bbox 1120 2142 1253 2206; x_wconf 60' lang='lat' dir='ltr'>suum*</span> 
     </span>
     <span class='ocr_line' id='line_1_21' title="bbox 119 2239 1249 2321; baseline 0.001 -21"><span class='ocrx_word' id='word_1_174' title='bbox 119 2239 325 2319; x_wconf 87' lang='lat' dir='ltr'>significatur</span> <span class='ocrx_word' id='word_1_175' title='bbox 348 2241 437 2321; x_wconf 93' lang='lat' dir='ltr'>quod</span> <span class='ocrx_word' id='word_1_176' title='bbox 464 2260 531 2301; x_wconf 95' lang='lat' dir='ltr'>non</span> <span class='ocrx_word' id='word_1_177' title='bbox 555 2239 698 2321; x_wconf 90' lang='lat' dir='ltr'>amplius</span> <span class='ocrx_word' id='word_1_178' title='bbox 721 2239 851 2320; x_wconf 87' lang='lat' dir='ltr'>aliquae</span> <span class='ocrx_word' id='word_1_179' title='bbox 873 2240 1087 2319; x_wconf 80' lang='lat' dir='ltr'>cognitiones</span> <span class='ocrx_word' id='word_1_180' title='bbox 1112 2240 1182 2301; x_wconf 90' lang='lat' dir='ltr'>veri</span> <span class='ocrx_word' id='word_1_181' title='bbox 1205 2246 1249 2302; x_wconf 82' lang='lat' dir='ltr'>et.</span> 
     </span>
     <span class='ocr_line' id='line_1_22' title="bbox 121 2332 528 2414; baseline 0 -21"><span class='ocrx_word' id='word_1_182' title='bbox 121 2332 209 2394; x_wconf 92' lang='lat' dir='ltr'>boni.</span> <span class='ocrx_word' id='word_1_183' title='bbox 255 2332 357 2414; x_wconf 88' lang='lat' dir='ltr'>Apud</span> <span class='ocrx_word' id='word_1_184' title='bbox 377 2332 528 2405; x_wconf 81' lang='lat' dir='ltr'>Esaiam,</span> 
     </span>
    </p>
   </div>
   <div class='ocr_carea' id='block_1_5' title="bbox 169 2465 1255 2661">
    <p class='ocr_par' dir='ltr' id='par_1_10' title="bbox 169 2465 1255 2661">
     <span class='ocr_line' id='line_1_23' title="bbox 169 2465 1255 2525; baseline -0.001 -12"><span class='ocrx_word' id='word_1_185' title='bbox 169 2465 295 2513; x_wconf 82' lang='lat' dir='ltr'>“Rarum</span> <span class='ocrx_word' id='word_1_186' title='bbox 307 2466 414 2514; x_wconf 87' lang='lat' dir='ltr'>reddam</span> <span class='ocrx_word' id='word_1_187' title='bbox 426 2466 510 2513; x_wconf 89' lang='lat' dir='ltr'>virum</span> <span class='ocrx_word' id='word_1_188' title='bbox 524 2466 660 2512; x_wconf 89' lang='lat' dir='ltr'>hominem</span> <span class='ocrx_word' id='word_1_189' title='bbox 672 2479 735 2525; x_wconf 90' lang='lat' dir='ltr'>prae</span> <span class='ocrx_word' id='word_1_190' title='bbox 744 2479 809 2512; x_wconf 77' lang='lat' dir='ltr'>auro</span> <span class='ocrx_word' id='word_1_191' title='bbox 820 2479 887 2525; x_wconf 90' lang='lat' dir='ltr'>puro</span> <span class='ocrx_word' id='word_1_192' title='bbox 897 2479 914 2520; x_wconf 83' lang='grc' dir='ltr'>ς.</span> <span class='ocrx_word' id='word_1_193' title='bbox 926 2501 931 2512; x_wconf 92' lang='grc'><strong>.</strong></span> <span class='ocrx_word' id='word_1_194' title='bbox 941 2502 947 2512; x_wconf 91' lang='grc'><strong>.</strong></span> <span class='ocrx_word' id='word_1_195' title='bbox 958 2473 1114 2525; x_wconf 78' lang='lat' dir='ltr'>‚propterea</span> <span class='ocrx_word' id='word_1_196' title='bbox 1122 2479 1255 2513; x_wconf 78' lang='lat' dir='ltr'>commo-</span> 
     </span>
     <span class='ocr_line' id='line_1_24' title="bbox 249 2529 1252 2591; baseline 0.001 -14"><span class='ocrx_word' id='word_1_197' title='bbox 249 2533 317 2578; x_wconf 87' lang='lat' dir='ltr'>vebo</span> <span class='ocrx_word' id='word_1_198' title='bbox 335 2531 445 2585; x_wconf 83' lang='lat' dir='ltr'>caelum,</span> <span class='ocrx_word' id='word_1_199' title='bbox 460 2541 486 2577; x_wconf 88' lang='lat' dir='ltr'>et</span> <span class='ocrx_word' id='word_1_200' title='bbox 504 2531 716 2578; x_wconf 83' lang='lat' dir='ltr'>commovebitur</span> <span class='ocrx_word' id='word_1_201' title='bbox 735 2540 804 2577; x_wconf 88' lang='lat' dir='ltr'>terra</span> <span class='ocrx_word' id='word_1_202' title='bbox 822 2545 836 2577; x_wconf 88' lang='lat' dir='ltr'>e</span> <span class='ocrx_word' id='word_1_203' title='bbox 855 2529 914 2577; x_wconf 90' lang='lat' dir='ltr'>loco</span> <span class='ocrx_word' id='word_1_204' title='bbox 932 2544 989 2584; x_wconf 83' lang='lat' dir='ltr'>suo.</span> <span class='ocrx_word' id='word_1_205' title='bbox 1006 2529 1033 2576; x_wconf 92' lang='lat' dir='ltr'>in</span> <span class='ocrx_word' id='word_1_206' title='bbox 1053 2529 1252 2591; x_wconf 82' lang='lat' dir='ltr'>indignatione</span> 
     </span>
     <span class='ocr_line' id='line_1_25' title="bbox 249 2593 1217 2661; baseline 0.002 -19"><span class='ocrx_word' id='word_1_207' title='bbox 249 2594 367 2658; x_wconf 76' lang='lat' dir='ltr'>jehovae</span> <span class='ocrx_word' id='word_1_208' title='bbox 379 2595 505 2652; x_wconf 83' lang='lat' dir='ltr'>Zebaotb,</span> <span class='ocrx_word' id='word_1_209' title='bbox 520 2596 547 2642; x_wconf 95' lang='lat' dir='ltr'>in</span> <span class='ocrx_word' id='word_1_210' title='bbox 560 2596 602 2642; x_wconf 88' lang='lat' dir='ltr'>die</span> <span class='ocrx_word' id='word_1_211' title='bbox 614 2595 851 2661; x_wconf 82' lang='lat' dir='ltr'>excandescentiae</span> <span class='ocrx_word' id='word_1_212' title='bbox 864 2596 918 2643; x_wconf 89' lang='lat' dir='ltr'>irae</span> <span class='ocrx_word' id='word_1_213' title='bbox 932 2594 997 2655; x_wconf 82' lang='lat' dir='ltr'>Ejus</span> <span class='ocrx_word' id='word_1_214' title='bbox 1005 2593 1018 2612; x_wconf 90' lang='lat'>&#39;’</span> <span class='ocrx_word' id='word_1_215' title='bbox 1030 2595 1098 2653; x_wconf 74' lang='lat' dir='ltr'>lxiii.</span> <span class='ocrx_word' id='word_1_216' title='bbox 1111 2607 1149 2652; x_wconf 84' lang='lat'>12,</span> <span class='ocrx_word' id='word_1_217' title='bbox 1163 2598 1217 2654; x_wconf 82' lang='lat'>13):</span> 
     </span>
    </p>
   </div>
   <div class='ocr_carea' id='block_1_6' title="bbox 117 2717 1261 4288">
    <p class='ocr_par' dir='ltr' id='par_1_11' title="bbox 117 2717 1261 4288">
     <span class='ocr_line' id='line_1_26' title="bbox 119 2717 1250 2800; baseline 0.001 -19"><span class='ocrx_word' id='word_1_218' title='bbox 119 2739 177 2800; x_wconf 88' lang='lat' dir='ltr'>per</span> <span class='ocrx_word' id='word_1_219' title='bbox 187 2720 314 2781; x_wconf 90' lang='lat' dir='ltr'>“virum</span> <span class='ocrx_word' id='word_1_220' title='bbox 325 2719 495 2781; x_wconf 91' lang='lat' dir='ltr'>hominem</span> <span class='ocrx_word' id='word_1_221' title='bbox 506 2718 729 2799; x_wconf 83' lang='lat' dir='ltr'>”intelligitur</span> <span class='ocrx_word' id='word_1_222' title='bbox 739 2717 975 2798; x_wconf 84' lang='lat' dir='ltr'>intelligentia,</span> <span class='ocrx_word' id='word_1_223' title='bbox 985 2727 1019 2780; x_wconf 93' lang='lat' dir='ltr'>et</span> <span class='ocrx_word' id='word_1_224' title='bbox 1031 2737 1091 2799; x_wconf 90' lang='lat' dir='ltr'>per</span> <span class='ocrx_word' id='word_1_225' title='bbox 1101 2725 1250 2782; x_wconf 84' lang='lat' dir='ltr'>“rarum</span> 
     </span>
     <span class='ocr_line' id='line_1_27' title="bbox 119 2810 1252 2893; baseline 0.001 -20"><span class='ocrx_word' id='word_1_226' title='bbox 119 2813 258 2874; x_wconf 90' lang='lat' dir='ltr'>reddere</span> <span class='ocrx_word' id='word_1_227' title='bbox 276 2812 367 2873; x_wconf 91' lang='lat' dir='ltr'>illum</span> <span class='ocrx_word' id='word_1_228' title='bbox 385 2833 463 2893; x_wconf 87' lang='lat' dir='ltr'>prae</span> <span class='ocrx_word' id='word_1_229' title='bbox 476 2821 556 2873; x_wconf 89' lang='lat' dir='ltr'>auro</span> <span class='ocrx_word' id='word_1_230' title='bbox 574 2812 678 2892; x_wconf 84' lang='lat' dir='ltr'>puro&#39;’</span> <span class='ocrx_word' id='word_1_231' title='bbox 692 2811 891 2892; x_wconf 87' lang='lat' dir='ltr'>intelligitur</span> <span class='ocrx_word' id='word_1_232' title='bbox 904 2811 993 2893; x_wconf 88' lang='lat' dir='ltr'>quod</span> <span class='ocrx_word' id='word_1_233' title='bbox 1012 2810 1252 2892; x_wconf 81' lang='lat' dir='ltr'>intelligentia</span> 
     </span>
     <span class='ocr_line' id='line_1_28' title="bbox 118 2903 1249 2986; baseline 0.001 -20"><span class='ocrx_word' id='word_1_234' title='bbox 118 2906 175 2966; x_wconf 93' lang='lat' dir='ltr'>vix</span> <span class='ocrx_word' id='word_1_235' title='bbox 196 2905 357 2986; x_wconf 89' lang='lat' dir='ltr'>amplius;</span> <span class='ocrx_word' id='word_1_236' title='bbox 382 2926 439 2985; x_wconf 92' lang='lat' dir='ltr'>per</span> <span class='ocrx_word' id='word_1_237' title='bbox 455 2904 706 2984; x_wconf 68' lang='lat' dir='ltr'>intelligentiam</span> <span class='ocrx_word' id='word_1_238' title='bbox 725 2904 926 2983; x_wconf 87' lang='lat' dir='ltr'>intelligitur</span> <span class='ocrx_word' id='word_1_239' title='bbox 944 2903 1177 2985; x_wconf 85' lang='lat' dir='ltr'>intelligentia</span> <span class='ocrx_word' id='word_1_240' title='bbox 1196 2925 1249 2967; x_wconf 77' lang='lat' dir='ltr'>ex</span> 
     </span>
     <span class='ocr_line' id='line_1_29' title="bbox 119 2996 1250 3078; baseline 0.001 -19"><span class='ocrx_word' id='word_1_241' title='bbox 119 2999 215 3071; x_wconf 88' lang='lat' dir='ltr'>veris,</span> <span class='ocrx_word' id='word_1_242' title='bbox 241 3017 317 3059; x_wconf 91' lang='lat' dir='ltr'>nam</span> <span class='ocrx_word' id='word_1_243' title='bbox 346 3019 390 3059; x_wconf 89' lang='lat' dir='ltr'>ex</span> <span class='ocrx_word' id='word_1_244' title='bbox 417 2998 503 3058; x_wconf 86' lang='lat' dir='ltr'>veris</span> <span class='ocrx_word' id='word_1_245' title='bbox 531 3011 583 3059; x_wconf 91' lang='lat' dir='ltr'>est</span> <span class='ocrx_word' id='word_1_246' title='bbox 612 2999 720 3059; x_wconf 89' lang='lat' dir='ltr'>omnis</span> <span class='ocrx_word' id='word_1_247' title='bbox 748 2996 995 3076; x_wconf 88' lang='lat' dir='ltr'>intelligentia:</span> <span class='ocrx_word' id='word_1_248' title='bbox 1029 3004 1250 3078; x_wconf 78' lang='lat' dir='ltr'>“propterea</span> 
     </span>
     <span class='ocr_line' id='line_1_30' title="bbox 118 3088 1252 3164; baseline 0 -11"><span class='ocrx_word' id='word_1_249' title='bbox 118 3092 341 3153; x_wconf 90' lang='lat' dir='ltr'>commovebo</span> <span class='ocrx_word' id='word_1_250' title='bbox 364 3091 506 3163; x_wconf 87' lang='lat' dir='ltr'>caelum,</span> <span class='ocrx_word' id='word_1_251' title='bbox 530 3102 565 3153; x_wconf 91' lang='lat' dir='ltr'>et</span> <span class='ocrx_word' id='word_1_252' title='bbox 593 3089 861 3153; x_wconf 91' lang='lat' dir='ltr'>commovebitur</span> <span class='ocrx_word' id='word_1_253' title='bbox 884 3100 973 3151; x_wconf 92' lang='lat' dir='ltr'>terra</span> <span class='ocrx_word' id='word_1_254' title='bbox 999 3110 1017 3152; x_wconf 94' lang='lat' dir='ltr'>e</span> <span class='ocrx_word' id='word_1_255' title='bbox 1046 3088 1124 3152; x_wconf 92' lang='lat' dir='ltr'>loco</span> <span class='ocrx_word' id='word_1_256' title='bbox 1151 3088 1252 3164; x_wconf 86' lang='lat' dir='ltr'>suo,&#39;&#39;</span> 
     </span>
     <span class='ocr_line' id='line_1_31' title="bbox 119 3181 1246 3265; baseline 0.002 -21"><span class='ocrx_word' id='word_1_257' title='bbox 119 3183 285 3264; x_wconf 84' lang='lat' dir='ltr'>significat</span> <span class='ocrx_word' id='word_1_258' title='bbox 303 3184 392 3265; x_wconf 91' lang='lat' dir='ltr'>quod</span> <span class='ocrx_word' id='word_1_259' title='bbox 409 3184 607 3264; x_wconf 88' lang='lat' dir='ltr'>dissipatum</span> <span class='ocrx_word' id='word_1_260' title='bbox 625 3185 667 3246; x_wconf 92' lang='lat' dir='ltr'>sit</span> <span class='ocrx_word' id='word_1_261' title='bbox 685 3184 809 3244; x_wconf 92' lang='lat' dir='ltr'>bonum</span> <span class='ocrx_word' id='word_1_262' title='bbox 827 3184 949 3244; x_wconf 91' lang='lat' dir='ltr'>amoris</span> <span class='ocrx_word' id='word_1_263' title='bbox 966 3191 1000 3244; x_wconf 93' lang='lat' dir='ltr'>et</span> <span class='ocrx_word' id='word_1_264' title='bbox 1017 3203 1134 3246; x_wconf 91' lang='lat' dir='ltr'>verum</span> <span class='ocrx_word' id='word_1_265' title='bbox 1152 3181 1246 3256; x_wconf 86' lang='lat' dir='ltr'>fidei,</span> 
     </span>
     <span class='ocr_line' id='line_1_32' title="bbox 118 3275 1251 3358; baseline 0.001 -20"><span class='ocrx_word' id='word_1_266' title='bbox 118 3288 153 3339; x_wconf 93' lang='lat' dir='ltr'>et</span> <span class='ocrx_word' id='word_1_267' title='bbox 170 3277 259 3358; x_wconf 91' lang='lat' dir='ltr'>quod</span> <span class='ocrx_word' id='word_1_268' title='bbox 276 3277 385 3339; x_wconf 91' lang='lat' dir='ltr'>cultus</span> <span class='ocrx_word' id='word_1_269' title='bbox 402 3278 434 3338; x_wconf 94' lang='lat' dir='ltr'>in</span> <span class='ocrx_word' id='word_1_270' title='bbox 451 3278 602 3339; x_wconf 88' lang='lat' dir='ltr'>externis</span> <span class='ocrx_word' id='word_1_271' title='bbox 619 3277 716 3351; x_wconf 90' lang='lat' dir='ltr'>inde;</span> <span class='ocrx_word' id='word_1_272' title='bbox 742 3296 800 3356; x_wconf 91' lang='lat' dir='ltr'>per</span> <span class='ocrx_word' id='word_1_273' title='bbox 815 3282 834 3306; x_wconf 88' lang='lat'>“</span> <span class='ocrx_word' id='word_1_274' title='bbox 846 3275 999 3337; x_wconf 88' lang='lat' dir='ltr'>caelum’&#39;</span> <span class='ocrx_word' id='word_1_275' title='bbox 1013 3285 1047 3337; x_wconf 94' lang='lat' dir='ltr'>et</span> <span class='ocrx_word' id='word_1_276' title='bbox 1062 3275 1251 3339; x_wconf 81' lang='lat' dir='ltr'>“terram’&#39;</span> 
     </span>
     <span class='ocr_line' id='line_1_33' title="bbox 118 3369 1248 3450; baseline 0.002 -19"><span class='ocrx_word' id='word_1_277' title='bbox 118 3369 323 3450; x_wconf 84' lang='lat' dir='ltr'>significatur</span> <span class='ocrx_word' id='word_1_278' title='bbox 347 3371 399 3432; x_wconf 91' lang='lat' dir='ltr'>hic</span> <span class='ocrx_word' id='word_1_279' title='bbox 424 3381 459 3432; x_wconf 92' lang='lat' dir='ltr'>ut</span> <span class='ocrx_word' id='word_1_280' title='bbox 484 3390 583 3450; x_wconf 90' lang='lat' dir='ltr'>supra</span> <span class='ocrx_word' id='word_1_281' title='bbox 607 3371 774 3431; x_wconf 90' lang='lat' dir='ltr'>internum</span> <span class='ocrx_word' id='word_1_282' title='bbox 798 3379 832 3431; x_wconf 87' lang='lat' dir='ltr'>et</span> <span class='ocrx_word' id='word_1_283' title='bbox 854 3379 1033 3431; x_wconf 89' lang='lat' dir='ltr'>externum</span> <span class='ocrx_word' id='word_1_284' title='bbox 1054 3369 1248 3447; x_wconf 87' lang='lat' dir='ltr'>ecclesiae;</span> 
     </span>
     <span class='ocr_line' id='line_1_34' title="bbox 118 3461 1250 3536; baseline 0.003 -12"><span class='ocrx_word' id='word_1_285' title='bbox 118 3465 285 3526; x_wconf 88' lang='lat' dir='ltr'>internum</span> <span class='ocrx_word' id='word_1_286' title='bbox 310 3463 472 3525; x_wconf 90' lang='lat' dir='ltr'>ecclesiae</span> <span class='ocrx_word' id='word_1_287' title='bbox 501 3474 553 3525; x_wconf 94' lang='lat' dir='ltr'>est</span> <span class='ocrx_word' id='word_1_288' title='bbox 581 3463 705 3524; x_wconf 90' lang='lat' dir='ltr'>bonum</span> <span class='ocrx_word' id='word_1_289' title='bbox 729 3462 852 3524; x_wconf 91' lang='lat' dir='ltr'>amoris</span> <span class='ocrx_word' id='word_1_290' title='bbox 875 3473 909 3523; x_wconf 91' lang='lat' dir='ltr'>et</span> <span class='ocrx_word' id='word_1_291' title='bbox 937 3461 1063 3523; x_wconf 88' lang='lat' dir='ltr'>bonum</span> <span class='ocrx_word' id='word_1_292' title='bbox 1091 3461 1182 3536; x_wconf 88' lang='lat' dir='ltr'>fidei,</span> <span class='ocrx_word' id='word_1_293' title='bbox 1206 3473 1250 3527; x_wconf 87' lang='lat' dir='ltr'>et:</span> 
     </span>
     <span class='ocr_line' id='line_1_35' title="bbox 118 3554 1250 3636; baseline 0.001 -17"><span class='ocrx_word' id='word_1_294' title='bbox 118 3568 298 3619; x_wconf 87' lang='lat' dir='ltr'>externum</span> <span class='ocrx_word' id='word_1_295' title='bbox 327 3556 395 3636; x_wconf 88' lang='lat' dir='ltr'>ejus</span> <span class='ocrx_word' id='word_1_296' title='bbox 423 3566 474 3619; x_wconf 90' lang='lat' dir='ltr'>est</span> <span class='ocrx_word' id='word_1_297' title='bbox 503 3555 612 3618; x_wconf 88' lang='lat' dir='ltr'>cultus</span> <span class='ocrx_word' id='word_1_298' title='bbox 639 3556 727 3628; x_wconf 86' lang='lat' dir='ltr'>inde,</span> <span class='ocrx_word' id='word_1_299' title='bbox 758 3575 834 3616; x_wconf 85' lang='lat' dir='ltr'>narn</span> <span class='ocrx_word' id='word_1_300' title='bbox 862 3554 961 3635; x_wconf 90' lang='lat' dir='ltr'>quale</span> <span class='ocrx_word' id='word_1_301' title='bbox 989 3566 1041 3617; x_wconf 88' lang='lat' dir='ltr'>est</span> <span class='ocrx_word' id='word_1_302' title='bbox 1069 3557 1250 3620; x_wconf 84' lang='lat' dir='ltr'>internum</span> 
     </span>
     <span class='ocr_line' id='line_1_36' title="bbox 119 3647 1252 3728; baseline 0.001 -16"><span class='ocrx_word' id='word_1_303' title='bbox 119 3650 262 3712; x_wconf 90' lang='lat' dir='ltr'>hominis</span> <span class='ocrx_word' id='word_1_304' title='bbox 279 3649 441 3712; x_wconf 89' lang='lat' dir='ltr'>ecclesiae</span> <span class='ocrx_word' id='word_1_305' title='bbox 461 3649 530 3710; x_wconf 88' lang='lat' dir='ltr'>tale</span> <span class='ocrx_word' id='word_1_306' title='bbox 549 3660 601 3710; x_wconf 90' lang='lat' dir='ltr'>est</span> <span class='ocrx_word' id='word_1_307' title='bbox 621 3659 800 3710; x_wconf 87' lang='lat' dir='ltr'>externum</span> <span class='ocrx_word' id='word_1_308' title='bbox 821 3647 911 3728; x_wconf 90' lang='lat' dir='ltr'>ejus;</span> <span class='ocrx_word' id='word_1_309' title='bbox 935 3647 999 3710; x_wconf 91' lang='lat' dir='ltr'>hoc</span> <span class='ocrx_word' id='word_1_310' title='bbox 1019 3667 1087 3710; x_wconf 93' lang='lat' dir='ltr'>non</span> <span class='ocrx_word' id='word_1_311' title='bbox 1105 3649 1252 3714; x_wconf 83' lang='lat' dir='ltr'>aliunde</span> 
     </span>
     <span class='ocr_line' id='line_1_37' title="bbox 119 3740 1254 3824; baseline 0.001 -19"><span class='ocrx_word' id='word_1_312' title='bbox 119 3744 271 3824; x_wconf 89' lang='lat' dir='ltr'>procedit</span> <span class='ocrx_word' id='word_1_313' title='bbox 287 3762 387 3824; x_wconf 91' lang='lat' dir='ltr'>quam</span> <span class='ocrx_word' id='word_1_314' title='bbox 406 3764 449 3804; x_wconf 87' lang='lat' dir='ltr'>ex</span> <span class='ocrx_word' id='word_1_315' title='bbox 470 3744 626 3818; x_wconf 90' lang='lat' dir='ltr'>interno;</span> <span class='ocrx_word' id='word_1_316' title='bbox 651 3742 776 3822; x_wconf 89' lang='lat' dir='ltr'>absque</span> <span class='ocrx_word' id='word_1_317' title='bbox 796 3742 859 3803; x_wconf 91' lang='lat' dir='ltr'>hoc</span> <span class='ocrx_word' id='word_1_318' title='bbox 880 3752 932 3803; x_wconf 92' lang='lat' dir='ltr'>est</span> <span class='ocrx_word' id='word_1_319' title='bbox 948 3740 1059 3803; x_wconf 92' lang='lat' dir='ltr'>cultus</span> <span class='ocrx_word' id='word_1_320' title='bbox 1075 3754 1254 3806; x_wconf 78' lang='lat' dir='ltr'>externus</span> 
     </span>
     <span class='ocr_line' id='line_1_38' title="bbox 117 3836 1252 3917; baseline 0.002 -20"><span class='ocrx_word' id='word_1_321' title='bbox 117 3837 331 3907; x_wconf 86' lang='lat' dir='ltr'>inanimatus,</span> <span class='ocrx_word' id='word_1_322' title='bbox 349 3845 382 3897; x_wconf 92' lang='lat' dir='ltr'>et</span> <span class='ocrx_word' id='word_1_323' title='bbox 400 3857 468 3896; x_wconf 85' lang='lat' dir='ltr'>vox</span> <span class='ocrx_word' id='word_1_324' title='bbox 487 3836 613 3916; x_wconf 89' lang='lat' dir='ltr'>absque</span> <span class='ocrx_word' id='word_1_325' title='bbox 629 3836 756 3916; x_wconf 86' lang='lat' dir='ltr'>spiritu,</span> <span class='ocrx_word' id='word_1_326' title='bbox 774 3845 807 3896; x_wconf 91' lang='lat' dir='ltr'>et</span> <span class='ocrx_word' id='word_1_327' title='bbox 828 3836 993 3915; x_wconf 89' lang='lat' dir='ltr'>cogitatio</span> <span class='ocrx_word' id='word_1_328' title='bbox 1012 3856 1056 3896; x_wconf 86' lang='lat' dir='ltr'>ex</span> <span class='ocrx_word' id='word_1_329' title='bbox 1074 3856 1141 3917; x_wconf 91' lang='lat' dir='ltr'>qua</span> <span class='ocrx_word' id='word_1_330' title='bbox 1158 3859 1252 3907; x_wconf 84' lang='lat' dir='ltr'>vox,</span> 
     </span>
     <span class='ocr_line' id='line_1_39' title="bbox 118 3928 1259 4009; baseline -0.001 -18"><span class='ocrx_word' id='word_1_331' title='bbox 118 3949 157 3991; x_wconf 90' lang='lat' dir='ltr'>ac</span> <span class='ocrx_word' id='word_1_332' title='bbox 181 3928 339 3990; x_wconf 92' lang='lat' dir='ltr'>voluntas</span> <span class='ocrx_word' id='word_1_333' title='bbox 366 3950 410 3991; x_wconf 88' lang='lat' dir='ltr'>ex</span> <span class='ocrx_word' id='word_1_334' title='bbox 438 3949 503 4008; x_wconf 91' lang='lat' dir='ltr'>qua</span> <span class='ocrx_word' id='word_1_335' title='bbox 529 3939 656 4008; x_wconf 86' lang='lat' dir='ltr'>gestus,</span> <span class='ocrx_word' id='word_1_336' title='bbox 681 3929 807 4009; x_wconf 91' lang='lat' dir='ltr'>absque</span> <span class='ocrx_word' id='word_1_337' title='bbox 831 3929 919 4002; x_wconf 89' lang='lat' dir='ltr'>vita;</span> <span class='ocrx_word' id='word_1_338' title='bbox 948 3948 1024 3990; x_wconf 91' lang='lat' dir='ltr'>nam</span> <span class='ocrx_word' id='word_1_339' title='bbox 1054 3948 1124 3990; x_wconf 93' lang='lat' dir='ltr'>non</span> <span class='ocrx_word' id='word_1_340' title='bbox 1151 3931 1259 3992; x_wconf 82' lang='lat' dir='ltr'>inest</span> 
     </span>
     <span class='ocr_line' id='line_1_40' title="bbox 118 4020 1259 4103; baseline 0.003 -21"><span class='ocrx_word' id='word_1_341' title='bbox 118 4021 290 4103; x_wconf 88' lang='lat' dir='ltr'>spirituale</span> <span class='ocrx_word' id='word_1_342' title='bbox 314 4043 357 4083; x_wconf 91' lang='lat' dir='ltr'>ex</span> <span class='ocrx_word' id='word_1_343' title='bbox 382 4042 448 4103; x_wconf 92' lang='lat' dir='ltr'>quo</span> <span class='ocrx_word' id='word_1_344' title='bbox 472 4022 559 4083; x_wconf 89' lang='lat' dir='ltr'>vita:</span> <span class='ocrx_word' id='word_1_345' title='bbox 584 4020 662 4102; x_wconf 89' lang='lat' dir='ltr'>quid</span> <span class='ocrx_word' id='word_1_346' title='bbox 686 4042 744 4101; x_wconf 93' lang='lat' dir='ltr'>per</span> <span class='ocrx_word' id='word_1_347' title='bbox 768 4022 1065 4101; x_wconf 87' lang='lat' dir='ltr'>“indignationem</span> <span class='ocrx_word' id='word_1_348' title='bbox 1088 4021 1259 4102; x_wconf 78' lang='lat' dir='ltr'>Jehovae</span> 
     </span>
     <span class='ocr_line' id='line_1_41' title="bbox 118 4113 1261 4198; baseline 0 -20"><span class='ocrx_word' id='word_1_349' title='bbox 118 4127 153 4178; x_wconf 91' lang='lat' dir='ltr'>et</span> <span class='ocrx_word' id='word_1_350' title='bbox 169 4115 491 4178; x_wconf 87' lang='lat' dir='ltr'>excandescentiam</span> <span class='ocrx_word' id='word_1_351' title='bbox 508 4115 575 4176; x_wconf 91' lang='lat' dir='ltr'>irae</span> <span class='ocrx_word' id='word_1_352' title='bbox 593 4113 695 4193; x_wconf 86' lang='lat' dir='ltr'>Ejus&#39;&#39;</span> <span class='ocrx_word' id='word_1_353' title='bbox 708 4114 924 4194; x_wconf 84' lang='lat' dir='ltr'>significatur,</span> <span class='ocrx_word' id='word_1_354' title='bbox 938 4115 1068 4177; x_wconf 89' lang='lat' dir='ltr'>dicetur</span> <span class='ocrx_word' id='word_1_355' title='bbox 1081 4116 1114 4177; x_wconf 92' lang='lat' dir='ltr'>in</span> <span class='ocrx_word' id='word_1_356' title='bbox 1128 4117 1261 4198; x_wconf 67' lang='lat' dir='ltr'>expli0</span> 
     </span>
     <span class='ocr_line' id='line_1_42' title="bbox 118 4206 972 4288; baseline -0.002 -17"><span class='ocrx_word' id='word_1_357' title='bbox 118 4211 252 4272; x_wconf 90' lang='lat' dir='ltr'>catione</span> <span class='ocrx_word' id='word_1_358' title='bbox 271 4209 313 4270; x_wconf 90' lang='lat' dir='ltr'>ad</span> <span class='ocrx_word' id='word_1_359' title='bbox 333 4227 464 4270; x_wconf 90' lang='lat' dir='ltr'>versum</span> <span class='ocrx_word' id='word_1_360' title='bbox 489 4222 535 4287; x_wconf 86' lang='lat'>17,</span> <span class='ocrx_word' id='word_1_361' title='bbox 555 4206 648 4269; x_wconf 84' lang='lat' dir='ltr'>inira.</span> <span class='ocrx_word' id='word_1_362' title='bbox 693 4206 796 4288; x_wconf 90' lang='lat' dir='ltr'>Apud</span> <span class='ocrx_word' id='word_1_363' title='bbox 815 4209 972 4282; x_wconf 89' lang='lat' dir='ltr'>eundem,</span> 
     </span>
    </p>
   </div>
   <div class='ocr_carea' id='block_1_7' title="bbox 0 0 1364 4986">
    <p class='ocr_par' dir='ltr' id='par_1_12' title="bbox 0 0 1364 4986">
     <span class='ocr_line' id='line_1_43' title="bbox 0 0 1364 4986; baseline 0 0"><span class='ocrx_word' id='word_1_364' title='bbox 0 0 1364 4986; x_wconf 95' lang='lat' dir='ltr'> </span> 
     </span>
    </p>
   </div>
  </div>
 </body>
</html>
