2684 4988
114 479 194 528 1220
420 477 671 529 APOCALYPSIS
695 478 922 530 EXPLICATA.

142 645 167 698 6.
191 646 239 700 ‘lt
254 651 354 725 septem
371 646 459 714 angeli
467 646 597 727 ¹irritante·
612 651 713 727 antony
730 647 808 701 tuboe
822 652 955 715 pamm
970 663 1000 701 aa
1018 652 1047 700 ut
1061 640 1189 715 eumn&

240 713 361 846 {ignibat
379 723 527 765 mutaswncs
544 732 573 766 an
588 732 633 766 suo
649 717 738 764 ordine
753 717 878 765 oriundas
888 725 939 782 per
949 718 1063 783 rostrum
1076 733 1087 764 e
1100 716 1149 764 cuir
1162 713 1189 780 [u.

168 917 274 998 4⁹⁶·
297 932 376 990 [νινε.
392 932 425 991 5.]
448 917 515 980 ‘fr
534 918 658 998 recepit
680 919 811 999 eupales
835 918 1029 990 thuribulum,
1050 923 1080 980 ot
1098 913 1191 996 inplevit

109 1005 187 1068 iuer
200 1007 238 1068 de
254 1006 325 1088 ipae
339 1006 626 1088 ulturir.''-—Quod
645 1006 817 1088 significet
832 1008 1085 1090 conjunliionem
1097 1004 1189 1069 amoris

109 1097 258 1161 caelestis
270 1107 302 1160 et
316 1098 440 1161 amoris
453 1099 656 1179 spiritualis,
671 1110 809 1163 constat
825 1120 845 1162 a
857 1098 1101 1180 significatione
1113 1096 1189 1159 “thu-

110 1189 239 1264 ribuli,”
261 1190 352 1271 quod
374 1191 418 1252 sit
442 1191 570 1253 bonurn
592 1191 769 1273 spirituale
791 1208 833 1264 (oe
846 1220 895 1264 qua
908 1220 990 1265 supra,
1005 1221 1029 1253 n.
1042 1206 1119 1270 491),
1135 1188 1189 1250 inde

111 1283 215 1346 etiam
233 1302 329 1345 amor
346 1283 541 1364 spiritualis,
561 1286 719 1365 quoniam
739 1303 840 1346 omne
864 1284 992 1346 bonum
1015 1294 1066 1346 est
1083 1282 1188 1351 amoris;

111 1387 146 1440 et
163 1397 208 1439 ex
224 1376 473 1457 significatione
491 1379 606 1458 “ignis
622 1377 769 1452 altaris‚”
782 1378 872 1459 quod
888 1379 933 1440 sit
951 1397 1047 1440 amor
1061 1375 1188 1442 caelestis,

112 1491 170 1552 per
190 1471 333 1551 “ignem
342 1470 357 1493 ''
376 1472 466 1534 enirn
489 1472 522 1533 in
544 1471 660 1535 Verbo
682 1470 892 1552 significatur
914 1491 1013 1535 amor
1035 1474 1066 1535 in
1085 1481 1189 1549 utroque

112 1584 222 1637 sensu,
240 1584 362 1647 nempe
381 1585 476 1629 amor
495 1565 654 1630 caelestis
673 1576 708 1629 et
727 1584 823 1628 amor
841 1566 1025 1629 infernalis.
1068 1565 1121 1628 Per
1135 1563 1189 1640 “ig-

113 1678 190 1722 nem
213 1659 330 1722 altaris
338 1660 353 1683 ”
372 1659 582 1740 significatur
600 1680 695 1723 amor
713 1659 883 1733 caelestis,
902 1663 982 1743 quia
1003 1661 1104 1723 altare
1122 1655 1189 1720 holo·

112 1755 231 1826 causti,
256 1774 355 1834 super
377 1775 445 1835 quo
472 1755 559 1834 ignis
584 1765 668 1828 erat,
692 1754 877 1835 principale
903 1753 1190 1836 repraesentativum

113 1845 225 1908 cultus
248 1845 387 1906 Domini
408 1866 453 1907 ex
476 1845 537 1907 illo
559 1865 675 1908 amore
697 1845 759 1907 suit
782 1862 902 1918 (videatur
915 1875 997 1919 supra,
1011 1860 1123 1926 n.49o).
1157 1836 1190 1901 Et

113 1939 189 2020 quia
205 1938 373 2001 illeamor
386 1937 523 2000 Domini
540 1947 592 2000 est
610 1949 805 2019 perpetuus,
819 1938 897 2001 ideo
913 1948 1080 2002 statutum
1091 1937 1190 2004 eratut

114 2033 201 2114 ignis
216 2031 342 2113 jugiter
361 2032 497 2095 arderet
516 2052 616 2114 super
635 2032 746 2105 altari,
766 2052 805 2095 ac
826 2043 863 2095 ut
882 2053 929 2095 ex
948 2033 1009 2095 illo
1027 2034 1099 2115 igne
1115 2043 1192 2093 sune·

114 2138 206 2191 retur
224 2128 257 2189 in
280 2126 460 2189 thuribulis
483 2137 519 2190 et
538 2125 718 2200 suffiretur,
737 2138 772 2191 et
796 2127 861 2189 hoc
881 2128 927 2190 ob
945 2121 1192 2209 repraesentatio

115 2242 192 2285 nem
215 2218 461 2302 conjundiionis
488 2222 614 2284 amoris
637 2221 796 2284 caelestis
819 2241 895 2285 cum
919 2241 1036 2284 amore
1058 2211 1192 2303 spirituaii·

116 2315 215 2398 Quod
232 2317 320 2398 ignis
329 2315 455 2397 jugiter
468 2316 602 2378 arderet
617 2336 717 2398 super
730 2315 839 2389 altari,
853 2326 994 2379 constat
1007 2316 1091 2399 apud
1100 2312 1193 2376 Mosen,

167 2454 184 2475 ‘¹
193 2451 268 2513 Ignis
276 2465 356 2513 super
363 2450 441 2499 altari
451 2450 563 2506 ardebit,
574 2465 623 2498 nec
631 2450 832 2511 exstinguetur:
848 2459 875 2498 et
884 2451 1012 2499 sacerdos
1019 2448 1132 2499 accendet
1138 2448 1196 2501 supe¹

245 2531 278 2565 eo
293 2517 368 2576 ligna
382 2518 431 2564 sub
443 2530 555 2564 auroras
570 2516 700 2577 singulas,
715 2526 742 2563 et
754 2515 880 2577 disponet
894 2530 977 2577 super
991 2531 1025 2564 eo
1039 2515 1194 2564 holocaustum·

245 2592 272 2630 et
279 2581 398 2630 adolebit
406 2595 527 2643 supereo
535 2581 629 2642 adipes
639 2580 826 2642 pacificorum:
846 2581 917 2641 ignis
930 2581 1031 2642 jugiter
1039 2579 1130 2629 ardebit
1138 2577 1197 2630 suitr

245 2646 332 2706 altari,
348 2661 396 2695 nec
408 2645 614 2708 exstinguetur”
627 2646 720 2705 (Levit.
733 2646 768 2695 vi.
782 2658 805 2706 5,
816 2647 832 2694 ό
845 2643 892 2710 [B.
902 2648 938 2696 A.
954 2659 992 2705 12,
1006 2643 1072 2710 13]);

117 2793 175 2854 per
202 2773 291 2853 quod
323 2771 642 2854 repraesentabatur
670 2771 759 2852 quod
791 2770 933 2833 Divinus
962 2771 1071 2835 Amor
1094 2753 1197 2833 Domini

117 2878 298 2949 perpetuus
314 2877 348 2929 et
366 2877 525 2928 aeternus
541 2867 596 2928 sit.
642 2864 744 2946 Quod
761 2887 804 2928 ex
823 2867 901 2946 igne
918 2865 1037 2928 altaris
1050 2863 1198 2928 sumeretur

117 2965 148 3025 in
169 2960 347 3025 thuribulis
366 2971 400 3023 et
421 2959 599 3033 suffiretur,
620 2962 725 3022 etiam
747 2960 836 3041 apud
855 2959 983 3035 Mosen,

173 3096 313 3157 “Accipiet
321 3095 335 3113 '⁹
347 3095 470 3144 Abaton.
482 3132 487 3143 .
498 3132 503 3143 .
515 3097 545 3143 ,⁴⁶
555 3110 654 3156 prunas
667 3095 738 3155 ignis
751 3095 867 3156 desuper
879 3095 958 3143 altari
972 3110 1061 3143 coram
1072 3082 1169 3158 Jehuw1¹
1178 3076 1198 3156 ἰῇ

247 3162 407 3237 ιὴυῐῇδιιΙο,.
417 3198 423 3209 .
433 3198 439 3209 .
450 3170 488 3209 ,et
501 3161 576 3209 dabit
590 3161 771 3210 suffimentum
787 3174 866 3222 super
881 3161 972 3221 ignem
987 3175 1076 3209 coram
1088 3144 1183 3223 jehovth

173 3292 206 3342 Et
219 3225 579 3356 qtgdthgdnlgbrldgs'erit
594 3291 683 3352 ignem
696 3291 811 3352 desuper
823 3291 911 3347 altari,
926 3300 953 3339 et
967 3303 1113 3354 supereum
1124 3269 1200 3333 dediffi

247 3358 428 3406 suffimentum
439 3371 444 3414 ;
463 3371 512 3418 per
520 3357 591 3419 quod
601 3356 719 3417 expiavit
728 3356 855 3418 populum
865 3356 961 3415 (Num.
973 3357 1038 3405 xvii.
1052 3369 1087 3413 11,
1098 3366 1123 3402 12
1131 3345 1165 3414 [B.
1174 3335 1200 3386 Α·

246 3424 299 3472 xvi·
310 3424 351 3483 4⁶.
362 3419 433 3486 trit:

117 3560 175 3620 per
191 3559 277 3620 quae
296 3536 617 3619 repraesentabatur
633 3536 722 3618 quod
742 3536 851 3598 omnis
868 3536 1067 3617 propitiatio
1084 3544 1114 3597 et
1130 3533 1207 3620 exP}·

116 3637 187 3698 atio
206 3642 297 3696 esset
321 3653 366 3696 ex
391 3632 515 3694 Divino
538 3630 668 3693 Amore
693 3630 849 3705 Domini;
875 3641 947 3692 tum
968 3630 1058 3711 quod
1080 3641 1160 3691 omne
1181 3600 1214 3668 ‘d

116 3729 287 3791 audiretur
310 3737 345 3789 et
370 3728 575 3808 reciperetur
596 3745 615 3787 a
640 3723 799 3796 Domin0,
819 3725 852 3784 in
876 3745 943 3806 quo
966 3723 1025 3787 ille
1047 3741 1131 3786 amor
1147 3710 1220 3775 est}

116 3823 264 3886 elevatio
287 3821 366 3883 sumi
390 3819 574 3882 suffimenti
597 3818 877 3900 repraesentabat
902 3818 1008 3880 etiam
1029 3802 1227 3880 auditioreffi

115 3929 150 3981 et
170 3917 414 3997 receptionem.
461 3915 507 3976 Et
527 3915 605 3996 quia
625 3913 776 3984 Korach,
798 3912 949 3984 Dathan‚
970 3924 1006 3975 et
1027 3912 1160 3974 Abiram
1193 3884 1233 3942 εἰ

115 4013 235 4074 concio
258 4030 385 4083 eorum,
410 4018 626 4091 sumpserunt
654 4009 768 4088 ignem
795 4028 840 4069 ex
864 4005 964 4069 altari
988 4018 1024 4069 et
1047 3980 1237 4068 suffierurti

115 4116 149 4169 et
169 4105 247 4168 inde
267 4103 440 4167 thuribula
459 4122 575 4166 eorum
595 4099 808 4164 sanctificata
826 4100 972 4175 suerunt,

170 4237 235 4288 Ideo
250 4248 393 4301 postquam
409 4238 448 4286 illi
462 4236 585 4299 deglutiti
600 4235 709 4285 inerunt
723 4250 738 4284 e
752 4237 831 4292 terra.
849 4234 1007 4283 mandatum
1022 4244 1071 4290 est,
1084 4242 1111 4281 ut
1122 4209 1237 4302 coiliss

245 4314 338 4353 rentur
353 4303 489 4352 thuribula
503 4317 605 4358 eorum.
620 4316 688 4364 quae
703 4316 735 4349 ex
750 4315 813 4348 aere
830 4309 916 4356 erant,
933 4309 960 4348 et
977 4308 1138 4362 spargeretur
1149 4275 1237 4349 ¹?

243 4370 364 4426 horsum,
372 4378 398 4417 et
407 4369 623 4431 expenderentur
632 4367 659 4415 in
667 4366 793 4423 laminas,
803 4365 899 4428 quibus
907 4375 1042 4428 tegeretur
1049 4365 1125 4413 altare
1130 4343 1237 4421 (Nl

246 4435 310 4484 xvii.
325 4447 371 4494 1·⁴
384 4431 430 4498 [B.
446 4436 481 4483 Α.
493 4434 547 4483 xvi.
559 4429 681 4496 36-39]);
