2684 4988
112 468 192 538 1052
418 473 668 526 APOCALYPSIS
691 474 919 528 exemerim.

108 640 165 705 Ex
181 640 235 705 his
250 644 354 706 etiarn
372 653 480 725 patet,
498 644 586 708 unde
602 654 656 707 est
672 653 708 708 et
727 645 806 725 quid
822 644 1004 727 significat,

108 735 189 799 olim
216 746 252 800 et
276 757 408 819 quoque
432 737 544 811 hodie,
568 757 646 801 cum
668 749 886 813 coronantur,
911 741 1015 820 ungel

107 850 208 913 super
230 831 341 895 fronte
365 842 400 895 et
423 852 523 913 super
541 852 662 895 manu:
693 852 793 914 reges
811 835 901 895 enirn
926 832 1007 896 olim

108 934 268 988 taverunt
293 925 477 988 Dominum
500 927 612 1008 quoad
635 926 795 989 Divinum
813 927 964 1004 Verum;
995 948 1014 990 e

107 1019 268 1100 recipitur
297 1019 330 1081 in
363 1019 455 1081 bono
487 1022 623 1094 amoris,
650 1021 740 1101 quod
773 1021 881 1083 influit
912 1041 932 1084 a
963 1020 1015 1083 Du

109 1110 223 1175 unftio
249 1110 353 1175 fiebat
380 1133 480 1195 super
502 1113 613 1176 fronte
639 1123 675 1176 et
699 1134 799 1195 super
821 1133 944 1192 manu;
976 1114 1015 1177 ol

107 1225 175 1286 quo
197 1206 423 1286 ungebantur,
444 1206 613 1287 significat
636 1208 763 1270 bonurn
785 1210 929 1271 amoris:
958 1209 1015 1272 ind

109 1306 237 1379 “reges
246 1299 261 1322 ”
274 1301 307 1361 in
321 1298 438 1363 Verbo
450 1300 642 1381 significent
654 1301 732 1365 illos
743 1302 800 1384 qui
815 1303 849 1364 in
865 1303 954 1364 veris
970 1323 1015 1366 ex

21 1452 24 1457 .
108 1399 143 1452 et
162 1389 337 1454 abstrafie
355 1412 437 1454 vera
454 1412 499 1454 ex
518 1392 611 1455 bono
629 1410 948 1472 (nummum).
992 1392 1015 1456 E

108 1493 200 1546 stare
216 1493 332 1564 potest
349 1484 427 1565 quid
444 1484 647 1566 intelligitur
662 1506 721 1567 per
738 1486 901 1566 “signum
917 1506 1015 1567 super

108 1587 145 1640 ut
165 1598 298 1660 quoque
317 1577 396 1640 alibi
415 1579 448 1641 in
467 1578 676 1661 Apocalypsi

353 1709 402 1772 (Ut
413 1726 471 1774 cap.
483 1711 519 1761 lx.
530 1725 564 1772 4:
581 1726 638 1774 cap.
650 1712 704 1761 xiv.
718 1724 747 1769 r;
765 1726 822 1773 cap.
834 1711 899 1761 xxii.
912 1724 935 1772 3,
947 1711 982 1773 4).

109 1843 269 1906 Vicissim
292 1853 407 1906 autem
429 1843 571 1907 “frons'’
591 1843 759 1925 significat
782 1844 815 1907 id
839 1844 930 1926 quod
954 1865 1015 1927 opr

109 1937 201 2000 bono
220 1939 358 2019 amoris,
379 1958 501 2020 nempe
521 1939 646 2001 malum
666 1940 800 2013 amoris,
819 1949 855 2001 et
880 1939 958 2002 inde
977 1939 1015 2001 dt

110 2041 251 2106 matum,
272 2032 449 2114 impudens
468 2052 508 2095 ac
527 2033 707 2096 infernale:
732 2033 862 2106 durum,
882 2033 972 2115 apud
990 2032 1015 2095 E

161 2163 276 2214 “Durus
288 2174 326 2223 tu,
340 2179 405 2214 uam
417 2180 517 2214 nervus
528 2165 592 2214 ferri
604 2165 694 2214 cervix
706 2174 759 2223 tua,
771 2176 798 2214 et
809 2165 886 2214 frons
898 2175 945 2214 tua
956 2180 1015 2215 aeni

110 2291 338 2366 obfirmatum,
358 2293 448 2375 apud
466 2292 680 2368 Ezechielem,

163 2415 293 2466 “Domus
307 2415 416 2465 Israelis
427 2432 482 2465 non
493 2417 587 2465 volunt
599 2416 709 2465 obedire
722 2415 789 2465 Mihi
792 2453 861 2472 .....
867 2431 932 2465 nam
944 2426 1015 2466 totar

242 2481 376 2531 obfirmati
389 2482 479 2531 fronte
491 2492 518 2530 et
529 2481 589 2531 duri
601 2481 705 2531 corde”
719 2481 767 2542 (iii.
778 2494 801 2541 7,
811 2482 852 2543 8);
882 2512 889 2527 .

112 2611 299 2694 impudenS,
321 2611 409 2691 apud
429 2610 625 2696 Jeremiam,

179 2734 196 2754 ¹⁸
205 2731 290 2780 Frons
303 2730 422 2778 mulieris
435 2729 584 2778 meretricis
597 2728 697 2777 mansit
710 2729 768 2787 tibi,
780 2728 892 2777 renuisti
905 2728 1015 2791 pudefier

111 2860 284 2933 infernale,
305 2861 338 2921 in
357 2856 566 2939 Apocalypsi

165 2984 242 3047 (Cap.
253 2983 365 3108 xiii.)16;
380 2997 438 3044 cap.
449 2982 502 3031 xiv.
513 2993 576 3043 9-11
588 2995 593 3039 ;
608 2995 666 3043 cap.
676 2983 729 3030 xvi.
740 2993 754 3029 α
765 2994 771 3039 ;
786 2994 843 3041 cap.
853 2980 917 3029 xvii.
930 2991 942 3039 5
953 2994 959 3038 ;
974 2994 1015 3042 car

242 3063 312 3108 κω
332 3065 337 3097 :

111 3199 190 3242 narn
218 3181 304 3241 sicut
332 3178 457 3240 bonum
486 3177 609 3238 amoris
636 3186 689 3238 est
717 3174 877 3249 caeleste,
902 3184 937 3237 et
964 3174 1015 3236 ind

111 3275 245 3354 patiens
273 3282 307 3334 et
337 3272 505 3352 pudicum,
531 3270 579 3332 ita
607 3269 732 3331 malum
760 3269 851 3330 bono
878 3267 926 3330 illi
954 3288 1015 3350 op}

111 3366 283 3440 infernale,
304 3366 434 3437 durum,
455 3363 671 3426 obfirmatum
690 3372 725 3425 et
745 3362 934 3444 impudens,

603 3606 706 3644 versus
719 3607 744 3654 4.

170 3700 267 3783 428·
296 3724 309 3743 '¹
316 3721 342 3762 fr
352 3722 427 3762 audivi
439 3730 549 3761 numerum
560 3719 701 3769 rianuturrrm,
713 3720 799 3758 eentum
810 3715 957 3767 quamnim
967 3719 1015 3767 qun

110 3791 138 3822 ex
148 3782 206 3823 omni
216 3781 276 3823 unu
287 3781 399 3831 [filiorum]
410 3780 523 3822 lrmlir.''

142 3912 167 3960 4.
192 3898 240 3950 ’Ξὲ
248 3897 339 3950 audiri
348 3913 483 3948 numerum
495 3896 677 3962 alwalonem?
686 3894 809 3957 significat
821 3895 895 3957 quale
905 3909 1015 3958 eorumq

241 3966 373 4029 separatio
381 3967 455 4012 malai
465 3963 587 4029 [n.429];
602 3959 1015 4027 'centumqundmyintnquntuor

243 4046 274 4083 or
287 4031 357 4082 omni
366 4030 433 4081 tribu
447 4029 583 4097 [iliorum]
599 4028 726 4084 israelis!
736 4026 859 4089 significat
868 4028 1005 4091 omnesqui

241 4106 310 4155 sunt,
321 4106 345 4145 et
356 4099 415 4145 inde
427 4098 454 4144 in
467 4097 563 4144 ecclesia
576 4095 687 4143 Domini
699 4095 738 4160 [n.
751 4093 826 4157 43o].

169 4245 270 4312 429.
289 4244 368 4301 [lars.
380 4244 413 4301 4]
434 4226 601 4288 “ftnudr'ri
611 4244 768 4287 numerum
778 4222 1015 4304 rr'qnnforum.''-

110 4321 223 4385 nificet
237 4320 334 4403 quale·
345 4341 454 4381 currem
466 4319 526 4399 qrrr'
539 4318 572 4378 r'rr
586 4318 665 4378 bono
677 4326 756 4378 sunt
767 4315 921 4395 separati
933 4336 954 4376 a
969 4336 1015 4376 mr

109 4438 154 4480 ex
172 4415 419 4498 significatione
435 4426 453 4444 ⁸·
464 4411 623 4479 numeri.''
635 4412 726 4492 quod
743 4413 787 4473 sit
803 4408 903 4492 quale
919 4409 967 4471 rei
983 4410 1015 4470 dr
