<?xml version="1.0" encoding="UTF-8"?>
<!DOCTYPE html PUBLIC "-//W3C//DTD XHTML 1.0 Transitional//EN"
    "http://www.w3.org/TR/xhtml1/DTD/xhtml1-transitional.dtd">
<html xmlns="http://www.w3.org/1999/xhtml" xml:lang="en" lang="en">
 <head>
  <title>
</title>
<meta http-equiv="Content-Type" content="text/html;charset=utf-8" />
  <meta name='ocr-system' content='tesseract 3.04.00' />
  <meta name='ocr-capabilities' content='ocr_page ocr_carea ocr_par ocr_line ocrx_word'/>
</head>
<body>
  <div class='ocr_page' id='page_1' title='image "./apocalypsisexpl00swedgoog_0265.png"; bbox 0 0 2684 4988; ppageno 0'>
   <div class='ocr_carea' id='block_1_1' title="bbox 282 422 1129 508">
    <p class='ocr_par' dir='ltr' id='par_1_1' title="bbox 282 422 1129 508">
     <span class='ocr_line' id='line_1_1' title="bbox 282 422 1129 508; baseline 0.005 -23"><span class='ocrx_word' id='word_1_1' title='bbox 282 435 365 486; x_wconf 72' lang='lat' dir='ltr'>cur.</span> <span class='ocrx_word' id='word_1_2' title='bbox 382 436 442 496; x_wconf 88' lang='lat' dir='ltr'>v1.‚</span> <span class='ocrx_word' id='word_1_3' title='bbox 460 435 563 487; x_wconf 78' lang='lat' dir='ltr'>uaas.</span> <span class='ocrx_word' id='word_1_4' title='bbox 585 437 712 501; x_wconf 76' lang='lat' dir='ltr'>14.-N.</span> <span class='ocrx_word' id='word_1_5' title='bbox 728 422 853 506; x_wconf 83' lang='lat' dir='ltr'>405[i].</span> <span class='ocrx_word' id='word_1_6' title='bbox 1065 437 1129 508; x_wconf 70' lang='lat'>922</span> 
     </span>
    </p>
   </div>
   <div class='ocr_carea' id='block_1_2' title="bbox 104 605 1131 798">
    <p class='ocr_par' dir='ltr' id='par_1_2' title="bbox 104 605 1131 798">
     <span class='ocr_line' id='line_1_2' title="bbox 104 605 1131 669; baseline 0.006 -17"><span class='ocrx_word' id='word_1_7' title='bbox 104 605 214 653; x_wconf 67' lang='lat' dir='ltr'>*herrant</span> <span class='ocrx_word' id='word_1_8' title='bbox 226 619 296 654; x_wconf 78' lang='lat' dir='ltr'>oves</span> <span class='ocrx_word' id='word_1_9' title='bbox 309 619 386 654; x_wconf 78' lang='lat' dir='ltr'>meae</span> <span class='ocrx_word' id='word_1_10' title='bbox 399 605 425 654; x_wconf 92' lang='lat' dir='ltr'>in</span> <span class='ocrx_word' id='word_1_11' title='bbox 438 605 566 658; x_wconf 84' lang='lat' dir='ltr'>omnibus</span> <span class='ocrx_word' id='word_1_12' title='bbox 577 605 715 655; x_wconf 85' lang='lat' dir='ltr'>montibus</span> <span class='ocrx_word' id='word_1_13' title='bbox 727 615 754 655; x_wconf 87' lang='lat' dir='ltr'>et</span> <span class='ocrx_word' id='word_1_14' title='bbox 767 621 848 669; x_wconf 87' lang='lat' dir='ltr'>super</span> <span class='ocrx_word' id='word_1_15' title='bbox 859 606 935 656; x_wconf 88' lang='lat' dir='ltr'>omni</span> <span class='ocrx_word' id='word_1_16' title='bbox 947 605 1016 656; x_wconf 87' lang='lat' dir='ltr'>colle</span> <span class='ocrx_word' id='word_1_17' title='bbox 1028 606 1092 665; x_wconf 76' lang='lat' dir='ltr'>alto.</span> <span class='ocrx_word' id='word_1_18' title='bbox 1103 614 1131 658; x_wconf 80' lang='lat' dir='ltr'>et</span> 
     </span>
     <span class='ocr_line' id='line_1_3' title="bbox 135 671 1131 735; baseline 0.003 -17"><span class='ocrx_word' id='word_1_19' title='bbox 135 685 215 732; x_wconf 86' lang='lat' dir='ltr'>super</span> <span class='ocrx_word' id='word_1_20' title='bbox 227 685 326 719; x_wconf 86' lang='lat' dir='ltr'>omnes</span> <span class='ocrx_word' id='word_1_21' title='bbox 340 671 422 719; x_wconf 88' lang='lat' dir='ltr'>iacies</span> <span class='ocrx_word' id='word_1_22' title='bbox 435 681 520 719; x_wconf 89' lang='lat' dir='ltr'>terrac</span> <span class='ocrx_word' id='word_1_23' title='bbox 532 671 668 731; x_wconf 79' lang='lat' dir='ltr'>dispersae</span> <span class='ocrx_word' id='word_1_24' title='bbox 681 682 744 720; x_wconf 91' lang='lat' dir='ltr'>sunt</span> <span class='ocrx_word' id='word_1_25' title='bbox 756 687 822 721; x_wconf 90' lang='lat' dir='ltr'>oves</span> <span class='ocrx_word' id='word_1_26' title='bbox 836 687 919 730; x_wconf 77' lang='lat' dir='ltr'>meae,</span> <span class='ocrx_word' id='word_1_27' title='bbox 934 682 961 721; x_wconf 88' lang='lat' dir='ltr'>et</span> <span class='ocrx_word' id='word_1_28' title='bbox 975 687 1030 721; x_wconf 93' lang='lat' dir='ltr'>non</span> <span class='ocrx_word' id='word_1_29' title='bbox 1044 672 1131 735; x_wconf 89' lang='lat' dir='ltr'>inqul-</span> 
     </span>
     <span class='ocr_line' id='line_1_4' title="bbox 135 735 594 798; baseline 0.007 -15"><span class='ocrx_word' id='word_1_30' title='bbox 135 749 261 784; x_wconf 81' lang='lat' dir='ltr'>rcnsnec</span> <span class='ocrx_word' id='word_1_31' title='bbox 274 750 408 798; x_wconf 85' lang='lat' dir='ltr'>quaerens</span> <span class='ocrx_word' id='word_1_32' title='bbox 416 735 430 754; x_wconf 78' lang='lat'>&#39;⁹</span> <span class='ocrx_word' id='word_1_33' title='bbox 442 737 542 797; x_wconf 81' lang='lat' dir='ltr'>(xxxiv.</span> <span class='ocrx_word' id='word_1_34' title='bbox 554 737 594 797; x_wconf 83' lang='lat'>6):</span> 
     </span>
    </p>
   </div>
   <div class='ocr_carea' id='block_1_3' title="bbox 104 867 1129 1411">
    <p class='ocr_par' dir='ltr' id='par_1_3' title="bbox 104 867 1129 1411">
     <span class='ocr_line' id='line_1_5' title="bbox 113 867 1129 951; baseline 0.004 -22"><span class='ocrx_word' id='word_1_35' title='bbox 113 888 195 930; x_wconf 90' lang='lat' dir='ltr'>oves</span> <span class='ocrx_word' id='word_1_36' title='bbox 213 867 286 931; x_wconf 85' lang='lat' dir='ltr'>“de</span> <span class='ocrx_word' id='word_1_37' title='bbox 308 879 427 931; x_wconf 89' lang='lat' dir='ltr'>monte</span> <span class='ocrx_word' id='word_1_38' title='bbox 444 890 544 950; x_wconf 91' lang='lat' dir='ltr'>super</span> <span class='ocrx_word' id='word_1_39' title='bbox 561 868 651 932; x_wconf 91' lang='lat' dir='ltr'>colle</span> <span class='ocrx_word' id='word_1_40' title='bbox 671 869 823 944; x_wconf 87' lang='lat' dir='ltr'>iverint,&#39;’</span> <span class='ocrx_word' id='word_1_41' title='bbox 839 879 875 932; x_wconf 91' lang='lat' dir='ltr'>et</span> <span class='ocrx_word' id='word_1_42' title='bbox 891 869 980 951; x_wconf 93' lang='lat' dir='ltr'>quod</span> <span class='ocrx_word' id='word_1_43' title='bbox 1002 869 1129 933; x_wconf 82' lang='lat' dir='ltr'>“ober-</span> 
     </span>
     <span class='ocr_line' id='line_1_6' title="bbox 110 962 1129 1044; baseline 0.002 -21"><span class='ocrx_word' id='word_1_44' title='bbox 110 982 210 1044; x_wconf 90' lang='lat' dir='ltr'>super</span> <span class='ocrx_word' id='word_1_45' title='bbox 237 963 396 1025; x_wconf 87' lang='lat' dir='ltr'>omnibus</span> <span class='ocrx_word' id='word_1_46' title='bbox 419 963 592 1025; x_wconf 90' lang='lat' dir='ltr'>montibus</span> <span class='ocrx_word' id='word_1_47' title='bbox 614 973 650 1026; x_wconf 91' lang='lat' dir='ltr'>ct</span> <span class='ocrx_word' id='word_1_48' title='bbox 673 983 773 1044; x_wconf 89' lang='lat' dir='ltr'>super</span> <span class='ocrx_word' id='word_1_49' title='bbox 800 965 891 1025; x_wconf 90' lang='lat' dir='ltr'>omni</span> <span class='ocrx_word' id='word_1_50' title='bbox 915 962 1003 1026; x_wconf 93' lang='lat' dir='ltr'>colle</span> <span class='ocrx_word' id='word_1_51' title='bbox 1027 962 1129 1037; x_wconf 90' lang='lat' dir='ltr'>alto,”</span> 
     </span>
     <span class='ocr_line' id='line_1_7' title="bbox 104 1054 1128 1137; baseline 0.003 -21"><span class='ocrx_word' id='word_1_52' title='bbox 104 1054 178 1118; x_wconf 77' lang='lat' dir='ltr'>icat</span> <span class='ocrx_word' id='word_1_53' title='bbox 197 1057 288 1137; x_wconf 92' lang='lat' dir='ltr'>quod</span> <span class='ocrx_word' id='word_1_54' title='bbox 310 1065 475 1137; x_wconf 87' lang='lat' dir='ltr'>quaerant</span> <span class='ocrx_word' id='word_1_55' title='bbox 499 1058 588 1119; x_wconf 93' lang='lat' dir='ltr'>bona</span> <span class='ocrx_word' id='word_1_56' title='bbox 607 1067 642 1119; x_wconf 92' lang='lat' dir='ltr'>et</span> <span class='ocrx_word' id='word_1_57' title='bbox 662 1077 752 1129; x_wconf 89' lang='lat' dir='ltr'>vera,</span> <span class='ocrx_word' id='word_1_58' title='bbox 774 1056 833 1118; x_wconf 92' lang='lat' dir='ltr'>sed</span> <span class='ocrx_word' id='word_1_59' title='bbox 854 1076 922 1118; x_wconf 92' lang='lat' dir='ltr'>non</span> <span class='ocrx_word' id='word_1_60' title='bbox 942 1057 1128 1130; x_wconf 90' lang='lat' dir='ltr'>inveniant,</span> 
     </span>
     <span class='ocr_line' id='line_1_8' title="bbox 106 1149 1128 1231; baseline 0.001 -20"><span class='ocrx_word' id='word_1_61' title='bbox 106 1149 150 1211; x_wconf 94' lang='lat' dir='ltr'>od</span> <span class='ocrx_word' id='word_1_62' title='bbox 168 1149 246 1211; x_wconf 92' lang='lat' dir='ltr'>loco</span> <span class='ocrx_word' id='word_1_63' title='bbox 262 1169 380 1211; x_wconf 89' lang='lat' dir='ltr'>eorum</span> <span class='ocrx_word' id='word_1_64' title='bbox 395 1150 484 1212; x_wconf 92' lang='lat' dir='ltr'>mala</span> <span class='ocrx_word' id='word_1_65' title='bbox 496 1161 531 1213; x_wconf 89' lang='lat' dir='ltr'>ct</span> <span class='ocrx_word' id='word_1_66' title='bbox 548 1150 633 1212; x_wconf 84' lang='lat' dir='ltr'>salsa</span> <span class='ocrx_word' id='word_1_67' title='bbox 649 1151 829 1231; x_wconf 89' lang='lat' dir='ltr'>arripiant;</span> <span class='ocrx_word' id='word_1_68' title='bbox 854 1150 944 1231; x_wconf 92' lang='lat' dir='ltr'>quod</span> <span class='ocrx_word' id='word_1_69' title='bbox 963 1156 1128 1212; x_wconf 86' lang='lat' dir='ltr'>“montes</span> 
     </span>
     <span class='ocr_line' id='line_1_9' title="bbox 104 1243 1129 1326; baseline 0 -20"><span class='ocrx_word' id='word_1_70' title='bbox 104 1243 274 1306; x_wconf 65' lang='lat' dir='ltr'>&#39;erterint’&#39;</span> <span class='ocrx_word' id='word_1_71' title='bbox 294 1243 463 1325; x_wconf 86' lang='lat' dir='ltr'>significat</span> <span class='ocrx_word' id='word_1_72' title='bbox 483 1244 572 1326; x_wconf 92' lang='lat' dir='ltr'>quod</span> <span class='ocrx_word' id='word_1_73' title='bbox 595 1265 656 1325; x_wconf 88' lang='lat' dir='ltr'>pro</span> <span class='ocrx_word' id='word_1_74' title='bbox 674 1244 772 1306; x_wconf 89' lang='lat' dir='ltr'>bonis</span> <span class='ocrx_word' id='word_1_75' title='bbox 792 1246 859 1306; x_wconf 92' lang='lat' dir='ltr'>sint</span> <span class='ocrx_word' id='word_1_76' title='bbox 879 1244 978 1306; x_wconf 89' lang='lat' dir='ltr'>mala.</span> <span class='ocrx_word' id='word_1_77' title='bbox 1023 1243 1129 1325; x_wconf 88' lang='lat' dir='ltr'>Apud</span> 
     </span>
     <span class='ocr_line' id='line_1_10' title="bbox 104 1358 229 1411; baseline 0.008 -14"><span class='ocrx_word' id='word_1_78' title='bbox 104 1358 229 1411; x_wconf 66' lang='lat' dir='ltr'>amram,</span> 
     </span>
    </p>
   </div>
   <div class='ocr_carea' id='block_1_4' title="bbox 104 1467 1130 1600">
    <p class='ocr_par' dir='ltr' id='par_1_4' title="bbox 104 1467 1130 1600">
     <span class='ocr_line' id='line_1_11' title="bbox 104 1467 1130 1574; baseline 0.003 -56"><span class='ocrx_word' id='word_1_79' title='bbox 104 1475 153 1519; x_wconf 77' lang='lat' dir='ltr'>late</span> <span class='ocrx_word' id='word_1_80' title='bbox 164 1469 287 1533; x_wconf 85' lang='lat' dir='ltr'>Jehovae</span> <span class='ocrx_word' id='word_1_81' title='bbox 303 1470 361 1519; x_wconf 91' lang='lat' dir='ltr'>Deo</span> <span class='ocrx_word' id='word_1_82' title='bbox 369 1467 486 1519; x_wconf 83' lang='lat' dir='ltr'>l¹lvestro</span> <span class='ocrx_word' id='word_1_83' title='bbox 498 1471 621 1574; x_wconf 61' lang='lat' dir='ltr'>qloriam,</span> <span class='ocrx_word' id='word_1_84' title='bbox 631 1480 774 1534; x_wconf 83' lang='lat' dir='ltr'>antequam</span> <span class='ocrx_word' id='word_1_85' title='bbox 785 1472 909 1520; x_wconf 82' lang='lat' dir='ltr'>tenebras</span> <span class='ocrx_word' id='word_1_86' title='bbox 922 1472 1037 1530; x_wconf 85' lang='lat' dir='ltr'>inducat,</span> <span class='ocrx_word' id='word_1_87' title='bbox 1048 1480 1075 1522; x_wconf 83' lang='lat' dir='ltr'>et</span> <span class='ocrx_word' id='word_1_88' title='bbox 1083 1487 1130 1521; x_wconf 79' lang='lat' dir='ltr'>an·</span> 
     </span>
     <span class='ocr_line' id='line_1_12' title="bbox 137 1533 1096 1600; baseline 0.004 -17"><span class='ocrx_word' id='word_1_89' title='bbox 137 1545 245 1598; x_wconf 89' lang='lat' dir='ltr'>tequam</span> <span class='ocrx_word' id='word_1_90' title='bbox 255 1536 397 1584; x_wconf 82' lang='lat' dir='ltr'>offendant</span> <span class='ocrx_word' id='word_1_91' title='bbox 410 1537 491 1599; x_wconf 84' lang='lat' dir='ltr'>pedes</span> <span class='ocrx_word' id='word_1_92' title='bbox 509 1533 609 1585; x_wconf 75' lang='lat' dir='ltr'>³1vesrri</span> <span class='ocrx_word' id='word_1_93' title='bbox 622 1537 655 1584; x_wconf 88' lang='lat' dir='ltr'>ad</span> <span class='ocrx_word' id='word_1_94' title='bbox 668 1547 775 1585; x_wconf 89' lang='lat' dir='ltr'>montes</span> <span class='ocrx_word' id='word_1_95' title='bbox 787 1536 956 1599; x_wconf 83' lang='lat' dir='ltr'>crepusculi&#39;&#39;</span> <span class='ocrx_word' id='word_1_96' title='bbox 966 1538 1030 1597; x_wconf 78' lang='lat' dir='ltr'>(xiii.</span> <span class='ocrx_word' id='word_1_97' title='bbox 1041 1539 1096 1600; x_wconf 72' lang='lat' dir='ltr'>rol:</span> 
     </span>
    </p>
   </div>
   <div class='ocr_carea' id='block_1_5' title="bbox 103 1667 1129 3442">
    <p class='ocr_par' dir='ltr' id='par_1_5' title="bbox 103 1667 1129 3442">
     <span class='ocr_line' id='line_1_13' title="bbox 104 1667 1128 1751; baseline 0.004 -21"><span class='ocrx_word' id='word_1_98' title='bbox 104 1688 171 1730; x_wconf 79' lang='lat' dir='ltr'>racc</span> <span class='ocrx_word' id='word_1_99' title='bbox 192 1667 403 1749; x_wconf 84' lang='lat' dir='ltr'>significatur</span> <span class='ocrx_word' id='word_1_100' title='bbox 425 1669 514 1751; x_wconf 94' lang='lat' dir='ltr'>quod</span> <span class='ocrx_word' id='word_1_101' title='bbox 534 1669 792 1750; x_wconf 85' lang='lat' dir='ltr'>agnoscendum</span> <span class='ocrx_word' id='word_1_102' title='bbox 811 1670 855 1732; x_wconf 90' lang='lat' dir='ltr'>sit</span> <span class='ocrx_word' id='word_1_103' title='bbox 876 1669 1035 1733; x_wconf 90' lang='lat' dir='ltr'>Divinum</span> <span class='ocrx_word' id='word_1_104' title='bbox 1055 1670 1128 1734; x_wconf 88' lang='lat' dir='ltr'>Vc·</span> 
     </span>
     <span class='ocr_line' id='line_1_14' title="bbox 113 1762 1126 1845; baseline 0.003 -22"><span class='ocrx_word' id='word_1_105' title='bbox 113 1782 155 1824; x_wconf 90' lang='lat' dir='ltr'>nc</span> <span class='ocrx_word' id='word_1_106' title='bbox 173 1762 259 1824; x_wconf 89' lang='lat' dir='ltr'>salsa</span> <span class='ocrx_word' id='word_1_107' title='bbox 278 1772 314 1824; x_wconf 88' lang='lat' dir='ltr'>ct</span> <span class='ocrx_word' id='word_1_108' title='bbox 339 1763 417 1825; x_wconf 90' lang='lat' dir='ltr'>inde</span> <span class='ocrx_word' id='word_1_109' title='bbox 441 1762 529 1824; x_wconf 93' lang='lat' dir='ltr'>mala</span> <span class='ocrx_word' id='word_1_110' title='bbox 553 1784 571 1824; x_wconf 94' lang='lat' dir='ltr'>e</span> <span class='ocrx_word' id='word_1_111' title='bbox 592 1762 736 1825; x_wconf 90' lang='lat' dir='ltr'>naturali</span> <span class='ocrx_word' id='word_1_112' title='bbox 759 1762 896 1825; x_wconf 90' lang='lat' dir='ltr'>homine</span> <span class='ocrx_word' id='word_1_113' title='bbox 920 1765 1126 1845; x_wconf 85' lang='lat' dir='ltr'>irrumpant:</span> 
     </span>
     <span class='ocr_line' id='line_1_15' title="bbox 104 1855 1125 1938; baseline 0.003 -21"><span class='ocrx_word' id='word_1_114' title='bbox 104 1877 119 1917; x_wconf 90' lang='lat' dir='ltr'>e</span> <span class='ocrx_word' id='word_1_115' title='bbox 136 1856 210 1918; x_wconf 91' lang='lat' dir='ltr'>Deo</span> <span class='ocrx_word' id='word_1_116' title='bbox 227 1855 372 1937; x_wconf 86' lang='lat' dir='ltr'>gloriam</span> <span class='ocrx_word' id='word_1_117' title='bbox 382 1856 396 1879; x_wconf 87' lang='grc'>”</span> <span class='ocrx_word' id='word_1_118' title='bbox 413 1856 581 1937; x_wconf 85' lang='lat' dir='ltr'>significat</span> <span class='ocrx_word' id='word_1_119' title='bbox 598 1877 785 1938; x_wconf 87' lang='lat' dir='ltr'>agnoscere</span> <span class='ocrx_word' id='word_1_120' title='bbox 802 1857 961 1919; x_wconf 90' lang='lat' dir='ltr'>Divinum</span> <span class='ocrx_word' id='word_1_121' title='bbox 976 1858 1125 1936; x_wconf 89' lang='lat' dir='ltr'>Verum;</span> 
     </span>
     <span class='ocr_line' id='line_1_16' title="bbox 104 1950 1129 2033; baseline 0.001 -20"><span class='ocrx_word' id='word_1_122' title='bbox 104 1952 146 2013; x_wconf 88' lang='lat' dir='ltr'>ria</span> <span class='ocrx_word' id='word_1_123' title='bbox 154 1950 170 1973; x_wconf 92' lang='lat'>”</span> <span class='ocrx_word' id='word_1_124' title='bbox 186 1952 218 2012; x_wconf 93' lang='lat' dir='ltr'>in</span> <span class='ocrx_word' id='word_1_125' title='bbox 233 1950 351 2012; x_wconf 90' lang='lat' dir='ltr'>Verbo</span> <span class='ocrx_word' id='word_1_126' title='bbox 364 1950 531 2031; x_wconf 86' lang='lat' dir='ltr'>significat</span> <span class='ocrx_word' id='word_1_127' title='bbox 546 1950 705 2012; x_wconf 90' lang='lat' dir='ltr'>Divinum</span> <span class='ocrx_word' id='word_1_128' title='bbox 720 1951 859 2025; x_wconf 90' lang='lat' dir='ltr'>Verum,</span> <span class='ocrx_word' id='word_1_129' title='bbox 874 1961 908 2013; x_wconf 90' lang='lat' dir='ltr'>et</span> <span class='ocrx_word' id='word_1_130' title='bbox 922 1951 986 2014; x_wconf 91' lang='lat' dir='ltr'>hoc</span> <span class='ocrx_word' id='word_1_131' title='bbox 1000 1972 1129 2033; x_wconf 84' lang='lat' dir='ltr'>agnos·</span> 
     </span>
     <span class='ocr_line' id='line_1_17' title="bbox 106 2045 1127 2126; baseline 0.001 -20"><span class='ocrx_word' id='word_1_132' title='bbox 106 2054 140 2106; x_wconf 90' lang='lat' dir='ltr'>ct</span> <span class='ocrx_word' id='word_1_133' title='bbox 157 2045 269 2106; x_wconf 91' lang='lat' dir='ltr'>vivere</span> <span class='ocrx_word' id='word_1_134' title='bbox 287 2045 472 2106; x_wconf 90' lang='lat' dir='ltr'>secundum</span> <span class='ocrx_word' id='word_1_135' title='bbox 492 2045 593 2107; x_wconf 88' lang='lat' dir='ltr'>idest</span> <span class='ocrx_word' id='word_1_136' title='bbox 611 2045 720 2126; x_wconf 86' lang='lat' dir='ltr'>gloria</span> <span class='ocrx_word' id='word_1_137' title='bbox 736 2065 837 2126; x_wconf 88' lang='lat' dir='ltr'>quam</span> <span class='ocrx_word' id='word_1_138' title='bbox 853 2045 926 2107; x_wconf 92' lang='lat' dir='ltr'>vult</span> <span class='ocrx_word' id='word_1_139' title='bbox 949 2045 1127 2120; x_wconf 85' lang='lat' dir='ltr'>Dominus,</span> 
     </span>
     <span class='ocr_line' id='line_1_18' title="bbox 103 2138 1128 2221; baseline 0.003 -22"><span class='ocrx_word' id='word_1_140' title='bbox 103 2139 271 2201; x_wconf 74' lang='lat' dir='ltr'>laedatur</span> <span class='ocrx_word' id='word_1_141' title='bbox 296 2138 386 2219; x_wconf 91' lang='lat' dir='ltr'>Ipsi:</span> <span class='ocrx_word' id='word_1_142' title='bbox 419 2144 634 2221; x_wconf 84' lang='lat' dir='ltr'>“antequam</span> <span class='ocrx_word' id='word_1_143' title='bbox 658 2140 819 2201; x_wconf 88' lang='lat' dir='ltr'>tenebras</span> <span class='ocrx_word' id='word_1_144' title='bbox 842 2141 981 2202; x_wconf 90' lang='lat' dir='ltr'>inducat</span> <span class='ocrx_word' id='word_1_145' title='bbox 990 2140 1004 2163; x_wconf 90' lang='lat'>”</span> <span class='ocrx_word' id='word_1_146' title='bbox 1024 2141 1128 2221; x_wconf 85' lang='lat' dir='ltr'>signi·</span> 
     </span>
     <span class='ocr_line' id='line_1_19' title="bbox 108 2232 1128 2313; baseline 0.003 -19"><span class='ocrx_word' id='word_1_147' title='bbox 108 2253 149 2295; x_wconf 90' lang='lat' dir='ltr'>ne</span> <span class='ocrx_word' id='word_1_148' title='bbox 166 2232 249 2294; x_wconf 85' lang='lat' dir='ltr'>falsa</span> <span class='ocrx_word' id='word_1_149' title='bbox 265 2242 456 2313; x_wconf 91' lang='lat' dir='ltr'>occupent;</span> <span class='ocrx_word' id='word_1_150' title='bbox 483 2234 676 2295; x_wconf 81' lang='lat' dir='ltr'>“tenebrae</span> <span class='ocrx_word' id='word_1_151' title='bbox 687 2233 700 2256; x_wconf 86' lang='lat'>&#39;¹</span> <span class='ocrx_word' id='word_1_152' title='bbox 720 2243 799 2295; x_wconf 90' lang='lat' dir='ltr'>sunt</span> <span class='ocrx_word' id='word_1_153' title='bbox 819 2232 921 2296; x_wconf 83' lang='lat' dir='ltr'>falsa:</span> <span class='ocrx_word' id='word_1_154' title='bbox 949 2239 1012 2296; x_wconf 86' lang='lat' dir='ltr'>“et</span> <span class='ocrx_word' id='word_1_155' title='bbox 1029 2244 1128 2297; x_wconf 88' lang='lat' dir='ltr'>antc-</span> 
     </span>
     <span class='ocr_line' id='line_1_20' title="bbox 104 2323 1128 2409; baseline 0.001 -21"><span class='ocrx_word' id='word_1_156' title='bbox 104 2325 300 2388; x_wconf 81' lang='lat' dir='ltr'>roiiendant</span> <span class='ocrx_word' id='word_1_157' title='bbox 325 2326 429 2407; x_wconf 86' lang='lat' dir='ltr'>pedes</span> <span class='ocrx_word' id='word_1_158' title='bbox 448 2323 581 2390; x_wconf 68' lang='lat' dir='ltr'>¹⁸¹vestri</span> <span class='ocrx_word' id='word_1_159' title='bbox 606 2327 648 2388; x_wconf 90' lang='lat' dir='ltr'>ad</span> <span class='ocrx_word' id='word_1_160' title='bbox 670 2337 807 2389; x_wconf 93' lang='lat' dir='ltr'>montes</span> <span class='ocrx_word' id='word_1_161' title='bbox 826 2327 1036 2408; x_wconf 87' lang='lat' dir='ltr'>crepusculi”</span> <span class='ocrx_word' id='word_1_162' title='bbox 1059 2329 1128 2409; x_wconf 85' lang='lat' dir='ltr'>sig·</span> 
     </span>
     <span class='ocr_line' id='line_1_21' title="bbox 104 2421 1128 2503; baseline 0.002 -21"><span class='ocrx_word' id='word_1_163' title='bbox 104 2431 125 2482; x_wconf 76' lang='lat' dir='ltr'>rt</span> <span class='ocrx_word' id='word_1_164' title='bbox 142 2440 182 2482; x_wconf 92' lang='lat' dir='ltr'>ne</span> <span class='ocrx_word' id='word_1_165' title='bbox 201 2421 280 2482; x_wconf 88' lang='lat' dir='ltr'>inde</span> <span class='ocrx_word' id='word_1_166' title='bbox 298 2421 388 2482; x_wconf 89' lang='lat' dir='ltr'>mala</span> <span class='ocrx_word' id='word_1_167' title='bbox 407 2442 425 2483; x_wconf 93' lang='lat' dir='ltr'>e</span> <span class='ocrx_word' id='word_1_168' title='bbox 443 2421 607 2498; x_wconf 88' lang='lat' dir='ltr'>naturali;</span> <span class='ocrx_word' id='word_1_169' title='bbox 633 2428 798 2484; x_wconf 85' lang='lat' dir='ltr'>“montes</span> <span class='ocrx_word' id='word_1_170' title='bbox 818 2423 1006 2503; x_wconf 88' lang='lat' dir='ltr'>crepusculi</span> <span class='ocrx_word' id='word_1_171' title='bbox 1018 2422 1033 2446; x_wconf 89' lang='grc'><strong><em>”</em></strong></span> <span class='ocrx_word' id='word_1_172' title='bbox 1049 2432 1128 2484; x_wconf 91' lang='lat' dir='ltr'>sunt</span> 
     </span>
     <span class='ocr_line' id='line_1_22' title="bbox 124 2514 1128 2597; baseline 0.002 -22"><span class='ocrx_word' id='word_1_173' title='bbox 124 2514 206 2585; x_wconf 81' lang='lat' dir='ltr'>salsi,</span> <span class='ocrx_word' id='word_1_174' title='bbox 232 2534 312 2576; x_wconf 90' lang='lat' dir='ltr'>nam</span> <span class='ocrx_word' id='word_1_175' title='bbox 338 2515 525 2577; x_wconf 81' lang='lat' dir='ltr'>“montes&#39;&#39;</span> <span class='ocrx_word' id='word_1_176' title='bbox 549 2526 628 2577; x_wconf 89' lang='lat' dir='ltr'>sunt</span> <span class='ocrx_word' id='word_1_177' title='bbox 652 2516 752 2589; x_wconf 88' lang='lat' dir='ltr'>mala,</span> <span class='ocrx_word' id='word_1_178' title='bbox 774 2536 814 2578; x_wconf 89' lang='lat' dir='ltr'>ac</span> <span class='ocrx_word' id='word_1_179' title='bbox 839 2514 1128 2597; x_wconf 85' lang='lat' dir='ltr'>“crepusculum&#39;&#39;</span> 
     </span>
     <span class='ocr_line' id='line_1_23' title="bbox 104 2608 1128 2692; baseline 0.003 -22"><span class='ocrx_word' id='word_1_180' title='bbox 104 2629 153 2674; x_wconf 92' lang='lat' dir='ltr'>um</span> <span class='ocrx_word' id='word_1_181' title='bbox 166 2629 234 2671; x_wconf 90' lang='lat' dir='ltr'>non</span> <span class='ocrx_word' id='word_1_182' title='bbox 247 2609 382 2671; x_wconf 91' lang='lat' dir='ltr'>videtur</span> <span class='ocrx_word' id='word_1_183' title='bbox 394 2629 508 2671; x_wconf 89' lang='lat' dir='ltr'>verum</span> <span class='ocrx_word' id='word_1_184' title='bbox 524 2610 583 2672; x_wconf 91' lang='lat' dir='ltr'>sed</span> <span class='ocrx_word' id='word_1_185' title='bbox 598 2608 674 2672; x_wconf 93' lang='lat' dir='ltr'>loco</span> <span class='ocrx_word' id='word_1_186' title='bbox 687 2609 756 2689; x_wconf 88' lang='lat' dir='ltr'>ejus</span> <span class='ocrx_word' id='word_1_187' title='bbox 769 2609 900 2684; x_wconf 87' lang='lat' dir='ltr'>salsum,</span> <span class='ocrx_word' id='word_1_188' title='bbox 915 2630 954 2673; x_wconf 92' lang='lat' dir='ltr'>ac</span> <span class='ocrx_word' id='word_1_189' title='bbox 970 2617 989 2641; x_wconf 88' lang='lat'>“</span> <span class='ocrx_word' id='word_1_190' title='bbox 1001 2612 1105 2692; x_wconf 89' lang='lat' dir='ltr'>pedes</span> <span class='ocrx_word' id='word_1_191' title='bbox 1114 2611 1128 2635; x_wconf 86' lang='lat'>’¹</span> 
     </span>
     <span class='ocr_line' id='line_1_24' title="bbox 104 2700 1128 2778; baseline 0.004 -15"><span class='ocrx_word' id='word_1_192' title='bbox 104 2700 200 2765; x_wconf 84' lang='lat' dir='ltr'>ficant</span> <span class='ocrx_word' id='word_1_193' title='bbox 221 2702 414 2765; x_wconf 87' lang='lat' dir='ltr'>naturalem</span> <span class='ocrx_word' id='word_1_194' title='bbox 438 2703 631 2778; x_wconf 89' lang='lat' dir='ltr'>hominem;</span> <span class='ocrx_word' id='word_1_195' title='bbox 662 2704 695 2765; x_wconf 92' lang='lat' dir='ltr'>in</span> <span class='ocrx_word' id='word_1_196' title='bbox 716 2704 861 2765; x_wconf 88' lang='lat' dir='ltr'>naturali</span> <span class='ocrx_word' id='word_1_197' title='bbox 881 2705 1128 2768; x_wconf 90' lang='lat' dir='ltr'>enimhomine</span> 
     </span>
     <span class='ocr_line' id='line_1_25' title="bbox 108 2796 1128 2879; baseline 0.002 -21"><span class='ocrx_word' id='word_1_198' title='bbox 108 2799 218 2859; x_wconf 90' lang='lat' dir='ltr'>omnia</span> <span class='ocrx_word' id='word_1_199' title='bbox 234 2797 325 2859; x_wconf 85' lang='lat' dir='ltr'>mala</span> <span class='ocrx_word' id='word_1_200' title='bbox 345 2806 379 2859; x_wconf 92' lang='lat' dir='ltr'>et</span> <span class='ocrx_word' id='word_1_201' title='bbox 398 2798 475 2860; x_wconf 94' lang='lat' dir='ltr'>inde</span> <span class='ocrx_word' id='word_1_202' title='bbox 494 2797 590 2870; x_wconf 79' lang='lat' dir='ltr'>salsa,</span> <span class='ocrx_word' id='word_1_203' title='bbox 608 2798 768 2879; x_wconf 89' lang='lat' dir='ltr'>quoniam</span> <span class='ocrx_word' id='word_1_204' title='bbox 788 2796 844 2861; x_wconf 90' lang='lat' dir='ltr'>ille</span> <span class='ocrx_word' id='word_1_205' title='bbox 861 2819 905 2860; x_wconf 90' lang='lat' dir='ltr'>ex</span> <span class='ocrx_word' id='word_1_206' title='bbox 923 2798 1128 2861; x_wconf 88' lang='lat' dir='ltr'>hereditario</span> 
     </span>
     <span class='ocr_line' id='line_1_26' title="bbox 104 2890 1127 2973; baseline 0.002 -20"><span class='ocrx_word' id='word_1_207' title='bbox 104 2910 127 2952; x_wconf 82' lang='lat' dir='ltr'>n</span> <span class='ocrx_word' id='word_1_208' title='bbox 144 2890 206 2953; x_wconf 83' lang='lat' dir='ltr'>lert</span> <span class='ocrx_word' id='word_1_209' title='bbox 229 2911 344 2953; x_wconf 90' lang='lat' dir='ltr'>amare</span> <span class='ocrx_word' id='word_1_210' title='bbox 363 2911 398 2952; x_wconf 91' lang='lat' dir='ltr'>se</span> <span class='ocrx_word' id='word_1_211' title='bbox 422 2911 501 2972; x_wconf 89' lang='lat' dir='ltr'>prae</span> <span class='ocrx_word' id='word_1_212' title='bbox 521 2891 596 2952; x_wconf 88' lang='lat' dir='ltr'>Deo</span> <span class='ocrx_word' id='word_1_213' title='bbox 616 2902 651 2952; x_wconf 93' lang='lat' dir='ltr'>et</span> <span class='ocrx_word' id='word_1_214' title='bbox 675 2891 837 2953; x_wconf 90' lang='lat' dir='ltr'>mundum</span> <span class='ocrx_word' id='word_1_215' title='bbox 857 2912 937 2973; x_wconf 90' lang='lat' dir='ltr'>prae</span> <span class='ocrx_word' id='word_1_216' title='bbox 960 2893 1067 2964; x_wconf 89' lang='lat' dir='ltr'>caelo,</span> <span class='ocrx_word' id='word_1_217' title='bbox 1088 2911 1127 2955; x_wconf 93' lang='lat' dir='ltr'>ac</span> 
     </span>
     <span class='ocr_line' id='line_1_27' title="bbox 120 2985 1129 3066; baseline 0.002 -20"><span class='ocrx_word' id='word_1_218' title='bbox 120 2986 165 3047; x_wconf 91' lang='lat' dir='ltr'>eis</span> <span class='ocrx_word' id='word_1_219' title='bbox 183 2986 354 3046; x_wconf 90' lang='lat' dir='ltr'>amoribus</span> <span class='ocrx_word' id='word_1_220' title='bbox 374 2985 596 3047; x_wconf 89' lang='lat' dir='ltr'>adhaerentia</span> <span class='ocrx_word' id='word_1_221' title='bbox 616 3006 659 3046; x_wconf 84' lang='lat' dir='ltr'>ex</span> <span class='ocrx_word' id='word_1_222' title='bbox 681 2987 898 3066; x_wconf 88' lang='lat' dir='ltr'>parentibus;</span> <span class='ocrx_word' id='word_1_223' title='bbox 930 2986 1013 3048; x_wconf 93' lang='lat' dir='ltr'>haec</span> <span class='ocrx_word' id='word_1_224' title='bbox 1038 2985 1129 3048; x_wconf 89' lang='lat' dir='ltr'>mala</span> 
     </span>
     <span class='ocr_line' id='line_1_28' title="bbox 104 3078 1128 3160; baseline 0.001 -20"><span class='ocrx_word' id='word_1_225' title='bbox 104 3078 145 3142; x_wconf 90' lang='lat' dir='ltr'>de</span> <span class='ocrx_word' id='word_1_226' title='bbox 164 3079 248 3141; x_wconf 85' lang='lat' dir='ltr'>falsa</span> <span class='ocrx_word' id='word_1_227' title='bbox 268 3098 336 3140; x_wconf 91' lang='lat' dir='ltr'>non</span> <span class='ocrx_word' id='word_1_228' title='bbox 357 3088 576 3141; x_wconf 89' lang='lat' dir='ltr'>removentur</span> <span class='ocrx_word' id='word_1_229' title='bbox 600 3080 662 3140; x_wconf 90' lang='lat' dir='ltr'>nisi</span> <span class='ocrx_word' id='word_1_230' title='bbox 686 3099 745 3160; x_wconf 92' lang='lat' dir='ltr'>per</span> <span class='ocrx_word' id='word_1_231' title='bbox 765 3079 924 3142; x_wconf 90' lang='lat' dir='ltr'>Divinum</span> <span class='ocrx_word' id='word_1_232' title='bbox 946 3079 1072 3142; x_wconf 87' lang='lat' dir='ltr'>Verum</span> <span class='ocrx_word' id='word_1_233' title='bbox 1092 3089 1128 3141; x_wconf 89' lang='lat' dir='ltr'>et</span> 
     </span>
     <span class='ocr_line' id='line_1_29' title="bbox 104 3171 1129 3254; baseline 0.003 -20"><span class='ocrx_word' id='word_1_234' title='bbox 104 3191 118 3234; x_wconf 86' lang='lat' dir='ltr'>u</span> <span class='ocrx_word' id='word_1_235' title='bbox 139 3173 323 3236; x_wconf 88' lang='lat' dir='ltr'>secundum</span> <span class='ocrx_word' id='word_1_236' title='bbox 351 3171 453 3248; x_wconf 91' lang='lat' dir='ltr'>illud;</span> <span class='ocrx_word' id='word_1_237' title='bbox 489 3192 548 3253; x_wconf 92' lang='lat' dir='ltr'>per</span> <span class='ocrx_word' id='word_1_238' title='bbox 572 3172 656 3234; x_wconf 90' lang='lat' dir='ltr'>haec</span> <span class='ocrx_word' id='word_1_239' title='bbox 681 3174 829 3253; x_wconf 89' lang='lat' dir='ltr'>aperitur</span> <span class='ocrx_word' id='word_1_240' title='bbox 857 3193 952 3235; x_wconf 90' lang='lat' dir='ltr'>mens</span> <span class='ocrx_word' id='word_1_241' title='bbox 976 3175 1129 3254; x_wconf 88' lang='lat' dir='ltr'>superior</span> 
     </span>
     <span class='ocr_line' id='line_1_30' title="bbox 104 3266 1126 3348; baseline 0.002 -21"><span class='ocrx_word' id='word_1_242' title='bbox 104 3268 223 3329; x_wconf 89' lang='lat' dir='ltr'>nterior</span> <span class='ocrx_word' id='word_1_243' title='bbox 240 3266 399 3338; x_wconf 89' lang='lat' dir='ltr'>hominis,</span> <span class='ocrx_word' id='word_1_244' title='bbox 418 3287 503 3348; x_wconf 88' lang='lat' dir='ltr'>quae</span> <span class='ocrx_word' id='word_1_245' title='bbox 518 3266 613 3328; x_wconf 85' lang='lat' dir='ltr'>videt</span> <span class='ocrx_word' id='word_1_246' title='bbox 632 3287 679 3328; x_wconf 88' lang='lat' dir='ltr'>ex</span> <span class='ocrx_word' id='word_1_247' title='bbox 697 3266 771 3329; x_wconf 92' lang='lat' dir='ltr'>luce</span> <span class='ocrx_word' id='word_1_248' title='bbox 789 3267 885 3340; x_wconf 89' lang='lat' dir='ltr'>caeli,</span> <span class='ocrx_word' id='word_1_249' title='bbox 903 3277 938 3329; x_wconf 91' lang='lat' dir='ltr'>et</span> <span class='ocrx_word' id='word_1_250' title='bbox 959 3287 1018 3348; x_wconf 92' lang='lat' dir='ltr'>per</span> <span class='ocrx_word' id='word_1_251' title='bbox 1038 3267 1126 3330; x_wconf 90' lang='lat' dir='ltr'>hanc</span> 
     </span>
     <span class='ocr_line' id='line_1_31' title="bbox 104 3359 1128 3442; baseline 0.004 -22"><span class='ocrx_word' id='word_1_252' title='bbox 104 3377 124 3420; x_wconf 91' lang='lat' dir='ltr'>u</span> <span class='ocrx_word' id='word_1_253' title='bbox 140 3359 277 3423; x_wconf 89' lang='lat' dir='ltr'>discutit</span> <span class='ocrx_word' id='word_1_254' title='bbox 298 3360 464 3422; x_wconf 90' lang='lat' dir='ltr'>Dominus</span> <span class='ocrx_word' id='word_1_255' title='bbox 483 3359 573 3422; x_wconf 91' lang='lat' dir='ltr'>mala</span> <span class='ocrx_word' id='word_1_256' title='bbox 591 3370 626 3422; x_wconf 93' lang='lat' dir='ltr'>et</span> <span class='ocrx_word' id='word_1_257' title='bbox 649 3361 727 3423; x_wconf 89' lang='lat' dir='ltr'>inde</span> <span class='ocrx_word' id='word_1_258' title='bbox 746 3360 830 3422; x_wconf 88' lang='lat' dir='ltr'>lalsa</span> <span class='ocrx_word' id='word_1_259' title='bbox 849 3381 935 3442; x_wconf 89' lang='lat' dir='ltr'>quae</span> <span class='ocrx_word' id='word_1_260' title='bbox 958 3362 991 3422; x_wconf 94' lang='lat' dir='ltr'>in</span> <span class='ocrx_word' id='word_1_261' title='bbox 1012 3371 1128 3424; x_wconf 89' lang='lat' dir='ltr'>mente</span> 
     </span>
    </p>
   </div>
   <div class='ocr_carea' id='block_1_6' title="bbox 104 3451 1128 3609">
    <p class='ocr_par' dir='ltr' id='par_1_6' title="bbox 104 3451 1128 3609">
     <span class='ocr_line' id='line_1_32' title="bbox 104 3451 1128 3527; baseline 0.003 -16"><span class='ocrx_word' id='word_1_262' title='bbox 104 3451 157 3513; x_wconf 79' lang='lat' dir='ltr'>fall</span> <span class='ocrx_word' id='word_1_263' title='bbox 175 3461 265 3515; x_wconf 78' lang='lat' dir='ltr'>sunt.</span> <span class='ocrx_word' id='word_1_264' title='bbox 310 3467 395 3525; x_wconf 87' lang='lat' dir='ltr'>(Quod</span> <span class='ocrx_word' id='word_1_265' title='bbox 403 3463 1128 3527; x_wconf 73' lang='lat' dir='ltr'>&#39;‘pedes&#39;&#39;significentnaturalemhominem,videatursupra,</span> 
     </span>
     <span class='ocr_line' id='line_1_33' title="bbox 111 3528 1107 3609; baseline 0.003 -18"><span class='ocrx_word' id='word_1_266' title='bbox 111 3528 160 3609; x_wconf 75' lang='lat'>69:</span> <span class='ocrx_word' id='word_1_267' title='bbox 177 3548 234 3591; x_wconf 83' lang='lat' dir='ltr'>etin</span> <span class='ocrx_word' id='word_1_268' title='bbox 243 3547 349 3591; x_wconf 71' lang='lat' dir='ltr'>Arcano</span> <span class='ocrx_word' id='word_1_269' title='bbox 362 3548 506 3600; x_wconf 78' lang='lat' dir='ltr'>caelestibus,</span> <span class='ocrx_word' id='word_1_270' title='bbox 518 3561 541 3593; x_wconf 89' lang='lat' dir='ltr'>n.</span> <span class='ocrx_word' id='word_1_271' title='bbox 554 3548 621 3600; x_wconf 80' lang='lat'>2162,</span> <span class='ocrx_word' id='word_1_272' title='bbox 632 3560 700 3605; x_wconf 84' lang='lat'>3147,</span> <span class='ocrx_word' id='word_1_273' title='bbox 711 3548 780 3605; x_wconf 78' lang='lat'>3761,</span> <span class='ocrx_word' id='word_1_274' title='bbox 791 3549 859 3605; x_wconf 82' lang='lat'>3986,</span> <span class='ocrx_word' id='word_1_275' title='bbox 871 3551 940 3604; x_wconf 81' lang='lat'>4280,</span> <span class='ocrx_word' id='word_1_276' title='bbox 951 3549 1107 3607; x_wconf 80' lang='lat'><strong>4938-4952.)</strong></span> 
     </span>
    </p>
   </div>
   <div class='ocr_carea' id='block_1_7' title="bbox 104 3622 538 3709">
    <p class='ocr_par' dir='ltr' id='par_1_7' title="bbox 104 3622 538 3709">
     <span class='ocr_line' id='line_1_34' title="bbox 104 3622 538 3709; baseline 0.009 -23"><span class='ocrx_word' id='word_1_277' title='bbox 104 3622 133 3706; x_wconf 74' lang='lat' dir='ltr'>l]</span> <span class='ocrx_word' id='word_1_278' title='bbox 161 3626 267 3708; x_wconf 87' lang='lat' dir='ltr'>Apud</span> <span class='ocrx_word' id='word_1_279' title='bbox 282 3626 538 3709; x_wconf 83' lang='lat' dir='ltr'>Evangelistas‚</span> 
     </span>
    </p>
   </div>
   <div class='ocr_carea' id='block_1_8' title="bbox 104 3758 1128 4016">
    <p class='ocr_par' dir='ltr' id='par_1_8' title="bbox 104 3758 1128 4016">
     <span class='ocr_line' id='line_1_35' title="bbox 104 3758 1128 3822; baseline 0.004 -18"><span class='ocrx_word' id='word_1_280' title='bbox 104 3770 143 3806; x_wconf 75' lang='lat' dir='ltr'>sm</span> <span class='ocrx_word' id='word_1_281' title='bbox 155 3759 217 3808; x_wconf 89' lang='lat' dir='ltr'>dicit</span> <span class='ocrx_word' id='word_1_282' title='bbox 231 3758 377 3822; x_wconf 79' lang='lat' dir='ltr'>discipulis,</span> <span class='ocrx_word' id='word_1_283' title='bbox 389 3758 521 3809; x_wconf 87' lang='lat' dir='ltr'>“Habete</span> <span class='ocrx_word' id='word_1_284' title='bbox 536 3759 615 3808; x_wconf 85' lang='lat' dir='ltr'>fidem</span> <span class='ocrx_word' id='word_1_285' title='bbox 631 3759 680 3808; x_wconf 91' lang='lat' dir='ltr'>Dei</span> <span class='ocrx_word' id='word_1_286' title='bbox 691 3774 697 3818; x_wconf 88' lang='lat'><strong>;</strong></span> <span class='ocrx_word' id='word_1_287' title='bbox 714 3774 793 3808; x_wconf 88' lang='lat' dir='ltr'>amen</span> <span class='ocrx_word' id='word_1_288' title='bbox 808 3759 868 3808; x_wconf 92' lang='lat' dir='ltr'>dico</span> <span class='ocrx_word' id='word_1_289' title='bbox 881 3760 966 3817; x_wconf 83' lang='lat' dir='ltr'>vobis,</span> <span class='ocrx_word' id='word_1_290' title='bbox 979 3758 1128 3821; x_wconf 83' lang='lat' dir='ltr'>quicunque</span> 
     </span>
     <span class='ocr_line' id='line_1_36' title="bbox 140 3823 1128 3887; baseline 0 -14"><span class='ocrx_word' id='word_1_291' title='bbox 140 3823 234 3873; x_wconf 81' lang='lat' dir='ltr'>dixerit</span> <span class='ocrx_word' id='word_1_292' title='bbox 248 3824 347 3873; x_wconf 90' lang='lat' dir='ltr'>monti.</span> <span class='ocrx_word' id='word_1_293' title='bbox 358 3862 363 3873; x_wconf 94' lang='lat'>.</span> <span class='ocrx_word' id='word_1_294' title='bbox 374 3862 392 3881; x_wconf 85' lang='lat'>..</span> <span class='ocrx_word' id='word_1_295' title='bbox 408 3823 515 3874; x_wconf 84' lang='lat' dir='ltr'>Tollere</span> <span class='ocrx_word' id='word_1_296' title='bbox 529 3835 556 3873; x_wconf 89' lang='lat' dir='ltr'>et</span> <span class='ocrx_word' id='word_1_297' title='bbox 569 3824 670 3887; x_wconf 85' lang='lat' dir='ltr'>projice</span> <span class='ocrx_word' id='word_1_298' title='bbox 684 3835 710 3873; x_wconf 89' lang='lat' dir='ltr'>te</span> <span class='ocrx_word' id='word_1_299' title='bbox 725 3825 752 3872; x_wconf 91' lang='lat' dir='ltr'>in</span> <span class='ocrx_word' id='word_1_300' title='bbox 767 3839 849 3882; x_wconf 85' lang='lat' dir='ltr'>mare,</span> <span class='ocrx_word' id='word_1_301' title='bbox 863 3839 911 3873; x_wconf 91' lang='lat' dir='ltr'>nec</span> <span class='ocrx_word' id='word_1_302' title='bbox 925 3824 1086 3873; x_wconf 84' lang='lat' dir='ltr'>dubitaverit</span> <span class='ocrx_word' id='word_1_303' title='bbox 1100 3824 1128 3873; x_wconf 90' lang='lat' dir='ltr'>in</span> 
     </span>
     <span class='ocr_line' id='line_1_37' title="bbox 140 3888 1128 3952; baseline 0.002 -16"><span class='ocrx_word' id='word_1_304' title='bbox 140 3891 216 3938; x_wconf 87' lang='lat' dir='ltr'>corde</span> <span class='ocrx_word' id='word_1_305' title='bbox 228 3904 288 3945; x_wconf 79' lang='lat' dir='ltr'>suo,</span> <span class='ocrx_word' id='word_1_306' title='bbox 302 3890 350 3938; x_wconf 88' lang='lat' dir='ltr'>sed</span> <span class='ocrx_word' id='word_1_307' title='bbox 362 3891 503 3939; x_wconf 86' lang='lat' dir='ltr'>crediderit</span> <span class='ocrx_word' id='word_1_308' title='bbox 521 3891 593 3952; x_wconf 90' lang='lat' dir='ltr'>quod</span> <span class='ocrx_word' id='word_1_309' title='bbox 611 3905 679 3952; x_wconf 88' lang='lat' dir='ltr'>quae</span> <span class='ocrx_word' id='word_1_310' title='bbox 691 3891 755 3938; x_wconf 89' lang='lat' dir='ltr'>dicit</span> <span class='ocrx_word' id='word_1_311' title='bbox 767 3889 856 3939; x_wconf 87' lang='lat' dir='ltr'>lutura</span> <span class='ocrx_word' id='word_1_312' title='bbox 868 3890 931 3947; x_wconf 87' lang='lat' dir='ltr'>sint,</span> <span class='ocrx_word' id='word_1_313' title='bbox 946 3888 991 3937; x_wconf 84' lang='lat' dir='ltr'>fiet</span> <span class='ocrx_word' id='word_1_314' title='bbox 1008 3889 1046 3937; x_wconf 89' lang='lat' dir='ltr'>illi</span> <span class='ocrx_word' id='word_1_315' title='bbox 1060 3903 1128 3951; x_wconf 86' lang='lat' dir='ltr'>quae</span> 
     </span>
     <span class='ocr_line' id='line_1_38' title="bbox 140 3954 759 4016; baseline 0.002 -14"><span class='ocrx_word' id='word_1_316' title='bbox 140 3954 225 4004; x_wconf 64' lang='lat' dir='ltr'>dlxiv·</span> <span class='ocrx_word' id='word_1_317' title='bbox 237 3956 335 4015; x_wconf 86' lang='lat' dir='ltr'>(Marc.</span> <span class='ocrx_word' id='word_1_318' title='bbox 347 3956 382 4004; x_wconf 85' lang='lat' dir='ltr'>xi.</span> <span class='ocrx_word' id='word_1_319' title='bbox 395 3967 433 4012; x_wconf 82' lang='lat'>22,</span> <span class='ocrx_word' id='word_1_320' title='bbox 446 3967 476 4015; x_wconf 87' lang='lat'>23</span> <span class='ocrx_word' id='word_1_321' title='bbox 488 3970 494 4013; x_wconf 88' lang='lat'>;</span> <span class='ocrx_word' id='word_1_322' title='bbox 518 3955 616 4004; x_wconf 82' lang='lat' dir='ltr'>Matth.</span> <span class='ocrx_word' id='word_1_323' title='bbox 628 3956 690 4003; x_wconf 84' lang='lat' dir='ltr'>xvii.</span> <span class='ocrx_word' id='word_1_324' title='bbox 704 3957 759 4016; x_wconf 73' lang='lat' dir='ltr'>aolz</span> 
     </span>
    </p>
   </div>
   <div class='ocr_carea' id='block_1_9' title="bbox 104 4084 1125 4448">
    <p class='ocr_par' dir='ltr' id='par_1_9' title="bbox 104 4084 1125 4448">
     <span class='ocr_line' id='line_1_39' title="bbox 104 4084 1125 4168; baseline 0.004 -25"><span class='ocrx_word' id='word_1_325' title='bbox 104 4100 156 4147; x_wconf 85' lang='lat' dir='ltr'>uon</span> <span class='ocrx_word' id='word_1_326' title='bbox 180 4088 246 4150; x_wconf 87' lang='lat' dir='ltr'>scit</span> <span class='ocrx_word' id='word_1_327' title='bbox 274 4084 399 4148; x_wconf 86' lang='lat' dir='ltr'>arcana</span> <span class='ocrx_word' id='word_1_328' title='bbox 426 4086 522 4161; x_wconf 89' lang='lat' dir='ltr'>caeli,</span> <span class='ocrx_word' id='word_1_329' title='bbox 546 4096 581 4150; x_wconf 90' lang='lat' dir='ltr'>et</span> <span class='ocrx_word' id='word_1_330' title='bbox 609 4105 744 4149; x_wconf 90' lang='lat' dir='ltr'>sensum</span> <span class='ocrx_word' id='word_1_331' title='bbox 772 4085 983 4168; x_wconf 89' lang='lat' dir='ltr'>spiritualem</span> <span class='ocrx_word' id='word_1_332' title='bbox 1006 4084 1125 4160; x_wconf 88' lang='lat' dir='ltr'>Verbi,</span> 
     </span>
     <span class='ocr_line' id='line_1_40' title="bbox 104 4178 1124 4263; baseline 0.001 -23"><span class='ocrx_word' id='word_1_333' title='bbox 104 4197 149 4242; x_wconf 82' lang='lat' dir='ltr'>ere</span> <span class='ocrx_word' id='word_1_334' title='bbox 163 4191 279 4263; x_wconf 88' lang='lat' dir='ltr'>potest</span> <span class='ocrx_word' id='word_1_335' title='bbox 299 4181 389 4262; x_wconf 91' lang='lat' dir='ltr'>quod</span> <span class='ocrx_word' id='word_1_336' title='bbox 406 4181 571 4243; x_wconf 90' lang='lat' dir='ltr'>Dominus</span> <span class='ocrx_word' id='word_1_337' title='bbox 590 4181 675 4244; x_wconf 89' lang='lat' dir='ltr'>haec</span> <span class='ocrx_word' id='word_1_338' title='bbox 696 4180 830 4243; x_wconf 90' lang='lat' dir='ltr'>locutus</span> <span class='ocrx_word' id='word_1_339' title='bbox 846 4182 890 4243; x_wconf 90' lang='lat' dir='ltr'>sit</span> <span class='ocrx_word' id='word_1_340' title='bbox 910 4180 1039 4242; x_wconf 89' lang='lat' dir='ltr'>nonde</span> <span class='ocrx_word' id='word_1_341' title='bbox 1059 4178 1124 4242; x_wconf 88' lang='lat' dir='ltr'>fide</span> 
     </span>
     <span class='ocr_line' id='line_1_41' title="bbox 104 4273 1124 4357; baseline 0 -23"><span class='ocrx_word' id='word_1_342' title='bbox 104 4284 175 4349; x_wconf 82' lang='lat' dir='ltr'>aute,</span> <span class='ocrx_word' id='word_1_343' title='bbox 186 4277 246 4339; x_wconf 91' lang='lat' dir='ltr'>sed</span> <span class='ocrx_word' id='word_1_344' title='bbox 260 4276 303 4338; x_wconf 92' lang='lat' dir='ltr'>de</span> <span class='ocrx_word' id='word_1_345' title='bbox 317 4275 382 4337; x_wconf 90' lang='lat' dir='ltr'>alia</span> <span class='ocrx_word' id='word_1_346' title='bbox 394 4274 458 4338; x_wconf 83' lang='lat' dir='ltr'>fide</span> <span class='ocrx_word' id='word_1_347' title='bbox 471 4295 572 4357; x_wconf 91' lang='lat' dir='ltr'>quam</span> <span class='ocrx_word' id='word_1_348' title='bbox 582 4284 708 4337; x_wconf 89' lang='lat' dir='ltr'>vocant</span> <span class='ocrx_word' id='word_1_349' title='bbox 722 4275 920 4338; x_wconf 88' lang='lat' dir='ltr'>historicam</span> <span class='ocrx_word' id='word_1_350' title='bbox 932 4283 968 4336; x_wconf 89' lang='lat' dir='ltr'>et</span> <span class='ocrx_word' id='word_1_351' title='bbox 982 4273 1124 4335; x_wconf 89' lang='lat' dir='ltr'>miracu·</span> 
     </span>
     <span class='ocr_line' id='line_1_42' title="bbox 104 4369 1125 4448; baseline -0.006 -14"><span class='ocrx_word' id='word_1_352' title='bbox 104 4381 142 4444; x_wconf 85' lang='lat' dir='ltr'>u;</span> <span class='ocrx_word' id='word_1_353' title='bbox 161 4371 219 4434; x_wconf 91' lang='lat' dir='ltr'>sed</span> <span class='ocrx_word' id='word_1_354' title='bbox 236 4370 297 4433; x_wconf 87' lang='lat' dir='ltr'>illa</span> <span class='ocrx_word' id='word_1_355' title='bbox 313 4369 445 4432; x_wconf 88' lang='lat' dir='ltr'>locutus</span> <span class='ocrx_word' id='word_1_356' title='bbox 461 4379 514 4432; x_wconf 87' lang='lat' dir='ltr'>est</span> <span class='ocrx_word' id='word_1_357' title='bbox 531 4369 696 4432; x_wconf 89' lang='lat' dir='ltr'>Dominus</span> <span class='ocrx_word' id='word_1_358' title='bbox 713 4370 755 4432; x_wconf 84' lang='lat' dir='ltr'>de</span> <span class='ocrx_word' id='word_1_359' title='bbox 772 4369 836 4433; x_wconf 87' lang='lat' dir='ltr'>lide</span> <span class='ocrx_word' id='word_1_360' title='bbox 853 4369 1019 4441; x_wconf 88' lang='lat' dir='ltr'>salvante,</span> <span class='ocrx_word' id='word_1_361' title='bbox 1037 4385 1125 4448; x_wconf 90' lang='lat' dir='ltr'>quae</span> 
     </span>
    </p>
   </div>
   <div class='ocr_carea' id='block_1_10' title="bbox 0 0 1346 4988">
    <p class='ocr_par' dir='ltr' id='par_1_10' title="bbox 0 0 1346 4988">
     <span class='ocr_line' id='line_1_43' title="bbox 0 0 1346 4988; baseline 0 0"><span class='ocrx_word' id='word_1_362' title='bbox 0 0 1346 4988; x_wconf 95' lang='lat' dir='ltr'> </span> 
     </span>
    </p>
   </div>
  </div>
 </body>
</html>
