2684 4988
108 475 174 547 194
418 475 668 528 APOCALYPSIS
690 477 942 529 EXPLICATA.'l

109 647 199 731 quod
209 658 309 710 vocat
320 648 446 710 bonum
458 669 465 724 ;
487 647 657 710 “ferrum”
667 656 719 710 est
731 647 861 722 salsum,
873 659 907 711 et
920 654 939 679 ‘⁴
948 648 1037 728 ignis
1047 648 1181 710 carboni

109 752 162 805 est
176 742 297 804 malurn
311 743 433 803 amoris
449 743 589 822 proprii:
615 761 673 823 per
687 741 845 804 “malleis
857 744 966 804 acutis
981 742 1102 804 format
1119 742 1181 803 illu«

111 833 317 915 significatur
335 855 393 916 per
411 836 585 897 ratiocinia
603 855 647 896 ex
671 834 760 896 salsis
779 835 964 915 ingeniosa,
984 845 1020 897 ut
1040 855 1181 915 apparea

112 928 313 1005 cohaerere;
341 950 399 1010 per
423 931 499 991 “sic
528 940 685 1009 operatur
707 927 789 990 illud
816 948 875 1009 per
897 928 1070 990 brachium
1098 931 1181 991 robor

111 1021 185 1085 sui”
203 1022 409 1103 significatur
427 1044 471 1084 ex
496 1024 648 1103 proprio;
674 1018 732 1103 pe'r
752 1024 882 1084 “etiam
902 1024 1003 1084 esurit
1025 1044 1129 1104 usque
1146 1024 1181 1084 du

111 1136 178 1180 non
201 1117 309 1190 robur,
335 1137 442 1199 neque
468 1117 551 1178 bibit
575 1115 781 1197 usquedum
808 1116 998 1196 fatigatur‚”
1021 1116 1179 1196 significat

110 1209 199 1290 quod
214 1229 375 1290 nusquam
387 1209 509 1291 aliquid
524 1211 612 1281 boni,
625 1231 685 1273 nec
697 1210 822 1291 aliquid
832 1212 899 1272 veri
913 1232 920 1284 ;
938 1218 958 1241 “
968 1213 1092 1273 esurire
1099 1211 1114 1234 '⁹
1123 1213 1181 1291 sigr

110 1300 187 1364 licat
211 1303 476 1384 deprivationem
501 1304 590 1374 boni,
615 1324 653 1366 ac
679 1309 773 1365 “non
799 1304 934 1366 bibere’'
957 1305 1181 1386 deprivatione

110 1397 189 1469 veri,
206 1416 245 1458 ac
263 1403 396 1477 “usque
415 1397 493 1459 dum
514 1417 581 1459 non
601 1398 699 1459 robur
708 1398 722 1419 ”
738 1408 772 1460 et
791 1407 923 1479 “usque
938 1399 1019 1459 dum
1039 1398 1181 1477 satigatu

110 1489 276 1571 significat
295 1491 385 1571 quod
408 1511 512 1572 usque
530 1491 608 1553 dum
629 1491 708 1553 nihil
732 1491 811 1553 boni
834 1502 868 1552 et
889 1491 970 1553 nihil
990 1493 1059 1553 veri
1079 1512 1181 1554 mane:

110 1580 204 1664 Quia,
224 1585 278 1666 qui
301 1606 345 1647 ex
369 1584 443 1648 solo
463 1605 562 1647 sensu
585 1584 719 1648 litterae
739 1585 830 1648 videt
851 1584 1013 1658 Verbum,
1034 1584 1133 1648 aliter
1151 1606 1181 1648 sc

109 1699 209 1760 quam
236 1680 326 1760 quod
353 1679 509 1742 formatio
536 1679 638 1741 fusilis
665 1679 717 1741 bic
746 1680 977 1742 describatur?
1031 1678 1098 1743 Sed
1124 1700 1181 1762 usq

110 1771 224 1836 videre
247 1783 360 1854 potest
384 1773 473 1854 quod
496 1772 574 1835 talis
597 1773 779 1854 descriptio
801 1772 1011 1835 formationis
1034 1774 1137 1836 fusilis
1159 1793 1180 1836 n

109 1865 233 1947 aliquid
253 1867 425 1948 spirituale
446 1866 609 1940 involvat,
629 1877 702 1929 tum
721 1867 811 1947 quod
834 1867 1035 1948 superfluum
1055 1869 1098 1930 sit
1118 1869 1181 1931 dict

111 1960 200 2041 quod
226 1962 355 2023 “etiam
384 1962 506 2023 esuriat
534 1980 639 2042 usque
661 1961 740 2022 dum
768 1980 836 2023 non
863 1960 973 2034 robur,
998 1981 1109 2042 neque
1135 1962 1181 2024 bil

110 2055 304 2136 usquedum
320 2054 479 2134 fatigatur
491 2053 516 2129 ;¹'
534 2064 569 2116 at
586 2056 618 2115 in
636 2053 752 2117 Verbo
768 2075 835 2117 non
853 2055 961 2116 solum
977 2055 1030 2117 hic
1047 2056 1109 2118 sed
1125 2057 1181 2118 etit

109 2148 188 2213 alibi
204 2150 328 2230 passim
340 2148 539 2211 describitur
555 2147 711 2210 formatio
726 2149 897 2229 religionis
913 2160 948 2211 et
965 2144 1141 2212 docirinae
1156 2150 1181 2212 ia

110 2259 170 2322 per
182 2247 201 2272 “
211 2238 333 2312 idola,”
345 2246 365 2271 ‘⁶
374 2239 547 2320 sculptilia
556 2238 570 2261 '⁹
583 2249 618 2300 et
634 2246 653 2271 '⁴
662 2239 771 2301 fusilia
780 2239 795 2263 ”
806 2256 879 2313 (quae
888 2257 954 2312 quod
964 2256 1100 2313 significent
1110 2256 1181 2301 blut

108 2331 187 2392 glottis
195 2338 217 2375 et
225 2331 349 2376 doetrinae
357 2331 458 2375 oriunda
466 2344 495 2374 ex
503 2330 599 2388 proprio
608 2330 729 2375 intellectu
738 2339 761 2375 er
769 2345 798 2376 ex
827 2332 906 2389 ropn'o
913 2345 1002 2383 amore.
1011 2331 1122 2377 videntur
1129 2333 1181 2377 rubi

110 2403 557 2465 893a.8941,l¹39424.10406‚10503).
601 2386 706 2469 Apud
725 2409 789 2451 eun
817 2409 882 2464 em,

161 2521 248 2570 “Duo
257 2523 323 2570 haec
332 2522 499 2570 obvenerunt
509 2521 564 2575 tibi.
574 2522 632 2583 quis
640 2521 783 2570 condoleat
792 2522 856 2572 tibi?
872 2522 1023 2571 devastatio
1032 2533 1059 2572 et
1068 2521 1181 2572 coulrad

240 2598 267 2635 et
279 2587 364 2635 tames
376 2597 401 2635 et
414 2587 518 2648 gladius
526 2585 540 2603 ”
552 2587 588 2647 (li.
601 2587 655 2648 19):

111 2710 164 2772 hic
177 2730 309 2792 quoque
322 2730 379 2790 per
393 2717 412 2740 ‘⁴
421 2709 543 2772 samem
552 2709 567 2732 ”
580 2697 781 2790 intelligitur
793 2710 982 2791 deprivatio
994 2711 1181 2790 cognitioni

111 2805 200 2877 boni,
224 2804 427 2884 usquedum
453 2823 518 2865 non
542 2804 666 2865 bonurn
690 2803 853 2884 amplius;
881 2814 916 2866 et
940 2824 999 2884 per
1024 2804 1181 2884 “gladiur

111 2898 298 2979 deprivatio
310 2898 541 2977 cognitionum
553 2898 631 2966 veri,
644 2918 747 2978 usque
760 2898 839 2959 dum
854 2918 921 2959 non
935 2918 1050 2960 verum
1064 2897 1181 2979 amplir

111 3012 213 3072 quare
231 2992 334 3054 etiam
353 2991 474 3052 dicitur
492 2991 734 3053 “devastatio”
749 3002 785 3054 et
807 2989 1020 3054 “coniraelio
1032 2991 1057 3066 ;”
1078 2993 1181 3054 “deva

112 3085 220 3148 tatio'’
238 3084 404 3164 significat
423 3084 512 3164 quod
532 3104 599 3145 non
621 3083 745 3146 bonurn
765 3084 917 3166 amplius,
938 3097 973 3148 et
993 3083 1181 3149 “confracti

111 3178 200 3261 quod
220 3198 287 3240 non
306 3197 420 3240 verum
440 3177 592 3258 amplius.
637 3176 741 3259 Apud
760 3179 917 3250 eundem,

162 3315 179 3336 ‘¹
189 3311 230 3361 Sic
242 3311 309 3360 dixit
322 3311 454 3359 Dominus
462 3309 585 3374 Jebouih.
599 3309 666 3359 Ecce
675 3312 746 3360 servi
758 3312 810 3359 mei
823 3313 973 3368 comedent,
984 3327 1035 3360 ros
1047 3323 1139 3362 autem
1148 3328 1181 3362 esi

240 3378 291 3425 etis
301 3391 307 3434 ;
323 3373 407 3440 [ecce]
416 3376 486 3424 servi
494 3376 546 3424 mei
555 3377 654 3432 bibent,
662 3387 805 3425 vosautem
814 3377 909 3425 sitietis
919 3392 925 3434 ;
939 3392 999 3426 ecce
1008 3380 1079 3427 servi
1088 3380 1141 3427 mei
1150 3379 1181 3428 lar

241 3444 347 3499 buntur,
361 3451 510 3489 vosautem
524 3441 662 3503 pudefietis
671 3441 684 3459 ”
696 3441 759 3502 (lxv.
773 3443 826 3501 13):

111 3589 170 3651 per
183 3570 333 3631 “esurire
348 3579 383 3631 et
400 3565 514 3630 sitire”
526 3567 578 3629 hic
595 3588 729 3649 quoque
745 3567 944 3649 intelligitur
956 3570 1123 3651 deprivari
1139 3571 1181 3633 bo

111 3664 232 3726 amoris
256 3674 289 3725 et
309 3664 395 3725 veris
418 3661 504 3735 fidei,
526 3681 584 3742 per
604 3662 779 3725 “esurire''
797 3663 961 3745 deprivari
985 3666 1076 3728 bono
1095 3685 1181 3727 arnor

111 3767 145 3818 et
157 3777 214 3837 per
226 3763 244 3788 “
254 3757 345 3818 sitire
353 3754 367 3780 '’
378 3756 540 3836 deprivari
553 3756 638 3817 veris
649 3754 723 3818 fidei
736 3779 743 3832 ;
761 3777 819 3838 per
830 3763 849 3789 ‘⁴
859 3760 1038 3821 comedere
1047 3773 1083 3821 et
1093 3758 1181 3828 biber

111 3848 318 3929 significatur
340 3850 577 3911 communicari
606 3844 640 3911 e't
668 3851 872 3931 appropriari
900 3851 989 3913 bona
1018 3862 1052 3914 et
1076 3872 1164 3924 vera,

111 3963 169 4023 per
183 3949 326 4005 “servos
344 3943 478 4004 Domini
493 3941 660 4022 Jehovih”
676 3943 722 4005 illi
740 3945 794 4025 qui
811 3946 974 4026 recipiunt
991 3947 1081 4008 bona
1098 3957 1132 4009 et
1150 3967 1181 4008 vc

110 4056 130 4098 a
154 4036 321 4099 Domino:
353 4037 431 4098 inde
459 4047 554 4117 patet
577 4037 655 4117 quid
683 4037 888 4118 significatur
911 4060 969 4120 per
995 4040 1119 4103 “Ecce
1142 4061 1181 4101 sei

112 4131 176 4192 mei
200 4131 391 4202 comedent,
410 4151 471 4191 vos
494 4141 607 4192 autem
627 4133 799 4209 esurietis;
822 4135 908 4195 servi
930 4135 994 4195 mei
1018 4135 1181 4206 bibent‚u

112 4235 224 4286 autem
245 4226 364 4286 sitietis
376 4224 401 4285 :''
424 4224 513 4305 quod
534 4223 598 4285 illis
617 4224 758 4287 felicitas
775 4236 922 4299 aeterna,
941 4227 991 4288 his
1009 4238 1124 4289 autern
1142 4228 1181 4290 inl

111 4317 229 4389 licitas,
254 4317 460 4398 significatur
483 4338 541 4398 per
564 4317 687 4380 “Ecce
713 4321 798 4382 servi
824 4323 888 4382 mei
916 4321 1181 4395 laetabuntur‚v

110 4422 223 4474 autem
243 4411 445 4493 pudefietis.”
490 4411 592 4492 Apud
611 4412 807 4489 Jeremiam,
