2716 4986
126 489 207 555 1230
347 505 351 509 ’
432 488 681 540 APOCALYPSIS
704 490 931 541 EXPLICATA.

252 655 291 704 dit
311 654 406 705 Moseh
424 656 550 705 baculum
568 657 603 707 ad
620 657 733 715 caelum,
748 668 775 708 et
792 656 913 722 Jehovah
932 658 1007 709 dedit
1022 675 1105 709 voces
1121 669 1147 708 et
1162 673 1225 720 gran·

252 721 361 777 dinem:
381 730 408 770 et
428 723 576 770 ambulavit
597 722 668 784 ignis
687 723 721 771 ad
743 733 858 780 terram:
879 733 905 773 et
926 723 1020 786 pluere
1042 724 1107 774 lecit
1122 724 1226 788 Jehovah

251 787 411 847 grandinem
430 802 510 849 super
524 796 624 836 terram
640 788 767 851 Aegypti,
783 799 810 837 et
827 789 878 838 luit
895 790 1012 851 grando,
1029 799 1057 839 et
1075 790 1147 852 ignis
1161 789 1227 839 simul

251 851 394 900 ambulans
402 851 429 899 in
438 853 528 901 medio
535 853 677 915 grandinis
684 854 777 915 gravis
784 854 873 903 valde.
884 891 890 904 .
900 892 905 903 .
917 868 938 910 .;
953 864 979 904 et
989 855 1123 916 percussit
1130 855 1226 917 grando,

256 952 278 964 ..
289 930 398 964 ..omne
410 917 483 979 quod
495 917 522 965 in
535 931 611 979 agro,
626 919 661 966 ab
675 918 786 967 homine
798 933 882 983 usque
894 919 929 968 ad
944 921 1079 974 bestiam:
1096 929 1124 969 et
1135 933 1228 968 omnem

252 980 362 1029 herbam
375 982 432 1044 agri
449 983 580 1044 percussit
594 984 707 1044 grando,
722 992 748 1032 et
761 998 870 1032 omnem
882 985 1009 1033 arborem
1023 986 1082 1046 agri
1097 986 1229 1046 contagia

251 1055 355 1094 tantum
367 1047 393 1095 in
405 1043 500 1110 [terra]
512 1047 647 1106 Goschen,
658 1049 704 1096 ubi
713 1058 791 1098 erant
800 1049 847 1098 lilii
858 1048 975 1106 Israelis,
988 1065 1045 1098 non
1056 1060 1115 1099 erat
1124 1050 1228 1127 grando:

256 1147 262 1159 .
273 1147 295 1159 ..
306 1120 344 1160 ‚et
356 1111 441 1160 linum
454 1122 480 1160 et
494 1113 624 1161 hordeum
640 1127 794 1175 percussum
809 1123 858 1172 est,
873 1115 936 1177 quia
949 1114 1085 1164 hordeum
1101 1129 1173 1177 spica
1184 1130 1230 1163 ma·

253 1184 399 1233 turescens,
414 1185 440 1224 et
453 1176 537 1226 linum
551 1176 671 1227 culmus:
690 1188 717 1227 et
729 1179 846 1228 triticum
858 1189 885 1228 et
897 1194 946 1228 zea
957 1194 1013 1228 non
1029 1194 1158 1242 percussa
1168 1190 1228 1237 sunt,

251 1240 314 1304 quia
326 1241 418 1290 abdita
430 1241 497 1290 illa”
509 1243 601 1304 (ΕΜ.
614 1243 649 1294 ix.
664 1243 766 1304 18-35):

120 1384 241 1446 similia
265 1405 325 1466 per
350 1387 579 1467 “grandinem
608 1389 641 1450 in
669 1388 835 1470 Aegypto
846 1389 861 1413 ''
884 1390 1134 1471 significantur,
1156 1409 1229 1473 quae

119 1497 177 1557 per
208 1480 460 1559 “grandinem'’
484 1481 537 1544 hic
566 1482 598 1544 in
624 1482 851 1565 Apocalypsi;
880 1504 984 1566 quare
1012 1487 1120 1548 etiam
1147 1484 1230 1567 plura

119 1572 239 1634 similia
258 1574 434 1651 dicuntur;
458 1586 494 1638 ut
514 1576 604 1658 quod
624 1578 785 1657 “grando
803 1587 837 1640 et
857 1578 945 1659 ignis
965 1577 1066 1640 simul
1087 1578 1229 1640 ambula·

118 1664 258 1738 verint,'’
274 1669 363 1748 quod
385 1675 572 1750 “percussa
591 1671 634 1732 sit
655 1670 760 1733 herba
779 1672 852 1751 agri
871 1683 906 1734 et
926 1669 1123 1734 confradlae
1142 1671 1230 1734 arbo·

117 1780 170 1822 res
183 1758 209 1821 ;”
232 1761 322 1843 quod
347 1760 441 1842 plura
464 1762 585 1824 similia
609 1764 662 1826 hic
687 1765 927 1838 memorentur,
947 1774 1001 1827 est
1022 1768 1101 1846 quia
1120 1764 1230 1827 similia

118 1874 177 1935 per
192 1853 312 1936 plagas
326 1854 480 1938 Aegypti
497 1855 730 1937 significantur
742 1878 828 1940 quae
844 1879 904 1940 per
920 1858 1042 1940 plagas
1060 1859 1092 1920 in
1108 1858 1229 1939 Apoca-

118 1947 319 2031 lypsisadlas
329 1951 408 2013 dum
420 1961 551 2033 septem
563 1951 675 2032 angeli
687 1951 911 2028 clanxerunt;
929 1974 989 2034 per
999 1950 1229 2035 “Aegyptios’'

118 2045 206 2106 enim
231 2042 507 2124 significabantur
530 2065 621 2107 mere
645 2044 817 2109 naturales
843 2046 1011 2120 homines,
1036 2067 1097 2130 per
1122 2045 1229 2108 “filios

119 2135 276 2201 Israelis’'
300 2138 491 2220 spirituales
514 2140 680 2213 homines,
705 2160 764 2221 per
783 2139 932 2222 “plagas
956 2140 1139 2222 Aegypti”
1161 2140 1228 2202 illae

118 2233 325 2295 mutationes
344 2253 430 2315 quae
454 2233 660 2315 praecedunt
680 2244 761 2297 ante
781 2233 937 2296 ultimum
953 2233 1129 2314 judicium,
1146 2233 1227 2296 simi·

118 2326 194 2389 liter
208 2336 244 2389 ut
258 2327 310 2389 hic
324 2328 357 2389 in
370 2327 400 2388 A
402 2325 601 2409 pocalypsi,·
621 2347 698 2390 nam
713 2349 772 2409 per
784 2328 1037 2391 immersionem
1053 2326 1228 2391 Pharaonis

117 2431 152 2483 et
176 2419 428 2502 Aegyptiorum
452 2422 485 2483 in
510 2420 603 2484 Mare
627 2419 720 2502 Suph
739 2422 1063 2503 repraesentabatur
1082 2422 1226 2484 ultimum

114 2512 273 2594 judicium
297 2524 331 2576 et
354 2515 539 2576 damnatio
586 2514 670 2577 Inde
690 2534 777 2577 nunc
802 2515 966 2595 estquod
991 2535 1051 2597 per
1072 2513 1226 2596 “grandi-

118 2606 217 2669 nem’'
244 2619 279 2671 et
310 2609 453 2688 “ignem
465 2608 480 2631 ’'
508 2608 552 2670 ibi
579 2609 683 2671 etiarn
711 2608 944 2690 significentur
971 2609 1057 2671 falsa
1084 2618 1119 2671 et
1148 2606 1226 2669 mala

117 2699 328 2761 destruentia
341 2699 531 2762 ecclesiam.
565 2717 624 2774 (Sed
633 2717 672 2761 tna
681 2716 966 2773 videamurexplicatain
976 2717 1081 2761 arcane
1093 2715 1226 2762 &cassen

116 2805 305 2861 n.7553-7⁶19.)
348 2788 465 2850 Simile
484 2790 598 2870 itaque
618 2788 828 2869 significatur
846 2809 906 2871 per
927 2790 1160 2870 “grandinem
1169 2787 1183 2809 ”
1197 2794 1226 2848 et

119 2885 270 2962 “prunas
279 2879 293 2902 ’¹
313 2900 371 2942 seu
390 2881 515 2960 ignem,
535 2880 624 2961 apud
643 2879 818 2954 Davidem,

168 3037 327 3087 “Percussit
340 3037 471 3097 grandine
481 3038 562 3085 vitem
575 3052 676 3094 eorum,
689 3047 714 3086 et
727 3051 885 3099 sycomoros
894 3052 989 3086 eorum
1002 3038 1137 3100 grandine
1148 3035 1224 3101 gravi,

248 3113 273 3151 et
291 3103 422 3151 conclusit
439 3103 571 3163 grandine
593 3103 707 3152 bestiam
725 3117 828 3159 eorum,
849 3111 875 3150 et
895 3116 994 3164 pecora
1012 3118 1107 3152 eorum
1128 3102 1225 3165 prunis:

248 3169 321 3216 misit
336 3169 362 3215 in
378 3183 425 3215 eos
437 3168 688 3216 excandescentiam
704 3169 759 3217 irae
773 3181 838 3217 suae
841 3204 910 3224 .....
917 3167 1117 3217 immissionem
1128 3167 1226 3230 angelo

247 3248 305 3282 rum
319 3234 449 3281 malorum
458 3232 471 3250 ''
484 3233 540 3294 (Ps.
553 3229 679 3282 l'llxxviii.
690 3232 797 3294 47-49):

117 3381 194 3463 quia
215 3379 399 3461 “grando''
419 3377 586 3460 significat
611 3377 731 3442 salsum
754 3378 933 3440 destruens
955 3399 1036 3441 vera
1060 3378 1225 3449 ecclesiae,

117 3476 193 3537 ideo
206 3475 327 3537 dicitur
340 3473 536 3535 “Percussit
549 3473 714 3552 grandine
727 3473 831 3534 vitem
846 3491 973 3545 eorum,
987 3483 1023 3534 et
1037 3490 1226 3552 sycomoros

117 3569 282 3649 grandine
298 3567 391 3648 gravi
405 3566 430 3644 ;”
450 3585 527 3629 nam
544 3587 603 3648 per
617 3566 750 3628 “vitem
759 3565 774 3587 ”
787 3563 1127 3651 significaturtverum
1140 3565 1227 3647 spiri·

118 3662 209 3724 tuale
225 3661 399 3734 ecclcsiae,
417 3670 451 3723 et
471 3681 530 3742 per
548 3668 791 3740 “sycomorum
801 3659 815 3680 ”
832 3678 947 3722 verum
967 3659 1126 3722 naturale
1145 3659 1226 3740 ejus:

117 3765 150 3816 et
171 3756 248 3836 quia
271 3775 329 3836 per
351 3752 525 3834 “prunas'’
545 3774 602 3816 seu
622 3755 735 3834 ignem
756 3750 964 3834 significatur
983 3772 1081 3816 amor
1100 3752 1178 3815 mali
1198 3760 1227 3814 et

117 3847 187 3928 ejus
200 3850 298 3911 ardor
310 3849 505 3911 destruendi
520 3848 608 3910 bona
619 3847 795 3920 ecclesiae,
805 3847 882 3909 ideo
895 3846 1018 3908 dicitur
1029 3853 1049 3878 “
1059 3846 1228 3910 Conclusit

117 3943 281 4022 grandine
309 3942 452 4005 bestiam
480 3960 606 4014 eorum,
635 3951 670 4003 et
699 3961 821 4022 pecora
848 3959 963 4003 eorum
992 3942 1110 4021 prunis
1122 3940 1148 4018 ;”
1176 3957 1229 4022 per

119 4035 315 4098 “bestiam''
335 4046 369 4099 et
389 4043 540 4117 “pecora
549 4034 563 4059 ”
583 4032 814 4115 significantur
833 4030 1029 4096 adediiones
1049 4035 1161 4098 malae
1176 4052 1228 4096 seu

117 4130 321 4211 cupiditates
342 4152 386 4193 ex
406 4150 520 4193 amore
540 4128 630 4192 malo
649 4129 820 4201 oriundae,
841 4137 876 4191 et
899 4148 959 4209 per
980 4128 1158 4209 “prunas’'
1175 4147 1228 4190 seu

117 4225 231 4305 ignem
256 4225 423 4306 cupiditas
451 4233 485 4287 et
513 4225 612 4286 ardor
635 4223 849 4286 destruendi:
878 4242 937 4303 per
963 4223 1228 4285 “immissionem

117 4318 316 4399 angelorum
340 4317 504 4380 malorum
513 4317 528 4342 '’
547 4315 754 4399 significatur
777 4317 896 4379 falsum
920 4316 1001 4379 mali
1023 4337 1070 4380 ex
1095 4317 1227 4381 inferno.

121 4412 222 4496 Apud
241 4413 396 4488 eundem,
