2684 4988
108 478 173 544 686
418 489 669 543 arocnuvrsrs
691 490 916 542 exenensi.

108 665 171 727 inis
183 664 281 737 veris,
296 661 490 744 legentibus
503 661 654 725 Verbum
672 660 759 724 sicut
775 659 912 724 lucerna
925 682 933 737 ;
957 670 992 724 et
1009 660 1159 723 vicissim
1175 669 1222 722 est

110 757 262 821 Verbum
282 756 421 838 illisqui
440 756 567 837 absque
586 752 739 817 dodirina
759 755 791 817 id
811 753 941 836 legunt,
960 754 1046 817 sicut
1066 752 1223 816 candela·

108 852 204 914 brum
221 851 347 933 absque
366 849 492 915 lumine
510 850 658 931 positum
677 849 711 910 in
728 848 873 911 obscuro
893 847 980 921 loco,
998 867 1058 928 per
1074 846 1166 927 quod
1185 844 1223 907 ibi

108 945 191 1009 nibil
217 945 332 1018 videri,
360 945 447 1019 sciri,
476 944 593 1026 inquiri
620 953 657 1005 et
684 943 825 1006 inveniri
852 951 978 1023 potest,
1005 941 1097 1023 quod
1127 937 1224 1005 saluti

109 1039 279 1111 conducit,
292 1039 525 1120 praeterquod
536 1037 658 1100 abduci
671 1038 802 1119 possint
814 1038 846 1099 in
857 1056 1077 1118 quoscunque
1088 1051 1223 1106 errores,

108 1134 141 1196 in
157 1153 242 1215 quos
258 1152 353 1195 mens
368 1152 414 1194 ex
429 1132 541 1213 aliquo
557 1151 672 1194 amore
688 1130 841 1205 inclinat,
858 1141 917 1194 aut
937 1151 982 1193 ex
1001 1129 1118 1211 aliquo
1137 1127 1225 1209 prin·

109 1228 196 1308 cipio
223 1227 376 1290 trahitur.
431 1225 514 1288 Inde
541 1234 700 1288 constare
729 1234 845 1306 potest
873 1225 964 1307 quod
993 1243 1096 1287 nemo
1123 1219 1227 1304 possit

109 1321 300 1402 intelligere
320 1321 471 1383 Verbum
491 1320 619 1402 absque
638 1317 802 1383 dodtrina.

173 1413 344 1490 Secundo,
364 1413 460 1491 Quod
472 1435 562 1476 nemo
569 1414 680 1494 possit
687 1424 845 1494 pugnare
855 1423 969 1477 contra
981 1410 1073 1477 mala
1083 1421 1116 1474 et
1118 1409 1228 1490 salsa.

109 1518 141 1571 et
157 1508 327 1589 dissipare
344 1507 415 1583 illa,
433 1507 556 1590 absque
569 1507 723 1570 domina
740 1529 783 1569 ex
803 1506 918 1580 Verbo,
933 1516 1093 1569 constare
1114 1514 1229 1586 potest

111 1622 156 1665 ex
175 1623 227 1676 eo,
247 1603 336 1685 quod
356 1624 400 1665 ex
420 1599 573 1664 dodtrina
592 1602 697 1664 videri
717 1602 850 1684 possint
869 1622 949 1664 vera
968 1602 1000 1663 in
1021 1622 1082 1662 sua
1102 1600 1178 1662 luce
1197 1609 1230 1662 et

111 1697 144 1761 iu
163 1717 224 1765 suo
242 1698 369 1771 ordine,
388 1716 455 1759 non
475 1707 590 1759 autem
609 1718 654 1759 ex
673 1695 790 1759 Verbo
809 1698 935 1778 absque
954 1693 1120 1767 dodirina
1140 1693 1229 1776 quod

112 1801 208 1874 patet
234 1812 279 1854 ex
307 1811 388 1855 mox
416 1791 719 1868 antecedentibus;
751 1793 837 1855 etsi
864 1811 932 1853 non
960 1800 1102 1873 possunt
1128 1789 1233 1850 videri

112 1906 202 1961 vera,
231 1906 292 1949 nec
321 1896 463 1968 possunt
491 1886 595 1948 videri
622 1885 706 1949 salsa
733 1896 768 1950 et
797 1887 896 1960 mala,
922 1897 1000 1948 sunt
1029 1883 1119 1947 enim
1148 1884 1231 1946 haec

113 1980 271 2063 opposita
287 1977 372 2042 illis:
396 1991 431 2042 et
451 1990 567 2044 tamen
584 1981 694 2042 omnis
713 2000 828 2062 pugna
844 1990 965 2043 contra
981 1978 1071 2041 mala
1089 1989 1124 2041 et
1149 1977 1233 2040 salsa

113 2085 229 2138 estex
247 2076 346 2149 veris,
367 2075 431 2137 hoc
455 2085 509 2137 est
533 2094 594 2157 per
611 2096 691 2138 vera
713 2096 734 2138 a
758 2075 926 2151 Domino;
950 2084 1160 2156 quapropter
1178 2073 1233 2155 qui

114 2168 198 2250 legit
221 2168 373 2232 Verbum
396 2169 524 2250 absque
547 2166 711 2243 doctrina,
734 2169 832 2233 facile
855 2189 1006 2252 pugnare
1030 2178 1149 2249 potest
1174 2188 1233 2251 pro

113 2264 198 2328 falso
211 2274 330 2328 contra
343 2283 459 2326 verum
475 2274 510 2327 et
528 2284 589 2345 pro
606 2264 696 2327 malo
709 2274 830 2327 contra
845 2265 982 2336 bonum,
997 2262 1233 2326 confirmando

114 2358 171 2420 illa
187 2378 246 2439 per
258 2359 427 2419 sinistram
445 2354 814 2438 interpretationem'et
831 2358 1096 2440 applicationem
1114 2377 1234 2420 sensus

4 2489 9 2501 ·
114 2451 250 2515 litterae
269 2450 394 2526 Verbi;
419 2451 496 2512 inde
516 2452 665 2532 sequitur
696 2452 786 2533 quod
810 2452 914 2514 homo
934 2472 1001 2514 non
1021 2451 1232 2525 reformetur,

115 2545 314 2608 reformatur
332 2545 421 2608 enim
441 2565 500 2625 per
515 2544 773 2626 dissipationem
792 2545 957 2609 malorum
977 2555 1012 2608 ct
1033 2546 1111 2608 inde
1131 2544 1234 2609 salso-

114 2659 187 2705 rum
206 2659 265 2720 per
279 2659 359 2701 vera
377 2637 549 2720 applicata
565 2639 667 2702 vitae.
713 2639 790 2702 Hoc
810 2659 898 2703 nunc
918 2650 972 2703 est
991 2640 1083 2721 quod
1104 2639 1235 2703 intelli·

115 2735 206 2815 gitur
233 2753 291 2816 per
313 2733 403 2814 quod
429 2733 546 2795 “visus
573 2754 678 2815 equus
706 2733 814 2806 albus,
839 2744 874 2798 et
903 2736 1025 2797 sedens
1053 2755 1155 2816 super
1178 2734 1236 2801 illo

116 2829 245 2896 habens
262 2827 405 2902 arcum,”
419 2848 477 2908 per
492 2832 510 2858 ‘¹
519 2847 642 2909 equum
655 2827 769 2891 album
777 2829 793 2852 ’¹
805 2830 895 2892 enim
909 2828 1119 2910 significatur
1132 2830 1237 2893 intel·

117 2921 223 2993 ledtus
241 2923 310 2984 veri
329 2943 374 2984 ex
393 2921 520 2995 Verbo,
537 2932 573 2985 et
592 2942 651 3003 per
670 2922 837 2985 “arcum‘'
853 2922 1063 3004 significatur
1081 2920 1237 2988 doctrina

116 3018 293 3082 charitatis
316 3027 351 3079 et
374 3017 452 3079 inde
475 3015 565 3088 fidei,
590 3037 635 3079 ex
658 3038 724 3098 qua
747 3029 918 3099 pugnatur
942 3029 1063 3080 contra
1087 3018 1179 3087 mala
1201 3029 1237 3082 et

117 3112 211 3184 salsa,
229 3131 267 3174 ac
287 3112 492 3194 dissipantur
510 3110 576 3173 illa.

180 3217 312 3293 Tertio,
339 3215 434 3293 Quod
448 3237 538 3278 uerno
551 3215 663 3295 possit
680 3216 803 3297 absque
818 3217 971 3281 dolirt'na
985 3238 1002 3279 e
1022 3216 1127 3281 Verbo
1145 3217 1237 3283 sistra

116 3311 291 3385 ecclesiam,
311 3311 370 3373 ubi
390 3309 530 3372 Verbum
547 3319 607 3384 est,
618 3309 704 3392 fieri
719 3310 920 3391 spiritualis,
938 3322 1098 3375 constare
1118 3322 1237 3394 potest

118 3427 163 3470 ex
182 3405 247 3468 illis
262 3425 347 3487 quae
365 3423 452 3467 nunc
469 3402 560 3467 dieta
578 3415 669 3479 sunt,
686 3405 776 3487 quod
797 3425 918 3486 nempe
936 3405 1088 3470 Verbum
1107 3407 1237 3490 absque

118 3497 271 3562 dodtrina
284 3519 351 3562 non
365 3497 587 3579 intelligatur,
601 3509 637 3562 et
650 3500 740 3581 quod
753 3500 880 3581 absque
894 3498 1047 3563 dodtrina
1060 3522 1104 3563 ex
1119 3500 1237 3567 Verbo

119 3613 186 3655 non
206 3594 313 3675 possit
329 3593 471 3675 pugnari
487 3604 607 3656 contra
624 3593 714 3657 mala
728 3604 763 3657 et
783 3593 887 3670 falsa;
911 3593 1016 3657 homo
1032 3596 1122 3658 enim
1140 3597 1237 3678 spiri·

120 3687 220 3750 tualis
243 3686 281 3750 fit
304 3708 362 3769 per
385 3688 490 3750 vitam
510 3687 695 3751 secundum
721 3688 843 3753 Divina
862 3709 952 3762 vera,
972 3709 1058 3770 quae
1082 3709 1152 3752 non
1171 3691 1237 3755 scit

119 3781 246 3864 absque
262 3780 425 3856 dostrina,
443 3791 478 3845 et
498 3802 557 3863 per
576 3784 801 3845 remotionem
822 3783 989 3847 malorum
1008 3793 1044 3846 et
1063 3783 1237 3859 falsorum,

119 3896 205 3958 quae
218 3896 279 3939 nec
297 3875 334 3938 fit
347 3877 474 3958 absque
487 3874 650 3951 dodtrina,
665 3886 702 3939 ut
715 3897 814 3961 supra
827 3875 954 3941 didtum
967 3887 1020 3941 est
1033 3899 1040 3954 ;
1060 3888 1095 3941 et
1108 3878 1237 3963 absque

118 3969 249 4033 duabus
271 3969 337 4032 illis
360 3969 464 4032 homo
487 3989 554 4032 non
578 3970 788 4044 reformatur,
813 3971 860 4033 ita
884 3991 952 4034 non
980 3970 1018 4034 fit
1042 3973 1237 4054 spiritualis.

119 4063 179 4127 sed
203 4073 319 4127 manet
342 4063 515 4137 naturalis,
535 4074 571 4128 et
595 4063 774 4128 confirmat
797 4066 902 4128 vitam
927 4087 1022 4130 suam
1046 4069 1237 4136 naturalem

120 4178 179 4239 per
194 4177 330 4221 sensum
350 4159 484 4222 litterae
503 4157 619 4232 Verbi,
635 4159 692 4240 qui
711 4170 764 4222 est
785 4160 958 4234 naturalis,
977 4162 1112 4224 sinistre
1131 4163 1237 4226 inter·

120 4252 288 4333 pretando
304 4261 338 4315 et
355 4252 558 4334 applicando
574 4251 677 4316 illum.
709 4253 807 4316 Intra
821 4253 996 4329 ecclesiam,
1011 4254 1069 4316 ubi
1084 4254 1237 4330 Verbum,

120 4345 251 4418 dicitur,
270 4347 345 4428 quia
363 4346 411 4409 illi
427 4347 482 4428 qui
500 4357 601 4409 extra
616 4347 796 4410 ecclesiam
815 4357 894 4410 sunt
914 4367 982 4409 non
1002 4347 1132 4411 habent
1151 4349 1237 4415 Ver·

119 4437 209 4515 bum,
230 4450 265 4503 et
281 4439 366 4510 ,inde
389 4439 471 4504 nihil
495 4441 605 4504 sciunt
625 4440 668 4504 de
692 4440 852 4518 Domino,
871 4452 906 4505 et
931 4461 1032 4505 nemo
1054 4443 1237 4525 spiritualis
