2684 4988
120 484 198 553 1152
425 484 675 536 APOCALYPSIS
698 484 926 537 EXPLICATA.

246 653 280 703 ad
310 655 430 711 oabum„
442 693 447 704 .
458 654 629 718 Pervagare.
641 670 700 718 age,
711 670 807 704 omnes
818 656 904 705 tribus
918 655 1030 705 Israelis
1042 670 1059 704 a
1069 655 1146 704 Daue
1154 667 1223 718 usque

245 720 280 768 ad
335 720 499 775 erschebam.
514 729 541 769 et
553 731 692 769 numerate
704 721 841 783 populum
856 731 886 770 ιιι
900 722 1026 770 noverim
1040 735 1220 782 numerumpo·

246 784 328 847 puli.¹'
364 784 498 834 Dissuasit
511 783 621 849 Joabus‚
636 787 684 835 sed
699 786 847 847 praevaluit
859 788 973 835 verbum
986 788 1068 848 regis.
1108 785 1219 847 ‘Etper-

246 850 328 898 cussit
340 863 387 898 cor
399 849 511 899 Davidis
523 850 598 899 illum
611 859 752 913 postquam
766 861 956 900 numeraverat
968 852 1115 914 populum:
1131 861 1155 899 et
1165 850 1215 899 dixit

248 913 373 964 David...
379 915 508 972 Peccavi
517 915 595 963 valde
605 917 676 978 quod
689 916 756 971 ieci:
773 926 970 973 verumtamen
980 916 1112 981 jehouah,
1121 916 1213 964 transire

246 979 305 1028 iac
298 981 464 1056 iniquitatem
474 980 545 1029 servi
555 981 601 1038 tui.
613 981 677 1043 quia
685 982 765 1030 stulte
776 996 820 1043 egi
813 981 943 1031 ':”valde
949 1018 955 1031 .
966 1019 972 1031 .
982 1019 989 1030 .
1000 997 1094 1044 ,quare
1105 982 1210 1043 propheta

246 1043 305 1093 Gad
318 1046 416 1093 missus
428 1054 469 1094 est
480 1045 514 1094 ad
529 1045 669 1102 Davidem,
683 1046 846 1095 denuntians
857 1047 882 1094 ei
895 1055 952 1095 tres
964 1061 1076 1108 poenas.
1089 1061 1120 1095 ex
1135 1046 1207 1108 quibus

246 1109 326 1172 elegit
335 1120 447 1171 pestem
456 1110 1088 1173 exquamortuisuntseptuagmtamillia(xx1v
1100 1110 1205 1170 radinl:

115 1250 189 1331 quis
208 1270 276 1313 non
296 1252 360 1313 scit
380 1251 470 1333 quod
490 1271 557 1314 non
578 1250 691 1334 aliqua
714 1252 875 1334 iniquitas
898 1252 944 1315 sit
967 1253 1002 1315 in
1027 1251 1201 1314 numerando

116 1344 288 1426 populum,
318 1345 377 1408 sed
408 1345 498 1427 quod
533 1356 633 1409 tanta
663 1347 821 1428 iniquitas
851 1346 952 1410 fuerit
982 1358 1020 1410 ut
1054 1356 1199 1428 propterea

115 1441 338 1503 denuntiatae
361 1439 483 1503 fuerint
508 1440 631 1503 Davidi
658 1451 728 1504 tres
755 1461 897 1522 poenae,
922 1463 968 1505 ex
991 1443 1106 1525 quibus
1126 1455 1196 1502 unam

115 1535 269 1615 eligeret.
287 1544 322 1596 et
339 1535 429 1616 quod
446 1556 490 1597 ex
510 1544 618 1617 peste,
636 1554 737 1618 quam
753 1535 870 1615 elegit,
888 1538 1106 1617 septuaginta
1122 1532 1197 1596 millia

116 1628 289 1690 hominum
310 1630 432 1691 mortui
449 1628 594 1691 suerint?
625 1628 753 1691 Verum
766 1648 868 1691 causa
887 1641 961 1692 erat
981 1633 1060 1712 quia
1075 1651 1128 1712 per
1140 1627 1194 1689 “Is-

114 1721 241 1786 raelem
271 1734 305 1785 et
334 1722 525 1803 Jehudam'’
548 1723 870 1805 repraesentabatur
892 1734 928 1786 et
957 1725 1036 1786 inde
1063 1721 1194 1804 significa·

115 1817 214 1879 batur
233 1836 374 1898 regnum
395 1817 531 1879 Domini
551 1818 584 1879 in
604 1817 706 1879 caelis
725 1826 760 1880 et
780 1819 813 1878 in
834 1819 944 1891 terris,
962 1828 998 1880 et
1016 1839 1073 1899 per
1089 1824 1192 1879 “nune-

115 1932 188 1974 rare
199 1911 213 1934 '⁹
235 1909 489 1993 significabatur
513 1931 613 1973 nosse
641 1911 741 1992 quale
768 1931 897 1985 eorum,
922 1922 958 1988 et
987 1913 1152 1975 secundun
1171 1909 1192 1971 id

115 2007 270 2069 ordinare
289 2016 324 2069 et
341 2006 532 2087 disponere,
546 2005 635 2088 quod
654 2015 769 2068 tamen
786 2005 891 2068 solius
908 2006 1045 2069 Domini
1058 2017 1123 2070 est:
1141 2003 1191 2068 inde

115 2110 211 2181 patet
225 2101 315 2183 quod
331 2107 534 2162 “numerare
544 2098 559 2123 ’⁹
573 2101 606 2161 in
620 2099 737 2162 Verbo
750 2099 919 2180 significet
934 2100 1027 2163 talia.
1071 2099 1191 2163 Similiter

114 2214 174 2276 per
195 2202 400 2257 “numerare
410 2194 424 2217 ''
444 2194 533 2276 apud
552 2193 680 2269 Mosen,

166 2340 259 2391 “Cum
277 2340 417 2390 sustuleris
434 2353 568 2388 summam
586 2338 700 2387 liliorum
720 2337 828 2388 israelis
846 2341 935 2402 quoad
953 2350 1103 2389 numeratos
1118 2347 1188 2387 eorum.
1230 2342 1232 2347 '

244 2415 271 2455 et
282 2406 383 2454 dabunt
395 2405 506 2468 quisque
519 2404 698 2482 expiationem
709 2405 815 2452 animae
825 2420 890 2453 suae
899 2404 1036 2468 Jehovae'
1030 2420 1056 2454 ιιι
1065 2399 1190 2452 numerando

243 2472 311 2528 illos,
326 2480 355 2519 ut
367 2486 421 2518 non
434 2471 469 2518 sit
480 2471 508 2518 in
521 2471 573 2518 illis
585 2470 683 2532 plaga
677 2485 703 2517 ιιι
717 2471 884 2518 numerando
898 2470 982 2519 illos”
995 2471 1084 2531 (Exod.
1095 2482 1143 2517 ιιι
1153 2467 1189 2521 1²]

113 2605 217 2668 etiam
238 2603 290 2666 hic
311 2608 397 2684 per‘
404 2608 597 2664 ‘numerare
606 2600 849 2682 ”significatur
869 2621 971 2665 nosse
994 2601 1088 2684 quale
1108 2611 1189 2662 eorum

114 2720 172 2762 seu
189 2698 288 2780 quale
308 2696 472 2760 ecclesiae
491 2697 580 2777 apud
600 2695 688 2769 illos,
706 2706 741 2758 et
761 2697 948 2759 secundum
968 2697 1002 2758 id
1022 2696 1153 2759 ordinare
1166 2696 1188 2750 et

113 2795 312 2875 disponere;
349 2803 384 2855 et
412 2793 489 2874 quia
520 2791 584 2853 hoc
613 2790 717 2852 solius
745 2790 883 2853 Domini
914 2801 979 2866 est,
1008 2792 1080 2854 ideo
1103 2786 1189 2851 dicitur

112 2888 202 2971 quod
224 2888 391 2968 “quisque
411 2886 506 2948 dabit
526 2886 759 2967 expiationem
778 2887 912 2948 animae
932 2906 1013 2949 suae
1028 2877 1188 2967 Jehovaein

113 2983 323 3045 numerando
346 2982 433 3054 illos
460 2992 495 3043 ut
520 3001 587 3042 non
612 2981 656 3043 sit
684 2982 716 3042 in
745 2980 811 3042 illis
837 2980 941 3062 plaga
964 2983 998 3043 in
1022 2971 1188 3043 numerando

112 3074 219 3138 fflOSs'
249 3091 309 3146 (Sed
316 3090 375 3134 haec
383 3090 456 3133 fusius
463 3089 580 3146 explicata
587 3089 712 3133 videantur
719 3089 742 3132 in
749 3089 853 3133 Arcanis
862 3089 1008 3142 Caelestr'bus,
1016 3103 1039 3135 n.
1048 3077 1187 3138 marsum-l

113 3167 216 3250 Apud
235 3166 416 3239 Danielem,

163 3301 322 3351 Belschazar
337 3301 398 3362 quia
416 3300 481 3348 bibit
495 3300 587 3348 vinum
607 3314 640 3348 ex
654 3299 727 3347 vasis
745 3300 803 3348 auri
821 3308 848 3348 et
865 3301 971 3361 argenti
986 3316 1053 3364 quae
1068 3313 1098 3348 ex
1109 3288 1187 3352 Templ⁰

244 3366 458 3427 Hierosolyma
479 3366 561 3413 exivit
579 3379 675 3413 manus
693 3374 720 3414 et
738 3365 844 3426 scripsit
859 3366 886 3413 in
902 3367 1013 3427 pariete,
1032 3365 1185 3414 “Numerius

243 3441 398 3480 numeratus
407 3446 445 3486 es,
457 3446 592 3492 appensus
602 3442 628 3478 et
637 3431 787 3478 dividentes
790 3467 860 3486 .....
868 3430 1027 3481 Numeravit
1036 3431 1101 3479 Deus
1110 3431 1186 3487 regnum

242 3507 316 3546 tuum
328 3506 354 3545 et
367 3497 451 3545 linivit
464 3495 551 3544 iliud''
564 3499 600 3557 (v
613 3508 636 3552 2
650 3508 672 3556 5,
685 3508 725 3555 25,
738 3497 793 3556 26):

111 3661 171 3723 per
191 3646 427 3713 “,numeratus
450 3638 669 3702 numeratus”
693 3639 737 3701 ibi
760 3637 972 3720 significatur
994 3641 1185 3702 visusetex·

111 3735 264 3816 ploratus
292 3735 403 3817 quoad
431 3735 531 3817 quale
558 3735 637 3796 boni
668 3743 702 3796 et
730 3736 819 3810 veri;
855 3754 893 3796 ac
925 3755 985 3816 per
1012 3721 1186 3796 **ιιιιιιιιιιιίτ

110 3846 255 3907 regnum
263 3825 507 3907 ”significatur
526 3827 698 3892 ordinavit
717 3837 752 3889 et
771 3827 952 3907 disposuit.
996 3828 1188 3900 (Quureuqusis

109 3931 214 3984 uincam.
226 3933 424 3990 ιιιιιιιιιιριι
435 3945 460 3978 ι.
471 3931 553 3995 373)
596 3912 726 3978 Pariter
743 3917 834 3997 apud
849 3914 1008 3992 Esaiam,

162 4058 239 4108 “Per
251 4059 425 4108 emissionem
438 4059 541 4107 dierum
555 4073 676 4107 meorum
688 4058 808 4107 abiturus
820 4072 880 4107 sum
893 4058 927 4107 ad
940 4067 1032 4121 portas
1044 4050 1146 4111 iniemi,
1146 4046 1190 4121 ⁸(5}·

240 4124 393 4250 ριι)1εΙιιὶ,)**
401 4133 558 4173 numeratus
570 4139 639 4183 sum
654 4124 789 4173 residuum
804 4138 938 4173 annorum
953 4138 1073 4173 meorum
1080 4109 1190 4182 '’(nxriu.

242 4202 297 4237 ιο·

107 4318 212 4380 verba
232 4317 374 4383 Hislriae
393 4320 483 4401 regis
503 4339 580 4384 cum
600 4319 815 4401 aegrotavit3
839 4329 875 4384 et
899 4340 961 4402 per
978 4307 1196 4383 “numeratus''

108 4412 317 4494 significatur
336 4414 537 4496 exploratus
556 4424 593 4478 et
616 4414 824 4478 conclusum.
871 4412 974 4495 Quod
1000 4403 1201 4477 “numerare'’
