2684 4988
111 459 175 550 690
420 472 669 530 moeremus
692 472 916 524 sxrurcura

110 649 213 712 filium
236 638 324 730 regis
347 647 553 730 significatur
570 665 686 710 verum
709 642 902 721 doetrinae3
932 662 1036 726 quare
1059 641 1213 725 inscripsit

111 742 400 817 lamentationem,
419 742 503 804 “Ad
524 741 715 805 docendum
732 733 817 804 lilios
834 739 984 821 Jehudae
1004 739 1149 813 arcum‚”
1167 757 1214 820 per

110 838 200 918 quod
216 837 420 919 significatur
433 838 475 898 ad
493 836 682 898 docendum
699 834 775 897 illos
788 831 974 896 doctrinam
988 834 1058 896 veri
1075 834 1163 915 quod
1180 853 1215 895 ex

111 931 211 993 bono.
263 931 379 1011 Pugna
401 928 488 993 illius
511 930 579 992 veri
603 938 723 990 contra
745 927 829 990 salsa
855 936 890 990 et
913 927 1004 988 mala
1025 927 1216 989 describitur

109 1024 143 1085 in
161 1023 404 1087 lamentatione
423 1023 480 1086 illa
498 1043 557 1104 ρετ
575 1022 657 1085 haec
677 1021 791 1095 verba,

160 1163 248 1216 “Sine
259 1166 389 1228 sanguine
401 1165 596 1222 eoniossomm,
611 1165 669 1213 sine
681 1164 759 1226 adipe
771 1163 888 1220 tortium,
903 1171 979 1211 arcus
992 1161 1155 1226 Jonathanls
1170 1175 1216 1210 non

239 1232 508 1357 ρῶεετὶττεττοττττω,
522 1240 549 1279 et
560 1229 665 1292 gladius
677 1229 764 1278 Saulis
778 1243 834 1279 non
849 1229 927 1278 rediit
941 1229 1058 1277 inaniter
1066 1228 1080 1247 ”
1092 1229 1173 1289 (vers.
1183 1237 1216 1285 aa.

111 1437 276 1518 “sanguis
298 1428 551 1501 confossorum”
573 1435 741 1517 significat
765 1435 847 1498 salsa
871 1432 960 1497 vitta
986 1443 1022 1498 et
1049 1434 1216 1516 dissipata,

112 1531 245 1612 “adeps
262 1531 418 1594 fortium’'
437 1530 604 1612 significat
623 1529 712 1593 mala
731 1530 902 1606 similiter;
926 1529 1015 1610 quod
1033 1529 1118 1591 haec
1136 1527 1216 1592 vidia

39 1631 42 1640 ⁴
110 1635 145 1686 et
157 1625 318 1705 dissipata
329 1626 395 1687 sint
406 1645 464 1706 per
474 1622 660 1687 doctrinam
672 1625 740 1686 veri
751 1624 840 1705 quod
852 1644 895 1685 ex
907 1623 1008 1695 bono,
1017 1621 1216 1702 significatur

111 1718 265 1799 perquod
278 1724 395 1781 “arcus
404 1718 604 1798 Jonathanis
615 1738 681 1780 non
691 1718 830 1780 recessit
842 1730 1034 1789 retrorsum,
1046 1729 1080 1779 et
1093 1714 1216 1797 gladius

113 1808 220 1873 Saulis
233 1830 300 1873 non
312 1812 409 1873 rediit
422 1813 565 1874 inaniter
577 1811 602 1889 ;'’
623 1818 642 1843 “
652 1832 748 1874 arcus
757 1810 980 1892 Jonathanis''
993 1820 1046 1872 est
1060 1808 1216 1872 dodirina

111 1914 145 1967 et
166 1904 327 1986 “gladius
347 1904 455 1969 Saulis
464 1905 479 1928 '¹
497 1917 550 1968 est
566 1926 681 1967 verum
700 1927 744 1968 ex
765 1907 863 1967 bon0.
909 1905 1012 1987 Apud
1031 1905 1208 1980 Davidem,

162 2047 271 2098 “Dens
281 2085 287 2097 .
297 2085 303 2098 .
313 2049 403 2098 ,docet
419 2063 515 2099 manus
527 2064 601 2098 meas
618 2049 726 2107 bellum,
741 2058 768 2098 et
785 2049 861 2111 ponit
880 2063 971 2098 arcum
982 2063 1098 2097 aeneum
1111 2048 1216 2098 brachiis

240 2114 307 2162 meis
315 2113 328 2132 ’'
339 2114 395 2176 (Ps.
406 2116 477 2164 xviii.
489 2110 556 2179 [33,]
566 2127 595 2174 35
610 2112 656 2179 [B.
666 2117 690 2162 Α
695 2151 701 2163 .
711 2124 752 2174 32,
763 2110 831 2178 34]):

110 2273 170 2336 ρετ
182 2261 201 2287 “
210 2255 335 2318 bellum
344 2256 359 2279 ”
377 2257 420 2319 ibi
430 2255 636 2337 significatur
648 2255 773 2320 bellum
788 2257 821 2318 in
835 2254 997 2337 spirituali
1010 2276 1122 2330 sensu,
1136 2256 1216 2337 quod

110 2359 162 2412 est
179 2360 298 2411 contra
314 2350 402 2412 mala
417 2361 452 2413 et
466 2350 568 2427 salsa3
592 2349 657 2412 hoc
670 2350 795 2412 bellum
814 2351 944 2412 “docet
962 2350 1055 2412 Deus
1066 2349 1092 2411 :”
1115 2360 1151 2412 et
1167 2367 1216 2431 per

111 2448 255 2505 “arcum
288 2444 452 2505 aeneum”
486 2444 693 2525 significatur
724 2442 877 2507 doctrina
908 2444 1104 2520 charitatis;
1138 2445 1216 2506 hant

112 2535 587 2617 “Deusponitbrachiis‚”hoe
598 2549 661 2612 est,
672 2538 729 2602 dat
741 2540 911 2601 utvaleat.
958 2537 1213 2619 ApudEsaiam

161 2677 251 2742 “Quis
268 2679 393 2728 excitavit
409 2682 443 2729 ab
460 2681 570 2738 oriente,
585 2695 663 2744 quem
682 2681 709 2729 in
727 2680 829 2742 justitia
840 2680 947 2729 vocavit
964 2680 997 2728 ad
1015 2679 1154 2742 sequelam
1172 2678 1214 2728 sul

238 2744 310 2792 dedit
322 2759 410 2793 coram
426 2745 488 2808 Ipso
500 2757 602 2807 gentes,
617 2757 643 2794 et
655 2747 762 2808 regibus
774 2746 905 2794 dominari
918 2745 989 2803 tecit,
1000 2745 1074 2793 dedit
1086 2745 1155 2793 sicut
1167 2743 1216 2807 pul

238 2823 327 2858 verem
339 2811 429 2870 gladio
440 2825 498 2868 suo,
513 2821 539 2859 et
551 2812 618 2860 sicut
629 2811 755 2873 stipulam
768 2812 911 2873 impulsam
923 2825 986 2859 arcu
998 2808 1080 2861 suoi'
1091 2810 1150 2873 (xli.
1161 2822 1176 2859 2
1186 2809 1204 2873 :)

108 2959 192 3023 haec
211 2961 253 3023 de
272 2962 429 3036 Domino,
447 2972 481 3026 et
500 2964 542 3026 de
562 2964 668 3046 Ipsius
684 2964 833 3027 dominio
849 2985 946 3045 super
964 2962 1052 3026 mala
1071 2974 1106 3026 et
1127 2962 1216 3038 salsa,

108 3052 198 3116 dieta
208 3066 285 3118 sunt
298 3077 305 3132 ;
330 3077 387 3136 ρετ
399 3064 417 3088 “
427 3067 549 3138 gentes
558 3057 571 3081 ”
582 3079 664 3140 quas
673 3057 766 3120 dedit
778 3078 890 3120 coram
905 3058 983 3139 Ipso
993 3056 1216 3137 significantur

109 3148 208 3222 mala,
232 3160 266 3212 et
294 3170 352 3231 per
376 3151 525 3231 “reges’'
548 3152 667 3232 quibus
694 3152 857 3213 dominari
884 3151 961 3213 iecit
989 3149 1216 3231 significantur

108 3241 211 3318 salsa3
239 3244 328 3324 quod
352 3244 433 3306 haec
453 3255 488 3307 et
507 3245 563 3307 illa
587 3266 645 3326 per
666 3244 823 3308 Divinum
843 3265 938 3307 suum
958 3244 1086 3307 Verum
1105 3254 1141 3308 et
1166 3266 1216 3327 per

110 3332 297 3398 doctrinam
317 3338 394 3399 inde
410 3339 495 3401 sicut
514 3338 605 3401 nihili
621 3339 771 3420 dissipet,
788 3337 994 3419 significatur
1012 3358 1070 3419 per
1088 3339 1216 3402 “Dedit

108 3431 193 3492 sicut
211 3430 382 3512 pulverem
398 3432 513 3512 gladio
528 3453 599 3506 suo,
617 3444 652 3495 et
668 3433 754 3495 sicut
771 3431 933 3514 stipulam
950 3431 1128 3513 impulsam
1145 3453 1216 3495 arcu

108 3543 168 3586 suo
180 3523 205 3599 ;''
229 3524 389 3604 “gladius
404 3525 504 3588 suus'’
519 3536 573 3588 est
592 3526 750 3588 Divinum
767 3525 906 3600 Verum,
924 3536 958 3587 et
976 3532 1103 3587 “arcus
1122 3526 1216 3588 suus'

108 3626 160 3680 est
181 3615 362 3695 Dostrina3
384 3620 474 3700 quod
494 3619 583 3681 mala
601 3628 636 3682 et
654 3619 738 3681 falsa
756 3620 994 3700 dispergantur
1012 3619 1099 3681 sicut
1119 3619 1213 3682 nihili

109 3711 315 3790 significatur
334 3733 392 3794 per
412 3715 524 3775 “sicut
549 3713 729 3794 pulverem,
751 3721 785 3774 et
809 3715 894 3775 sicut
918 3712 1076 3793 stipulam
1100 3713 1216 3795 impul·

109 3826 179 3866 sam
193 3806 218 3866 ;”
242 3808 361 3868 dicitur
373 3808 462 3887 quod
477 3808 564 3869 mala
578 3818 612 3869 ct
626 3807 708 3869 salsa
725 3811 771 3869 ita
785 3809 857 3887 disp
883 3821 1029 3886 tpjttlltur,
1044 3827 1082 3868 ac
1096 3808 1216 3869 intelli·

108 3900 198 3979 gitur
216 3901 306 3981 quod
324 3902 372 3963 ita
389 3900 437 3963 illi
456 3902 511 3983 qui
533 3903 567 3964 in
584 3901 680 3964 malis
701 3911 737 3965 et
756 3903 835 3963 inde
853 3901 945 3963 salsis
963 3910 1041 3964 sunt
1060 3902 1094 3963 in
1113 3900 1216 3964 altera

108 3993 188 4056 vita.
232 3992 335 4076 Apud
355 3993 564 4070 Sachariam,
658 3986 660 3990 ’

160 4142 178 4163 “
186 4140 311 4190 Visitabit
322 4140 443 4204 Jehovah
456 4137 599 4204 [Zebaoth]
613 4155 721 4202 gregem
737 4155 823 4197 suum,
834 4139 944 4188 domum
956 4138 1086 4202 jehudae,
1099 4149 1128 4188 et
1140 4153 1212 4201 pone

238 4219 285 4254 eos
297 4206 364 4254 sicut
376 4221 472 4269 equum
485 4206 585 4268 gloriae
597 4220 661 4254 suae
673 4207 700 4254 in
713 4207 800 4264 bello;
817 4221 851 4255 ex
863 4206 909 4255 illo
918 4205 1062 4267 angularis,
1071 4219 1105 4253 ex
1115 4205 1163 4253 illo
1172 4205 1216 4254 ela

238 4286 296 4330 vus,
306 4286 339 4319 ex
350 4271 396 4320 illo
408 4285 483 4320 arcus
496 4270 579 4319 belli''
591 4271 626 4332 (x.
637 4283 660 4331 3,
669 4273 710 4333 4):

108 4411 172 4476 hoc
191 4410 399 4495 explicatum
418 4413 571 4476 videatur
590 4413 623 4475 in
646 4411 788 4476 articulo
806 4431 888 4475 mox
907 4409 1148 4493 praecedente,
1168 4410 1216 4474 ubl
