2684 4988
353 489 431 541 can.
447 490 538 553 v111.,
555 491 658 542 vens.
677 491 785 558 3.-N.
800 492 874 560 490.
1092 490 1171 556 1213

104 654 272 721 olummodo
286 657 470 740 conjungit,
484 669 520 723 et
537 679 606 723 non
621 659 758 742 aliquod
774 660 900 723 bonum
917 667 1099 722 externum
1112 677 1171 721 seu

104 752 212 814 naturale
236 753 329 836 quod
357 772 423 816 non
451 773 546 818 suam
572 755 756 818 essentiam
783 764 818 818 et
845 753 923 818 inde
949 752 1171 817 existentiam

104 842 159 909 lucit
177 867 217 910 ex
240 847 332 910 bono
350 849 525 930 spirituali.
570 848 671 930 Quod
694 849 774 913 mali
797 859 997 931 separentur
1014 868 1039 911 a
1061 848 1171 920 bonis,

104 940 195 1016 pando
213 941 378 1006 Dominus
398 944 537 1007 interius
556 954 592 1007 et
610 940 733 1007 arelius
751 943 928 1025 conjungit
947 941 1090 1024 angelos
1113 961 1173 1023 per

104 1033 219 1099 ufluxum
242 1037 364 1101 sortem
389 1039 422 1101 in
445 1058 561 1102 eorum
589 1038 715 1102 bonum
738 1038 911 1121 spirituale
934 1047 969 1101 et
997 1056 1056 1119 per
1077 1035 1111 1098 id
1138 1035 1172 1098 in

104 1131 217 1194 nteriora
235 1133 412 1208 malorum,
433 1134 508 1216 capi
531 1142 648 1215 potest
666 1134 710 1196 ab
728 1133 794 1197 illis
812 1133 868 1217 qui
886 1133 920 1195 in
939 1132 1051 1214 aliqua
1069 1128 1171 1193 intel·

104 1219 199 1300 igentia
221 1237 321 1302 sunt;
348 1247 407 1309 per
430 1227 524 1290 illum
547 1228 636 1290 enim
663 1228 827 1291 influxum
851 1228 1047 1310 aperiuntur
1067 1225 1172 1288 etiam

104 1318 216 1382 iteriora
241 1320 331 1403 apud
362 1322 470 1385 malos
497 1322 553 1403 qui
580 1320 683 1385 modo
710 1321 954 1385 simulaverunt
983 1319 1110 1382 bonum
1137 1318 1172 1381 in

104 1413 220 1486 xternis,
239 1416 360 1496 quibus
382 1416 509 1497 apertis
532 1415 790 1479 manifestantur
813 1415 902 1478 mala
925 1425 960 1477 et
983 1413 1069 1477 falsa
1086 1432 1171 1495 quae

104 1506 197 1569 iterius
210 1507 319 1572 latent
332 1531 339 1587 ;
363 1531 408 1573 ex
422 1529 523 1574 causa
535 1511 611 1593 quia
627 1509 693 1573 illis
706 1509 834 1574 nullum
848 1508 1021 1592 spirituale
1033 1508 1171 1579 bonum,

104 1603 292 1665 texternum
312 1605 438 1667 bonum
457 1605 585 1687 absque
607 1604 772 1687 spirituali
795 1605 886 1667 bono
908 1611 961 1667 est
986 1601 1088 1665 modo
1111 1601 1173 1663 bo·

104 1710 145 1756 um
158 1715 331 1778 apparens,
345 1699 379 1762 in
396 1719 432 1762 se
448 1699 643 1763 simulatum
659 1709 694 1763 et
711 1699 979 1781 hypocriticum:
1004 1697 1069 1760 hoc
1083 1695 1174 1779 quod

104 1784 202 1863 lesit,
220 1811 287 1853 non
305 1802 446 1874 apparet
466 1793 658 1875 priusquam
674 1793 834 1856 interiora
850 1792 982 1855 reclusa
1000 1801 1035 1854 et
1054 1800 1173 1872 aperta

104 1890 152 1944 tnt.
192 1882 372 1966 Spirituale
384 1886 511 1948 bonum
524 1886 686 1951 formatur
699 1886 787 1969 apud
806 1886 978 1948 hominem
992 1905 1012 1947 a
1025 1883 1174 1947 Domino

104 1991 212 2040 :ruera
231 1988 266 2040 et
285 1998 345 2060 per
360 1981 467 2042 vitam
486 1980 670 2042 secundum
689 1980 767 2057 i11a;
791 1990 827 2043 at
846 1990 1029 2043 externum
1047 1978 1173 2040 bonum

106 2082 253 2148 paratum
265 2073 309 2134 ab
318 2073 453 2136 interno
465 2074 640 2155 spirituali,
652 2074 815 2137 formatur
824 2094 884 2156 per
894 2072 1057 2136 moralem
1068 2073 1174 2135 vitam

104 2179 148 2228 tae
168 2185 227 2247 pro
251 2165 316 2229 tine
339 2166 444 2230 habet
463 2188 499 2230 se
518 2178 553 2231 et
574 2169 746 2242 mundum,
767 2189 826 2231 seu
849 2167 1007 2241 honores,
1027 2165 1120 2228 lucra
1138 2173 1175 2228 et

104 2260 202 2322 cunda
220 2262 351 2337 carnis;
374 2282 461 2342 quae
480 2260 554 2324 sola
573 2263 600 2324 si
619 2260 825 2344 speetantun
846 2260 928 2324 nihil
952 2261 1175 2323 aestimantur

104 2347 183 2416 ivina
201 2375 292 2429 vera,
313 2356 376 2418 nisi
397 2354 501 2419 modo
524 2365 560 2419 ut
584 2357 695 2419 media
718 2357 761 2419 ad
785 2355 1019 2437 aucupandum
1039 2353 1174 2426 samam,

104 2462 146 2509 tae
157 2446 266 2510 solum
280 2469 340 2530 pro
355 2448 421 2511 fine
438 2449 542 2513 habet
556 2460 701 2513 externa
713 2450 771 2513 illa
784 2470 870 2532 quae
883 2458 1072 2512 memorata
1085 2456 1175 2510 sunt.

104 2539 160 2586 nde
170 2541 270 2586 Interno
281 2542 351 2587 Bono
360 2550 385 2587 et
396 2543 501 2588 Externo
513 2544 583 2589 Bono
593 2545 658 2602 apud
673 2544 757 2597 bonos,
767 2551 790 2588 et
800 2544 831 2589 de
841 2544 886 2588 illis
896 2543 961 2601 apud
975 2542 1058 2593 malos,
1070 2541 1178 2586 videatur

104 2613 210 2660 ueram
219 2617 302 2660 Novae
310 2617 522 2675 iherosolymam.
532 2618 626 2676 ψῃ.)
670 2601 767 2664 Haec
781 2602 967 2683 praemissa
980 2610 1060 2663 sunt
1072 2618 1175 2681 prop·

104 2697 115 2739 Γ
127 2677 343 2742 intelleflum
360 2682 586 2761 sequentium.
614 2698 672 2752 (Sed
681 2699 807 2742 videantur
815 2698 886 2742 etiam
896 2710 958 2754 quae
966 2709 1039 2754 supra
1046 2695 1078 2740 de
1087 2695 1133 2740 hac
1143 2708 1177 2748 re,

104 2773 318 2832 oossupmcnaos.
330 2762 724 2840 n.413[a],418[a]‚419[a]‚
734 2759 807 2838 426,
818 2776 917 2821 dinan
927 2782 1023 2822 ostensa
1032 2775 1107 2833 sunt.)

114 2883 224 2953 490.
247 2885 257 2944 [
265 2887 327 2932 Vm.
336 2886 369 2945 3.]
392 2871 452 2932 “fr
467 2871 546 2933 aliur
561 2873 689 2953 angelus
705 2871 784 2933 venit
798 2877 833 2933 et
846 2870 934 2933 stetit
949 2872 990 2931 od
1004 2868 1178 2932 ultunl'-

104 2962 159 3024 rod
180 2960 349 3043 significet
367 2962 617 3045 conjunt‘imnem
635 2962 718 3025 caeli
732 2984 803 3026 cum
820 2962 960 3025 Domino
978 2973 1042 3043 per
1061 2961 1177 3024 bonum

104 3056 202 3132 teste,
217 3067 356 3121 constat
370 3078 414 3120 ex
431 3055 678 3139 significatione
693 3064 712 3089 ‘⁸
722 3057 865 3139 angeli,’‘
878 3056 968 3140 quod
984 3057 1028 3119 sit
1045 3055 1176 3119 caelum

105 3180 158 3224 qua
165 3167 285 3223 sequitur)
298 3171 306 3226 ;
326 3161 360 3212 et
373 3171 418 3212 ex
432 3149 682 3231 significatione
697 3158 716 3183 ⁴⁶
726 3150 876 3224 altaris,”
888 3151 979 3232 quod
992 3151 1037 3212 sit
1049 3149 1176 3211 bonum

104 3241 185 3304 toris
207 3240 240 3301 in
265 3239 451 3302 Dominum
474 3257 516 3313 (de
530 3270 578 3314 qua
592 3257 663 3302 enam
677 3258 805 3316 sequitur).
849 3238 952 3321 Quod
976 3238 1150 3320 “angelus
1161 3237 1177 3262 ’⁹

104 3331 228 3404 &nificet
252 3332 385 3395 caelum
408 3333 612 3414 angelicum,
636 3344 689 3397 est
713 3335 789 3416 quia
816 3334 873 3396 illa
897 3355 982 3416 quae
1004 3334 1075 3395 visa
1098 3340 1177 3395 sunt

104 3427 205 3490 lranni
222 3429 513 3508 repraesentativa
529 3428 660 3491 fuerunt
674 3450 681 3505 ;
703 3440 737 3492 et
751 3429 827 3511 quia
840 3428 971 3491 caelum
985 3447 1052 3490 non
1066 3427 1177 3509 potuit

104 3524 133 3587 ti
156 3523 190 3585 in
214 3519 434 3604 conspeElum
455 3522 535 3603 ejus,
555 3524 633 3586 ideo
656 3544 716 3605 pro
739 3522 842 3586 caelis
861 3524 922 3585 visi
946 3532 1024 3585 sunt
1043 3518 1177 3601 angeli;

104 3637 253 3700 rquoque
266 3637 375 3698 supra,
390 3623 408 3648 ‘⁴
419 3629 551 3699 septem
564 3618 688 3700 angeli,
700 3619 754 3700 qui
768 3628 938 3682 steterunt
952 3635 1066 3680 coram
1081 3614 1156 3677 Deo
1163 3612 1179 3638 ”

104 3709 192 3786 488„
209 3719 282 3771 tum
294 3709 399 3770 etiam
413 3715 432 3741 ‘⁶
441 3710 564 3790 viginti
574 3720 721 3792 quatuor
730 3711 893 3783 seniores,
906 3719 940 3772 et
951 3715 1097 3791 quatuor
1105 3703 1178 3769 ani·⁴

103 3796 195 3871 alia,’'
211 3818 297 3879 quae
313 3799 404 3879 quod
422 3801 755 3881 repraesentaverint
771 3798 898 3872 caelos,
912 3819 1012 3880 supra
1024 3813 1058 3870 (n.
1070 3811 1180 3876 313[a].

104 3902 136 3956 22,
144 3888 295 3967 362,462)
308 3899 484 3951 ostensum
498 3900 571 3952 est:
591 3889 748 3953 similiter
759 3888 812 3951 hic
828 3896 847 3921 ⁴⁸
856 3888 1001 3969 angelus
1011 3888 1067 3969 qui
1079 3887 1179 3951 stetit

104 3977 267 4043 laltare.”
312 3979 413 4061 Quod
438 3981 550 4062 angeli
574 3983 635 4045 visi
657 3981 803 4062 Johanni
827 3980 958 4044 caelum
982 3999 1179 4062 repraesen-

104 4075 222 4149 tverint,
243 4085 296 4138 est
316 4077 393 4157 quia
417 4085 528 4138 totum
552 4077 684 4140 caelum
706 4096 821 4138 coram
846 4074 994 4138 Domino
1017 4084 1070 4138 est
1093 4074 1180 4137 sicut

104 4185 153 4228 nus
172 4170 314 4251 angelus
343 4169 466 4247 homo;
497 4170 650 4234 similiter
673 4171 879 4252 unaquaevis
902 4171 1048 4233 societas
1074 4167 1180 4245 caeli;

104 4277 144 4320 rm
159 4265 232 4344 quia
250 4264 393 4344 angelus
412 4265 505 4327 ducit
524 4283 619 4326 suam
638 4264 779 4326 formam
800 4263 1002 4344 angelicam,
1021 4282 1107 4344 quae
1127 4271 1181 4324 est

104 4369 174 4416 rma
191 4356 350 4428 humana,
368 4356 412 4418 ab
431 4357 588 4419 universo
606 4355 714 4418 caelo.
752 4371 801 4430 (De
812 4384 861 4428 qua
871 4384 897 4416 re
907 4371 1016 4417 videam
1025 4370 1050 4414 tn
1061 4381 1133 4426 opere
1145 4370 1183 4414 De

104 4439 172 4487 doct
182 4446 283 4505 Insemo,
295 4459 318 4490 n.
328 4448 409 4502 51-58‚
419 4445 500 4503 59⁴⁶7·
510 4444 592 4501 68-72,
601 4457 684 4503 73-77‚
693 4444 776 4501 78-86,
787 4444 828 4489 ubi
838 4444 886 4490 hoc
895 4456 1009 4490 areanum
1019 4442 1090 4501 plene
1101 4441 1179 4488 evolu·
