2716 4986
349 498 428 549 cna.
445 497 521 559 vn,
538 497 642 548 vuns.
659 497 769 546 2.-u.
786 480 907 565 422[c].
1107 495 1187 562 1037

95 677 103 731 t
115 688 174 750 per
186 666 278 748 quod
290 671 310 699 ‘⁴
319 667 426 748 gloria
437 665 588 746 Jehovae
601 664 791 747 impleverit
805 665 953 727 Domum
966 663 991 740 ;”
1010 685 1069 745 per
1084 669 1104 695 “
1114 663 1186 725 Do·

95 762 182 824 rum”
204 782 264 824 seu
287 759 468 842 Templum
492 758 701 840 significatur
723 759 854 822 caelum
878 769 913 821 et
936 758 1099 834 ecclesia;
1128 778 1187 839 per

96 855 266 936 gloriam”
282 856 315 916 in
330 853 446 917 Verbo
461 852 670 934 significatur
682 853 840 915 Divinum
855 853 982 915 Verum
999 852 1189 933 procedens

112 950 276 1022 Domino,
301 969 359 1030 per
388 947 559 1028 “gloriam
588 947 651 1009 Dei
683 946 817 1009 Israelis
828 946 842 968 ”
870 946 1029 1008 Divinum
1058 944 1186 1006 Verum

95 1043 239 1105 lustrans
258 1041 335 1104 illos
353 1043 407 1124 qui
431 1043 465 1105 in
488 1061 594 1121 regno
613 1041 777 1120 spirituali
802 1041 938 1102 Domini
962 1048 1052 1111 sunt,
1072 1048 1107 1101 et
1128 1059 1186 1119 per

95 1136 429 1217 gloriam,Jehovae'’
450 1136 608 1197 Divinum
629 1134 756 1196 Verum
780 1134 953 1196 illustrans
976 1133 1052 1195 illos
1075 1135 1130 1214 qui
1153 1135 1186 1194 in

95 1251 172 1312 :gno
192 1230 334 1293 caelesti
353 1229 490 1292 Domini
509 1239 599 1292 sunt.
645 1227 746 1309 Quod
767 1229 925 1290 Divinum
946 1227 1074 1289 Verum
1093 1227 1186 1289 dica·

95 1346 116 1388 rr
137 1323 306 1405 “gloria’'
321 1335 374 1388 est
391 1325 468 1407 quia
487 1323 569 1386 illud
585 1332 638 1386 est
658 1322 717 1385 lux
734 1323 828 1393 caeli,
846 1332 882 1385 et
901 1344 945 1384 ex
966 1323 1041 1385 luce
1060 1322 1117 1384 illa
1133 1332 1186 1385 est

95 1420 174 1480 nnis
193 1418 365 1500 splendor,
384 1416 637 1499 magnificentia
653 1427 688 1479 et
707 1416 814 1498 gloria
834 1417 897 1492 ibi;
921 1416 1076 1497 quicquid
1097 1418 1185 1478 enim

95 1533 182 1575 ›ram
199 1512 305 1575 oculis
321 1523 462 1594 apparet
482 1513 514 1574 in
532 1511 646 1584 caelis,
663 1522 716 1574 est
733 1532 777 1573 ex
797 1511 854 1573 illa
871 1511 963 1572 luce:
989 1510 1066 1572 inde
1083 1512 1186 1572 etiam

97 1607 187 1669 citur
216 1603 458 1688 quod'“terra
488 1605 658 1668 illustrata
685 1607 729 1667 sit
760 1625 780 1666 a
809 1605 918 1686 gloria
947 1604 1094 1687 Ipsius;''
1128 1625 1187 1685 per

94 1700 247 1764 terram'’
270 1700 473 1781 intelligitur
495 1699 650 1763 ecclesia.
696 1699 847 1761 Influxus
871 1698 940 1779 ejus
963 1718 1079 1760 versus
1103 1698 1185 1760 infe-

95 1817 151 1859 ora
171 1795 395 1877 undequaque
419 1794 630 1876 significatur
653 1815 712 1875 per
733 1793 824 1875 quod
846 1799 942 1855 “vox
968 1793 1076 1874 Ipsius
1100 1794 1186 1856 sicut

95 1911 132 1952 rx
161 1909 327 1972 aquarum
355 1888 536 1952 multarum
550 1889 576 1966 ;”
608 1888 731 1951 “vox”
757 1887 926 1969 significat
953 1887 1126 1961 influxum,
1151 1896 1185 1951 et

95 2005 203 2067 aquae
213 1983 227 2007 ”
244 1982 437 2064 significant
457 2004 547 2045 vera,
594 1981 696 2065 Apud
716 1983 872 2056 eundem,

113 2117 241 2166 “Postea
252 2117 357 2174 reduxit
371 2132 413 2165 me
421 2117 466 2165 via
478 2126 570 2178 portae
583 2113 726 2164 santluarii
740 2116 878 2164 exterioris
886 2112 1033 2177 spedtantis
1045 2115 1184 2171 orientem.

195 2196 263 2307 pplpp
272 2182 436 2307 vlerp)elausa
445 2197 463 2239 ς.
474 2219 495 2231 ..
506 2182 565 2231 ,sed
574 2180 695 2246 Jehovalr
707 2181 779 2230 Deus
791 2180 898 2229 Israelis
911 2181 1020 2229 intrabit
1032 2194 1079 2242 per
1091 2181 1164 2228 illam
1173 2180 1187 2198 '⁹

95 2360 153 2422 ›ud
174 2361 331 2431 eundem,

116 2469 227 2518 “Porta
241 2469 301 2517 atrii
316 2470 450 2518 interioris
464 2479 589 2532 spectans
603 2470 734 2518 orientem
749 2469 799 2518 erit
813 2469 903 2517 clausa
916 2483 964 2517 sex
977 2469 1071 2518 diebus
1086 2469 1183 2531 operis.

200 2536 246 2583 sed
261 2536 288 2582 in
301 2536 343 2583 die
356 2535 482 2584 Sabbathi
495 2535 649 2597 aperietur”
661 2534 735 2596 (xlvi.
750 2534 788 2596 1):

95 2680 122 2721 tr
144 2665 307 2740 “portam
329 2656 543 2740 spetiantem
563 2658 754 2721 orientem”
769 2659 874 2720 etiam
898 2658 951 2721 hic
976 2659 1186 2741 significatur

98 2750 270 2815 trodut‘iio
287 2754 318 2814 in
336 2752 467 2815 caelum
480 2764 515 2815 et
533 2755 565 2814 in
582 2752 800 2830 ecclesiamla
819 2753 966 2815 Domino
983 2773 1042 2835 per
1059 2755 1184 2818 bonum

95 2847 187 2907 noris
201 2845 389 2925 procedens
402 2846 446 2907 ab
463 2846 541 2928 ipso
555 2867 563 2923 ;
587 2846 651 2908 hoc
670 2848 784 2927 itaque
801 2847 1003 2928 intelligitur
1015 2869 1074 2929 per
1090 2853 1184 2912 “ori-

95 2939 219 3001 rtem:”
250 2950 285 3001 et
313 2941 402 3020 quod
430 2940 513 3002 illud
540 2960 559 3002 a
588 2941 748 3014 Domino,
773 2941 980 3021 significatur
1010 2963 1069 3023 per
1095 2945 1185 3026 quod

95 3032 247 3112 Jehovah
269 3031 361 3095 Deus
382 3034 515 3096 Israelis
538 3035 677 3097 intrabit
698 3056 756 3115 per
780 3035 871 3096 illam
893 3036 1064 3116 portam:”
1095 3040 1184 3118 quod

99 3125 270 3190 trodudtio
289 3126 347 3190 fiat
366 3149 425 3209 per
444 3128 572 3191 cultum
590 3128 698 3209 Ipsius
715 3150 758 3191 ex
779 3129 838 3190 illo
857 3130 958 3201 bono,
977 3130 1185 3210 significatur

95 3242 122 3284 er
145 3222 236 3303 quod
266 3223 329 3283 “in
357 3223 412 3284 die
440 3221 605 3285 Sabbathi
633 3225 802 3304 aperietur
815 3224 841 3298 ;”
872 3234 907 3285 et
934 3225 1024 3304 quod
1049 3227 1185 3305 quando

95 3336 131 3379 >n
156 3316 267 3379 cultus
291 3337 334 3378 ex
359 3317 417 3378 illo
441 3317 531 3379 bono
559 3337 625 3379 non
651 3317 709 3379 fiat
737 3315 952 3389 introdudtio
978 3317 1186 3397 significatur

95 3432 122 3474 tr
134 3411 225 3493 quod
240 3417 367 3492 “porta
384 3411 441 3473 illa
455 3433 517 3473 sex
531 3412 648 3473 diebus
665 3413 775 3493 operis
788 3411 901 3473 clausa
918 3411 1038 3473 esset.’‘
1082 3411 1183 3493 Apud

95 3505 221 3578 rudem,

113 3618 310 3668 “Sustulerunt
323 3619 430 3666 cherubi
445 3618 503 3667 alas
517 3633 580 3667 suas
583 3655 653 3674 .....
659 3629 685 3666 et
699 3619 774 3667 stetit
787 3618 821 3666 ad
834 3618 932 3666 ostium
946 3627 1039 3680 portae
1055 3615 1184 3683 [Domus]

194 3683 313 3748 Jehovae
325 3685 358 3731 ad
370 3685 509 3741 orientem,
525 3693 551 3732 et
564 3684 651 3745 gloria
665 3684 714 3732 Dei
730 3683 837 3732 Israelis
850 3698 930 3746 super
942 3683 994 3732 illis
1006 3698 1112 3732 sursum
1121 3683 1135 3702 ''
1147 3687 1183 3744 (x.

196 3749 252 3811 19):

95 3890 121 3933 er
142 3868 361 3932 “cherubos’'
380 3868 589 3949 significatur
609 3869 774 3932 Dominus
793 3870 905 3952 quoad
928 3869 1086 3933 Divinam
1106 3892 1183 3952 pro-

96 3963 250 4027 dentiam
281 3972 316 4026 et
345 3963 456 4045 quoad
488 3964 632 4026 tutelam
663 3983 705 4025 ne
735 3964 876 4026 adeatur
903 3965 966 4026 nisi
995 3985 1095 4046 quarn
1126 3985 1185 4046 per

95 4074 190 4118 >num
209 4055 337 4116 amoris
356 4069 563 4127 (vidmtursupra.
575 4084 599 4116 n.
616 4068 673 4134 152
686 4070 735 4122 fin..
749 4070 843 4134 277);
867 4064 902 4117 et
921 4056 998 4137 qula
1016 4055 1183 4118 Dominus

95 4168 121 4211 er
142 4145 361 4210 “cherubos”
380 4146 600 4226 significatur,
621 4157 655 4209 et
680 4167 700 4208 a
717 4146 865 4209 Domino
885 4157 920 4209 ut
945 4145 1035 4217 Sole,
1056 4148 1110 4209 ubi
1130 4159 1183 4210 est

95 4243 185 4315 iens,
207 4241 361 4322 procedit
385 4261 486 4302 omne
510 4241 634 4302 bonum
659 4242 793 4313 amoris,
814 4250 850 4303 et
874 4260 975 4302 omne
998 4261 1115 4303 verum
1138 4263 1183 4304 ex
1217 4213 1227 4291 l

95 4357 120 4400 ‚o
136 4338 240 4408 bono,
261 4335 339 4397 ideo
360 4337 449 4397 “visi
473 4345 552 4398 sunt
575 4335 713 4398 cherubi
738 4337 875 4399 stetisse
895 4336 937 4397 ad
961 4336 1088 4398 ostium
1105 4356 1183 4417 por·
1231 4321 1236 4337 ⁸

95 4452 117 4496 ‚e
143 4432 278 4496 Domus
300 4429 451 4510 Jehovae
478 4432 521 4493 ad
549 4432 728 4505 orientem,
753 4441 788 4494 et
812 4432 883 4493 visa
907 4442 960 4494 est
983 4430 1092 4512 gloria
1118 4431 1181 4495 Dei
1231 4413 1245 4510 l

1180 3807 1185 3835 1
