2716 4986
391 504 473 555 crte.
489 504 579 566 v111.,
597 503 701 553 vens
717 503 827 571 9.-u.
848 485 965 596 51¹4[c].
1156 501 1233 569 ¹275

118 673 287 756 significat
311 692 426 736 eorum
446 672 609 754 principia
632 669 716 743 salsi,
737 681 772 734 et
796 666 879 732 salsa
899 668 1116 732 devastantis
1135 686 1235 744 vera;

119 765 289 832 “vestes”
308 776 387 830 sunt
412 767 574 848 principia
597 765 683 839 salsi,
704 775 738 827 et
760 763 953 827 “Chaldaei
962 761 977 786 ’'
996 771 1075 824 sunt
1099 762 1155 843 qui
1178 780 1238 842 per

117 861 202 925 salsa
219 863 402 925 devastant
416 882 423 936 ;
448 881 507 942 per
525 859 715 922 “Babelem
726 858 842 932 ”enim
856 856 1094 938 intelliguntur
1106 855 1161 938 qui
1177 875 1238 936 per

117 955 209 1018 mala
232 955 413 1019 destruunt
441 955 541 1026 bona,
567 964 602 1016 et
631 974 689 1035 per
714 950 961 1015 “Chaldaeos'’
985 951 1040 1031 qui
1067 969 1127 1030 per
1153 948 1237 1011 falsa

117 1050 299 1113 destruunt
326 1069 424 1112 vera:
457 1055 627 1130 “quorum
657 1049 690 1110 in
722 1047 862 1109 navibus
889 1043 1041 1106 clamor’'
1068 1041 1237 1125 significat

117 1140 383 1207 destrudiionem
403 1141 638 1206 doitrinalium
658 1143 800 1204 illorum.
848 1140 942 1203 Haec
963 1136 1148 1204 destruitio
1178 1156 1237 1217 per

118 1242 254 1300 “naves
262 1236 277 1260 ”
292 1237 396 1300 etiam
416 1237 616 1300 describitur
635 1238 667 1298 in
687 1234 902 1316 Apocalypsi,

170 1380 187 1401 '⁸
198 1377 259 1427 Una
270 1377 336 1426 hora
345 1379 500 1428 devastatae
509 1389 572 1427 sunt
582 1388 671 1427 tantae
681 1379 797 1429 divitiae.
834 1380 930 1429 Omnis
940 1380 1019 1429 etiam
1029 1381 1200 1441 gubernator,
1210 1389 1238 1429 et

250 1443 338 1492 omnis
350 1444 394 1506 qui
406 1458 488 1505 super
499 1444 611 1492 navibus
624 1454 753 1501 versatur,
768 1456 794 1494 et
807 1455 911 1502 nautae,
923 1455 950 1494 et
963 1459 1057 1493 ornnes
1070 1445 1114 1508 qui
1127 1445 1154 1493 in
1169 1444 1236 1493 mari

251 1509 430 1569 negotiantur,
444 1524 459 1557 e
473 1510 621 1572 longinquo
633 1519 764 1559 steterunt
767 1547 837 1567 .....
842 1520 869 1559 et
887 1510 1036 1571 injecerunt
1054 1511 1189 1572 pulverem
1210 1509 1236 1558 in

250 1573 336 1634 capita
354 1588 409 1631 sua,
426 1584 452 1622 et
470 1575 619 1623 clamabant
638 1574 731 1623 flentes
749 1584 776 1623 et
793 1576 960 1636 plangentes,
975 1576 1154 1638 dicentesque,
1170 1575 1235 1632 Vae,

250 1652 308 1695 vae,
325 1640 387 1687 urbs
402 1638 522 1700 magna''
538 1639 668 1702 Babylon,
685 1640 738 1688 “in
753 1655 805 1703 qua
818 1640 915 1689 divites
930 1638 993 1689 lasti
1008 1651 1071 1690 sunt
1084 1654 1179 1689 omnes
1193 1640 1238 1703 qul

251 1704 349 1752 habent
362 1719 444 1752 naves
458 1705 483 1752 in
497 1705 572 1760 mari,
584 1720 617 1753 ex
630 1706 794 1767 pretiositate
806 1705 873 1767 ejus,
885 1705 947 1768 quia
958 1719 1012 1755 una
1023 1707 1089 1754 hora
1099 1706 1239 1754 devastata

250 1778 291 1816 est
300 1768 313 1786 ''
323 1769 406 1830 (xviii,
420 1766 487 1832 [16,]
501 1782 538 1829 17,
553 1771 607 1831 19);

118 1912 180 1974 sed
214 1910 298 1975 haec
336 1912 475 1974 ulterius
512 1912 686 1993 explicata
721 1912 902 1976 videantur
938 1913 970 1974 in
1006 1912 1237 1994 sequentibus.

119 2005 225 2087 Apud
244 2005 425 2080 Danielem,

171 2137 319 2187 “Tandem
332 2139 358 2187 in
372 2149 491 2201 tempore
504 2139 564 2188 finis
573 2139 681 2188 collidet
693 2154 752 2188 cum
764 2154 797 2188 eo
810 2154 856 2188 rex
869 2139 1002 2188 meridiei:
1022 2137 1082 2187 ideo
1091 2138 1165 2202 quasi
1178 2152 1239 2200 pro·

251 2204 317 2252 cella
329 2205 409 2252 irruet
424 2205 450 2252 in
466 2219 526 2252 eum
540 2219 587 2253 rex
599 2205 798 2267 septentrionis,
812 2219 872 2253 curn
887 2219 965 2252 curru
979 2213 1005 2252 et
1019 2218 1079 2252 cum
1094 2202 1235 2266 equitibus,

250 2281 276 2318 et
288 2284 352 2382 {Q
361 2271 474 2396 pavibt?
487 2271 576 2319 multis
587 2285 592 2328 ;
611 2271 752 2333 venietque
764 2271 791 2319 in
805 2280 911 2327 terram,
925 2279 952 2318 et
965 2269 1106 2318 inundabit
1117 2277 1144 2316 et
1158 2282 1239 2330 pene·

250 2345 291 2384 tra
311 2345 330 2383 it
372 2350 407 2384 xi.
419 2348 452 2395 40
470 2352 475 2385 :

121 2483 285 2560 “tempus
301 2478 400 2540 finis”
412 2477 580 2560 significat
595 2490 730 2560 tempus
744 2478 898 2541 ultimum
912 2478 1087 2550 ecclesiae,
1101 2475 1238 2559 quando

119 2591 186 2635 non
203 2592 318 2636 verum
335 2574 412 2655 quia
429 2592 496 2635 non
512 2573 659 2648 bonum,
684 2593 742 2654 per
760 2578 904 2653 “regem
921 2573 1070 2634 meridiei
1079 2569 1094 2595 ”
1111 2569 1237 2634 intelli-

118 2669 209 2749 gitur
225 2687 340 2729 verum
357 2669 389 2729 in
407 2667 492 2738 luce,
509 2667 599 2748 quod
616 2677 670 2728 est
687 2687 801 2729 verum
818 2687 863 2730 ex
879 2667 991 2743 bono;
1016 2687 1075 2748 ρετ
1093 2671 1237 2746 “regem

118 2763 362 2843 septentrionis
371 2761 386 2786 ”
399 2762 602 2842 intelligitur
619 2781 686 2822 non
703 2780 819 2823 verum
835 2762 912 2842 quia
926 2781 994 2823 non
1007 2761 1144 2835 bonum,
1159 2781 1238 2842 pro·

119 2856 197 2918 inde
216 2855 357 2932 ialsum;
382 2876 460 2919 nam
480 2857 535 2919 ubi
549 2876 616 2917 non
629 2875 745 2918 verum
758 2866 823 2928 est,
837 2856 881 2919 ibi
898 2865 950 2918 est
967 2854 1098 2928 salsum,
1113 2857 1237 2918 avertit

118 2952 209 3013 enim
228 2949 331 3011 homo
350 2970 386 3011 se
407 2960 487 3012 tunc
507 2971 525 3012 e
545 2950 642 3011 caelo
660 2949 702 3011 ad
727 2949 899 3023 mundum,
921 2960 956 3011 et
979 2970 999 3011 a
1024 2950 1171 3011 Domino
1194 2950 1237 3011 ad

119 3054 249 3120 semet;
274 3055 309 3106 et
329 3065 373 3106 ex
394 3045 520 3107 mundo
540 3054 574 3106 et
599 3065 643 3106 ex
664 3054 784 3118 semet,
804 3044 941 3125 quando
960 3044 1080 3107 nihile
1104 3043 1199 3106 caelo
1218 3065 1238 3106 a

120 3138 279 3211 Domino
295 3158 362 3200 non
376 3137 483 3201 influit
501 3139 563 3201 nisi
583 3137 703 3199 falsum
717 3158 760 3199 ex
778 3137 878 3200 malo.
924 3137 1062 3218 Pugnae
1075 3139 1164 3200 inter
1176 3138 1237 3200 bo-

119 3252 199 3295 num
225 3253 269 3294 ex
294 3254 374 3295 vero
402 3243 437 3295 et
466 3235 554 3295 inter
581 3231 702 3294 salsum
726 3253 771 3294 ex
799 3231 890 3294 malo
917 3231 1044 3295 ultimis
1074 3232 1238 3295 ecclesiae

119 3328 328 3408 temporibus
348 3327 583 3388 describuntur
602 3327 635 3387 in
659 3346 700 3387 eo
719 3326 831 3406 capite
851 3346 909 3407 per
928 3346 1060 3406 pugnas
1079 3328 1167 3388 inter
1185 3347 1237 3389 re·

119 3441 197 3503 gem
212 3422 361 3484 meridiei
378 3431 413 3483 et
430 3440 545 3501 regem
562 3421 826 3502 septentrionis;
851 3421 939 3502 quod
957 3419 1041 3482 salsa
1058 3431 1137 3482 tunc
1155 3421 1237 3483 irru-

119 3525 178 3578 ent
198 3525 234 3577 et
258 3515 435 3577 destruent
456 3535 545 3589 vera,
567 3513 770 3594 intelligitur
794 3533 853 3594 per
876 3515 965 3596 quod
988 3523 1078 3576 “rex
1099 3523 1237 3595 septen-

121 3609 239 3672 trionis
263 3609 366 3669 irruet
395 3609 427 3669 in
451 3628 567 3689 regem
591 3608 740 3670 meridiei
764 3627 871 3682 curru,
896 3609 1074 3690 equitibus,
1099 3616 1134 3670 et
1162 3627 1238 3671 cum

121 3704 261 3766 navibus
286 3703 401 3766 multis
414 3701 440 3778 ;’'
464 3723 523 3784 per
544 3701 728 3765 “currum''
751 3702 953 3783 intelligitur
976 3699 1130 3765 dodirina
1152 3701 1237 3776 salsi,

121 3819 179 3881 per
207 3796 390 3878 “equites''
421 3798 700 3860 ratiocinationes
730 3797 819 3869 inde,
851 3818 910 3878 per
941 3795 1101 3858 “naves’'
1129 3797 1239 3858 omnis

121 3892 254 3973 generis
277 3890 361 3952 salsa
384 3900 419 3953 et
443 3889 695 3953 falsificationes
718 3892 807 3965 veri;
833 3891 922 3972 quod
945 3891 964 3921 ‘'⁴
974 3892 1087 3954 veniet
1111 3891 1145 3951 in
1168 3901 1237 3953 ter·

121 4005 203 4060 ram,
224 3995 259 4047 et
279 3984 456 4047 inundabit
476 3995 511 4046 et
535 3984 759 4066 penetrabit,”
779 3983 947 4064 significat
966 3985 1055 4066 quod
1076 3983 1160 4045 falsa
1178 3984 1239 4046 de·

121 4088 254 4142 struent
272 4079 385 4140 omnia
401 4077 565 4140 ecclesiae
582 4089 654 4141 tam
671 4079 843 4140 exteriora
859 4097 959 4158 quam
979 4078 1139 4139 interiora
1157 4077 1238 4158 ejus.

122 4171 225 4255 Apud
244 4171 369 4247 Mosen,

173 4315 317 4364 “Reducet
335 4324 360 4363 te
378 4314 499 4379 Jehovah
517 4315 544 4363 in
558 4313 710 4376 Aegyptum
728 4314 756 4362 in
775 4313 896 4370 navibus,
911 4328 958 4375 per
976 4314 1046 4362 viam
1065 4314 1098 4362 de
1115 4328 1168 4376 qua
1185 4313 1240 4363 dixi

252 4380 309 4437 tibi,
325 4379 385 4428 Non
398 4381 480 4428 addes
492 4381 607 4442 amplius
620 4380 710 4427 videre
725 4380 807 4435 illam,
821 4380 866 4428 ubi
879 4380 1031 4428 vendemini
1047 4379 1168 4427 hostibus
1180 4392 1241 4426 ves·

221 4475 223 4480 ·
252 4446 300 4495 tris
313 4446 339 4494 in
353 4461 446 4494 servos
458 4455 485 4494 et
496 4446 617 4503 ancillas,
632 4459 681 4492 nec
694 4455 784 4493 tamen
797 4444 922 4506 emptor''
932 4444 1035 4504 (Dente.
1047 4444 1139 4494 xxviii.
1151 4444 1209 4502 biii:
