<?xml version="1.0" encoding="UTF-8"?>
<!DOCTYPE html PUBLIC "-//W3C//DTD XHTML 1.0 Transitional//EN"
    "http://www.w3.org/TR/xhtml1/DTD/xhtml1-transitional.dtd">
<html xmlns="http://www.w3.org/1999/xhtml" xml:lang="en" lang="en">
 <head>
  <title>
</title>
<meta http-equiv="Content-Type" content="text/html;charset=utf-8" />
  <meta name='ocr-system' content='tesseract 3.04.00' />
  <meta name='ocr-capabilities' content='ocr_page ocr_carea ocr_par ocr_line ocrx_word'/>
</head>
<body>
  <div class='ocr_page' id='page_1' title='image "./apocalypsisexpl00swedgoog_0398.png"; bbox 0 0 2684 4988; ppageno 0'>
   <div class='ocr_carea' id='block_1_1' title="bbox 114 450 921 533">
    <p class='ocr_par' dir='ltr' id='par_1_1' title="bbox 114 450 921 533">
     <span class='ocr_line' id='line_1_1' title="bbox 114 450 921 533; baseline 0 -5"><span class='ocrx_word' id='word_1_1' title='bbox 114 466 193 533; x_wconf 86' lang='lat'>1062</span> <span class='ocrx_word' id='word_1_2' title='bbox 420 477 671 530; x_wconf 66' lang='lat' dir='ltr'>avocanursrs</span> <span class='ocrx_word' id='word_1_3' title='bbox 693 450 921 529; x_wconf 66' lang='lat' dir='ltr'>carucata.</span> 
     </span>
    </p>
   </div>
   <div class='ocr_carea' id='block_1_2' title="bbox 109 645 1228 1315">
    <p class='ocr_par' dir='ltr' id='par_1_2' title="bbox 109 645 1228 1315">
     <span class='ocr_line' id='line_1_2' title="bbox 110 645 1156 729; baseline -0.004 -18"><span class='ocrx_word' id='word_1_4' title='bbox 110 649 242 711; x_wconf 85' lang='lat' dir='ltr'>luerunt</span> <span class='ocrx_word' id='word_1_5' title='bbox 254 667 373 711; x_wconf 89' lang='lat' dir='ltr'>omnes</span> <span class='ocrx_word' id='word_1_6' title='bbox 389 649 517 729; x_wconf 87' lang='lat' dir='ltr'>recepti</span> <span class='ocrx_word' id='word_1_7' title='bbox 532 656 611 710; x_wconf 86' lang='lat' dir='ltr'>sunt</span> <span class='ocrx_word' id='word_1_8' title='bbox 627 648 660 709; x_wconf 94' lang='lat' dir='ltr'>in</span> <span class='ocrx_word' id='word_1_9' title='bbox 677 645 808 710; x_wconf 88' lang='lat' dir='ltr'>caelum</span> <span class='ocrx_word' id='word_1_10' title='bbox 824 659 906 710; x_wconf 88' lang='lat' dir='ltr'>ante</span> <span class='ocrx_word' id='word_1_11' title='bbox 919 645 1087 727; x_wconf 67' lang='lat' dir='ltr'>judicium</span> <span class='ocrx_word' id='word_1_12' title='bbox 1105 655 1156 726; x_wconf 89' lang='lat' dir='ltr'>atq</span> 
     </span>
     <span class='ocr_line' id='line_1_3' title="bbox 110 714 1228 835; baseline -0.006 -30"><span class='ocrx_word' id='word_1_13' title='bbox 110 745 143 805; x_wconf 91' lang='lat' dir='ltr'>in</span> <span class='ocrx_word' id='word_1_14' title='bbox 166 742 258 805; x_wconf 90' lang='lat' dir='ltr'>bono</span> <span class='ocrx_word' id='word_1_15' title='bbox 280 742 412 805; x_wconf 86' lang='lat' dir='ltr'>suerunt</span> <span class='ocrx_word' id='word_1_16' title='bbox 435 753 472 805; x_wconf 90' lang='lat' dir='ltr'>et</span> <span class='ocrx_word' id='word_1_17' title='bbox 494 742 645 804; x_wconf 90' lang='lat' dir='ltr'>nondum</span> <span class='ocrx_word' id='word_1_18' title='bbox 664 742 712 804; x_wconf 86' lang='lat' dir='ltr'>ita</span> <span class='ocrx_word' id='word_1_19' title='bbox 730 743 762 803; x_wconf 92' lang='lat' dir='ltr'>in</span> <span class='ocrx_word' id='word_1_20' title='bbox 782 743 880 815; x_wconf 83' lang='lat' dir='ltr'>veris,</span> <span class='ocrx_word' id='word_1_21' title='bbox 900 743 1057 804; x_wconf 88' lang='lat' dir='ltr'>reservati</span> <span class='ocrx_word' id='word_1_22' title='bbox 1072 750 1177 811; x_wconf 72' lang='lat' dir='ltr'>suntac</span> <span class='ocrx_word' id='word_1_23' title='bbox 1223 714 1228 835; x_wconf 63' lang='lat' dir='ltr'>l</span> 
     </span>
     <span class='ocr_line' id='line_1_4' title="bbox 109 831 1228 917; baseline -0.007 -16"><span class='ocrx_word' id='word_1_24' title='bbox 109 839 238 901; x_wconf 87' lang='lat' dir='ltr'>interea</span> <span class='ocrx_word' id='word_1_25' title='bbox 267 833 421 899; x_wconf 73' lang='lat' dir='ltr'>instrudti</span> <span class='ocrx_word' id='word_1_26' title='bbox 450 845 485 899; x_wconf 92' lang='lat' dir='ltr'>et</span> <span class='ocrx_word' id='word_1_27' title='bbox 515 837 705 917; x_wconf 82' lang='lat' dir='ltr'>praeparati</span> <span class='ocrx_word' id='word_1_28' title='bbox 734 836 777 897; x_wconf 90' lang='lat' dir='ltr'>ad</span> <span class='ocrx_word' id='word_1_29' title='bbox 808 835 950 908; x_wconf 89' lang='lat' dir='ltr'>caelum,</span> <span class='ocrx_word' id='word_1_30' title='bbox 978 836 1021 897; x_wconf 91' lang='lat' dir='ltr'>de</span> <span class='ocrx_word' id='word_1_31' title='bbox 1046 836 1139 917; x_wconf 86' lang='lat' dir='ltr'>quibus</span> <span class='ocrx_word' id='word_1_32' title='bbox 1157 831 1178 892; x_wconf 86' lang='lat' dir='ltr'>in</span> <span class='ocrx_word' id='word_1_33' title='bbox 1225 842 1228 871; x_wconf 77' lang='lat'><strong>¹</strong></span> 
     </span>
     <span class='ocr_line' id='line_1_5' title="bbox 109 926 1228 1013; baseline -0.006 -20"><span class='ocrx_word' id='word_1_34' title='bbox 109 931 326 1013; x_wconf 87' lang='lat' dir='ltr'>sequentibus</span> <span class='ocrx_word' id='word_1_35' title='bbox 346 930 484 993; x_wconf 90' lang='lat' dir='ltr'>ulterius</span> <span class='ocrx_word' id='word_1_36' title='bbox 502 931 672 1011; x_wconf 84' lang='lat' dir='ltr'>agendum</span> <span class='ocrx_word' id='word_1_37' title='bbox 691 940 753 993; x_wconf 90' lang='lat' dir='ltr'>est.</span> <span class='ocrx_word' id='word_1_38' title='bbox 800 929 852 993; x_wconf 92' lang='lat' dir='ltr'>llli</span> <span class='ocrx_word' id='word_1_39' title='bbox 877 932 932 1012; x_wconf 93' lang='lat' dir='ltr'>qui</span> <span class='ocrx_word' id='word_1_40' title='bbox 951 929 1070 992; x_wconf 84' lang='lat' dir='ltr'>sublati</span> <span class='ocrx_word' id='word_1_41' title='bbox 1086 926 1179 990; x_wconf 88' lang='lat' dir='ltr'>suntin</span> <span class='ocrx_word' id='word_1_42' title='bbox 1226 988 1228 995; x_wconf 78' lang='grc'>,</span> 
     </span>
     <span class='ocr_line' id='line_1_6' title="bbox 110 1019 1180 1106; baseline -0.006 -19"><span class='ocrx_word' id='word_1_43' title='bbox 110 1024 239 1087; x_wconf 88' lang='lat' dir='ltr'>caelum</span> <span class='ocrx_word' id='word_1_44' title='bbox 268 1033 348 1086; x_wconf 89' lang='lat' dir='ltr'>ante</span> <span class='ocrx_word' id='word_1_45' title='bbox 371 1022 540 1104; x_wconf 83' lang='lat' dir='ltr'>judicium,</span> <span class='ocrx_word' id='word_1_46' title='bbox 569 1022 806 1104; x_wconf 87' lang='lat' dir='ltr'>intelliguntur</span> <span class='ocrx_word' id='word_1_47' title='bbox 832 1044 966 1106; x_wconf 92' lang='lat' dir='ltr'>quoque</span> <span class='ocrx_word' id='word_1_48' title='bbox 998 1044 1055 1104; x_wconf 89' lang='lat' dir='ltr'>per</span> <span class='ocrx_word' id='word_1_49' title='bbox 1077 1023 1136 1084; x_wconf 88' lang='lat' dir='ltr'>illos</span> <span class='ocrx_word' id='word_1_50' title='bbox 1154 1019 1180 1080; x_wconf 89' lang='lat' dir='ltr'>de</span> 
     </span>
     <span class='ocr_line' id='line_1_7' title="bbox 110 1117 1155 1200; baseline -0.003 -20"><span class='ocrx_word' id='word_1_51' title='bbox 110 1120 227 1200; x_wconf 89' lang='lat' dir='ltr'>quibus</span> <span class='ocrx_word' id='word_1_52' title='bbox 247 1119 279 1180; x_wconf 91' lang='lat' dir='ltr'>in</span> <span class='ocrx_word' id='word_1_53' title='bbox 299 1119 454 1200; x_wconf 86' lang='lat' dir='ltr'>sequenti</span> <span class='ocrx_word' id='word_1_54' title='bbox 473 1139 545 1199; x_wconf 88' lang='lat' dir='ltr'>cap.</span> <span class='ocrx_word' id='word_1_55' title='bbox 562 1119 631 1180; x_wconf 88' lang='lat' dir='ltr'>xiv.</span> <span class='ocrx_word' id='word_1_56' title='bbox 648 1117 679 1179; x_wconf 87' lang='grc' dir='ltr'><em>Α</em></span> <span class='ocrx_word' id='word_1_57' title='bbox 680 1118 894 1199; x_wconf 79' lang='lat' dir='ltr'>pocalypseos</span> <span class='ocrx_word' id='word_1_58' title='bbox 916 1121 999 1181; x_wconf 87' lang='lat' dir='ltr'>haec</span> <span class='ocrx_word' id='word_1_59' title='bbox 1019 1118 1155 1186; x_wconf 86' lang='lat' dir='ltr'>dicuntur,</span> 
     </span>
     <span class='ocr_line' id='line_1_8' title="bbox 161 1249 1183 1315; baseline -0.002 -15"><span class='ocrx_word' id='word_1_60' title='bbox 161 1251 281 1314; x_wconf 76' lang='lat' dir='ltr'>“Agnns</span> <span class='ocrx_word' id='word_1_61' title='bbox 299 1260 377 1301; x_wconf 79' lang='lat' dir='ltr'>stans</span> <span class='ocrx_word' id='word_1_62' title='bbox 393 1266 474 1314; x_wconf 80' lang='lat' dir='ltr'>super</span> <span class='ocrx_word' id='word_1_63' title='bbox 492 1250 588 1301; x_wconf 84' lang='lat' dir='ltr'>Monte</span> <span class='ocrx_word' id='word_1_64' title='bbox 602 1251 703 1308; x_wconf 73' lang='lat' dir='ltr'>Sionis,</span> <span class='ocrx_word' id='word_1_65' title='bbox 717 1261 743 1302; x_wconf 87' lang='lat' dir='ltr'>et</span> <span class='ocrx_word' id='word_1_66' title='bbox 761 1267 823 1301; x_wconf 87' lang='lat' dir='ltr'>cum</span> <span class='ocrx_word' id='word_1_67' title='bbox 842 1251 906 1314; x_wconf 84' lang='lat' dir='ltr'>lpso</span> <span class='ocrx_word' id='word_1_68' title='bbox 924 1249 1183 1315; x_wconf 68' lang='lat' dir='ltr'>centumquadraginta</span> 
     </span>
    </p>
   </div>
   <div class='ocr_carea' id='block_1_3' title="bbox 239 1310 1183 1443">
    <p class='ocr_par' dir='ltr' id='par_1_3' title="bbox 239 1310 1183 1443">
     <span class='ocr_line' id='line_1_9' title="bbox 239 1310 1183 1443; baseline -0.002 -79"><span class='ocrx_word' id='word_1_69' title='bbox 239 1316 449 1443; x_wconf 43' lang='lat' dir='ltr'>puatuoqmiilia</span> <span class='ocrx_word' id='word_1_70' title='bbox 459 1318 589 1367; x_wconf 76' lang='lat' dir='ltr'>lubentes</span> <span class='ocrx_word' id='word_1_71' title='bbox 602 1331 702 1366; x_wconf 77' lang='lat' dir='ltr'>nomeu</span> <span class='ocrx_word' id='word_1_72' title='bbox 717 1317 806 1367; x_wconf 76' lang='lat' dir='ltr'>Patris</span> <span class='ocrx_word' id='word_1_73' title='bbox 818 1318 948 1379; x_wconf 79' lang='lat' dir='ltr'>scriptum</span> <span class='ocrx_word' id='word_1_74' title='bbox 961 1318 987 1366; x_wconf 92' lang='lat' dir='ltr'>in</span> <span class='ocrx_word' id='word_1_75' title='bbox 1003 1310 1183 1366; x_wconf 70' lang='lat' dir='ltr'>trondemnis*</span> 
     </span>
     <span class='ocr_line' id='line_1_10' title="bbox 250 1395 375 1441; baseline 0.008 -12"><span class='ocrx_word' id='word_1_76' title='bbox 250 1395 345 1431; x_wconf 75' lang='lat' dir='ltr'>versi</span> <span class='ocrx_word' id='word_1_77' title='bbox 367 1395 375 1441; x_wconf 84' lang='lat'>;</span> 
     </span>
    </p>
   </div>
   <div class='ocr_carea' id='block_1_4' title="bbox 113 1497 433 1577">
    <p class='ocr_par' dir='ltr' id='par_1_4' title="bbox 113 1497 433 1577">
     <span class='ocr_line' id='line_1_11' title="bbox 113 1497 433 1577; baseline 0.006 -20"><span class='ocrx_word' id='word_1_78' title='bbox 113 1497 155 1558; x_wconf 91' lang='lat' dir='ltr'>de</span> <span class='ocrx_word' id='word_1_79' title='bbox 174 1497 292 1577; x_wconf 91' lang='lat' dir='ltr'>quibus</span> <span class='ocrx_word' id='word_1_80' title='bbox 311 1497 433 1560; x_wconf 88' lang='lat' dir='ltr'>dicitur</span> 
     </span>
    </p>
   </div>
   <div class='ocr_carea' id='block_1_5' title="bbox 159 1603 1185 1863">
    <p class='ocr_par' dir='ltr' id='par_1_5' title="bbox 159 1603 1185 1863">
     <span class='ocr_line' id='line_1_12' title="bbox 159 1603 1184 1669; baseline 0 -17"><span class='ocrx_word' id='word_1_81' title='bbox 159 1603 238 1667; x_wconf 78' lang='lat' dir='ltr'>Quod</span> <span class='ocrx_word' id='word_1_82' title='bbox 251 1620 331 1653; x_wconf 89' lang='lat' dir='ltr'>nemo</span> <span class='ocrx_word' id='word_1_83' title='bbox 344 1606 463 1666; x_wconf 85' lang='lat' dir='ltr'>potuerit</span> <span class='ocrx_word' id='word_1_84' title='bbox 474 1605 580 1655; x_wconf 82' lang='lat' dir='ltr'>discere</span> <span class='ocrx_word' id='word_1_85' title='bbox 591 1606 726 1655; x_wconf 80' lang='lat' dir='ltr'>canticum</span> <span class='ocrx_word' id='word_1_86' title='bbox 737 1608 841 1669; x_wconf 85' lang='lat' dir='ltr'>“quam</span> <span class='ocrx_word' id='word_1_87' title='bbox 854 1616 963 1654; x_wconf 87' lang='lat' dir='ltr'>centum</span> <span class='ocrx_word' id='word_1_88' title='bbox 976 1604 1184 1668; x_wconf 71' lang='lat' dir='ltr'>quadragintaqu</span> 
     </span>
     <span class='ocr_line' id='line_1_13' title="bbox 241 1663 1185 1733; baseline 0 -16"><span class='ocrx_word' id='word_1_89' title='bbox 241 1680 303 1718; x_wconf 86' lang='lat' dir='ltr'>tuor</span> <span class='ocrx_word' id='word_1_90' title='bbox 314 1671 406 1728; x_wconf 75' lang='lat' dir='ltr'>millia,</span> <span class='ocrx_word' id='word_1_91' title='bbox 421 1671 504 1733; x_wconf 86' lang='lat' dir='ltr'>empti</span> <span class='ocrx_word' id='word_1_92' title='bbox 518 1671 552 1719; x_wconf 86' lang='lat' dir='ltr'>de</span> <span class='ocrx_word' id='word_1_93' title='bbox 564 1682 650 1720; x_wconf 79' lang='lat' dir='ltr'>terra:</span> <span class='ocrx_word' id='word_1_94' title='bbox 673 1671 703 1720; x_wconf 78' lang='lat' dir='ltr'>hi</span> <span class='ocrx_word' id='word_1_95' title='bbox 717 1681 780 1720; x_wconf 73' lang='lat' dir='ltr'>sunt</span> <span class='ocrx_word' id='word_1_96' title='bbox 794 1672 838 1733; x_wconf 90' lang='lat' dir='ltr'>qui</span> <span class='ocrx_word' id='word_1_97' title='bbox 853 1685 915 1720; x_wconf 85' lang='lat' dir='ltr'>cum</span> <span class='ocrx_word' id='word_1_98' title='bbox 931 1671 1085 1719; x_wconf 86' lang='lat' dir='ltr'>mulieribus</span> <span class='ocrx_word' id='word_1_99' title='bbox 1097 1683 1138 1717; x_wconf 87' lang='lat' dir='ltr'>non</span> <span class='ocrx_word' id='word_1_100' title='bbox 1149 1663 1185 1728; x_wconf 73' lang='lat' dir='ltr'>pol</span> 
     </span>
     <span class='ocr_line' id='line_1_14' title="bbox 240 1731 1185 1798; baseline -0.002 -16"><span class='ocrx_word' id='word_1_101' title='bbox 240 1735 288 1783; x_wconf 91' lang='lat' dir='ltr'>luti</span> <span class='ocrx_word' id='word_1_102' title='bbox 306 1746 376 1794; x_wconf 81' lang='lat' dir='ltr'>sunt,</span> <span class='ocrx_word' id='word_1_103' title='bbox 393 1736 514 1797; x_wconf 77' lang='lat' dir='ltr'>virgines</span> <span class='ocrx_word' id='word_1_104' title='bbox 530 1736 603 1785; x_wconf 89' lang='lat' dir='ltr'>enim</span> <span class='ocrx_word' id='word_1_105' title='bbox 621 1746 685 1786; x_wconf 86' lang='lat' dir='ltr'>sunt</span> <span class='ocrx_word' id='word_1_106' title='bbox 686 1772 757 1793; x_wconf 89' lang='grc'><strong>.....</strong></span> <span class='ocrx_word' id='word_1_107' title='bbox 762 1736 848 1798; x_wconf 85' lang='lat' dir='ltr'>empti</span> <span class='ocrx_word' id='word_1_108' title='bbox 863 1737 898 1784; x_wconf 87' lang='lat' dir='ltr'>de</span> <span class='ocrx_word' id='word_1_109' title='bbox 915 1737 1077 1793; x_wconf 85' lang='lat' dir='ltr'>bominibus,</span> <span class='ocrx_word' id='word_1_110' title='bbox 1089 1731 1185 1798; x_wconf 70' lang='lat' dir='ltr'>primitiae</span> 
     </span>
     <span class='ocr_line' id='line_1_15' title="bbox 242 1800 636 1863; baseline 0.005 -15"><span class='ocrx_word' id='word_1_111' title='bbox 242 1800 301 1848; x_wconf 89' lang='lat' dir='ltr'>Deo</span> <span class='ocrx_word' id='word_1_112' title='bbox 313 1811 339 1849; x_wconf 88' lang='lat' dir='ltr'>et</span> <span class='ocrx_word' id='word_1_113' title='bbox 352 1801 455 1863; x_wconf 78' lang='lat' dir='ltr'>Agno”</span> <span class='ocrx_word' id='word_1_114' title='bbox 467 1802 546 1863; x_wconf 83' lang='lat' dir='ltr'>(vers.</span> <span class='ocrx_word' id='word_1_115' title='bbox 559 1814 583 1863; x_wconf 83' lang='lat'>3,</span> <span class='ocrx_word' id='word_1_116' title='bbox 594 1802 636 1861; x_wconf 74' lang='lat'>4);</span> 
     </span>
    </p>
   </div>
   <div class='ocr_carea' id='block_1_6' title="bbox 108 1919 1189 4360">
    <p class='ocr_par' dir='ltr' id='par_1_6' title="bbox 108 1919 1189 4360">
     <span class='ocr_line' id='line_1_16' title="bbox 111 1919 1185 2006; baseline -0.005 -22"><span class='ocrx_word' id='word_1_117' title='bbox 111 1921 211 1985; x_wconf 90' lang='lat' dir='ltr'>iidem</span> <span class='ocrx_word' id='word_1_118' title='bbox 224 1923 327 1985; x_wconf 90' lang='lat' dir='ltr'>etiam</span> <span class='ocrx_word' id='word_1_119' title='bbox 340 1923 576 2005; x_wconf 86' lang='lat' dir='ltr'>intelliguntur</span> <span class='ocrx_word' id='word_1_120' title='bbox 589 1944 647 2005; x_wconf 92' lang='lat' dir='ltr'>per</span> <span class='ocrx_word' id='word_1_121' title='bbox 659 1945 718 1987; x_wconf 88' lang='lat' dir='ltr'>eos</span> <span class='ocrx_word' id='word_1_122' title='bbox 730 1924 785 2006; x_wconf 93' lang='lat' dir='ltr'>qui</span> <span class='ocrx_word' id='word_1_123' title='bbox 803 1934 882 1987; x_wconf 88' lang='lat' dir='ltr'>sunt</span> <span class='ocrx_word' id='word_1_124' title='bbox 897 1931 915 1956; x_wconf 86' lang='lat'>‘⁴</span> <span class='ocrx_word' id='word_1_125' title='bbox 925 1946 969 1987; x_wconf 90' lang='lat' dir='ltr'>ex</span> <span class='ocrx_word' id='word_1_126' title='bbox 987 1919 1185 1987; x_wconf 74' lang='lat' dir='ltr'>resurreliione</span> 
     </span>
     <span class='ocr_line' id='line_1_17' title="bbox 111 2017 1185 2100; baseline 0.001 -22"><span class='ocrx_word' id='word_1_127' title='bbox 111 2017 244 2096; x_wconf 86' lang='lat' dir='ltr'>prima‚”</span> <span class='ocrx_word' id='word_1_128' title='bbox 263 2028 298 2080; x_wconf 92' lang='lat' dir='ltr'>et</span> <span class='ocrx_word' id='word_1_129' title='bbox 321 2018 438 2100; x_wconf 85' lang='lat' dir='ltr'>reliqui</span> <span class='ocrx_word' id='word_1_130' title='bbox 461 2020 516 2100; x_wconf 91' lang='lat' dir='ltr'>qui</span> <span class='ocrx_word' id='word_1_131' title='bbox 535 2040 580 2081; x_wconf 88' lang='lat' dir='ltr'>ex</span> <span class='ocrx_word' id='word_1_132' title='bbox 600 2017 841 2082; x_wconf 73' lang='lat' dir='ltr'>resurrectione</span> <span class='ocrx_word' id='word_1_133' title='bbox 860 2019 1011 2082; x_wconf 88' lang='lat' dir='ltr'>secunda</span> <span class='ocrx_word' id='word_1_134' title='bbox 1030 2017 1132 2100; x_wconf 78' lang='lat' dir='ltr'>(Apoc.</span> <span class='ocrx_word' id='word_1_135' title='bbox 1144 2031 1185 2074; x_wconf 80' lang='lat' dir='ltr'>xx·</span> 
     </span>
     <span class='ocr_line' id='line_1_18' title="bbox 110 2110 1187 2212; baseline 0 -24"><span class='ocrx_word' id='word_1_136' title='bbox 110 2110 199 2193; x_wconf 56' lang='grc' dir='ltr'>445)Ι</span> <span class='ocrx_word' id='word_1_137' title='bbox 1176 2188 1187 2212; x_wconf 63' lang='grc'>,,</span> 
     </span>
     <span class='ocr_line' id='line_1_19' title="bbox 136 2200 1170 2286; baseline -0.004 -20"><span class='ocrx_word' id='word_1_138' title='bbox 136 2249 137 2253; x_wconf 65' lang='lat'>,</span> <span class='ocrx_word' id='word_1_139' title='bbox 168 2202 328 2286; x_wconf 67' lang='lat' dir='ltr'><strong>431[a].</strong></span> <span class='ocrx_word' id='word_1_140' title='bbox 368 2202 546 2267; x_wconf 72' lang='lat' dir='ltr'>Hactenus</span> <span class='ocrx_word' id='word_1_141' title='bbox 575 2214 754 2273; x_wconf 90' lang='lat' dir='ltr'>ostensum</span> <span class='ocrx_word' id='word_1_142' title='bbox 786 2214 847 2267; x_wconf 84' lang='lat' dir='ltr'>est·</span> <span class='ocrx_word' id='word_1_143' title='bbox 873 2205 965 2286; x_wconf 91' lang='lat' dir='ltr'>quod</span> <span class='ocrx_word' id='word_1_144' title='bbox 994 2200 1170 2267; x_wconf 84' lang='lat' dir='ltr'>“duodecim</span> 
     </span>
     <span class='ocr_line' id='line_1_20' title="bbox 111 2283 1186 2378; baseline 0.003 -23"><span class='ocrx_word' id='word_1_145' title='bbox 111 2295 302 2376; x_wconf 78' lang='lat' dir='ltr'>significent</span> <span class='ocrx_word' id='word_1_146' title='bbox 315 2297 438 2371; x_wconf 83' lang='lat' dir='ltr'>omnia,</span> <span class='ocrx_word' id='word_1_147' title='bbox 452 2316 490 2359; x_wconf 91' lang='lat' dir='ltr'>ac</span> <span class='ocrx_word' id='word_1_148' title='bbox 508 2297 597 2378; x_wconf 91' lang='lat' dir='ltr'>quod</span> <span class='ocrx_word' id='word_1_149' title='bbox 613 2297 768 2359; x_wconf 91' lang='lat' dir='ltr'>dicantur</span> <span class='ocrx_word' id='word_1_150' title='bbox 784 2296 826 2359; x_wconf 94' lang='lat' dir='ltr'>de</span> <span class='ocrx_word' id='word_1_151' title='bbox 843 2296 931 2359; x_wconf 87' lang='lat' dir='ltr'>veris</span> <span class='ocrx_word' id='word_1_152' title='bbox 943 2317 989 2359; x_wconf 88' lang='lat' dir='ltr'>ex</span> <span class='ocrx_word' id='word_1_153' title='bbox 1005 2296 1108 2371; x_wconf 91' lang='lat' dir='ltr'>bono;</span> <span class='ocrx_word' id='word_1_154' title='bbox 1125 2283 1186 2375; x_wconf 75' lang='lat' dir='ltr'>quod</span> 
     </span>
     <span class='ocr_line' id='line_1_21' title="bbox 110 2388 1188 2470; baseline 0.001 -22"><span class='ocrx_word' id='word_1_155' title='bbox 110 2398 223 2450; x_wconf 91' lang='lat' dir='ltr'>autem</span> <span class='ocrx_word' id='word_1_156' title='bbox 249 2388 457 2451; x_wconf 88' lang='lat' dir='ltr'>“duodecim</span> <span class='ocrx_word' id='word_1_157' title='bbox 487 2389 616 2452; x_wconf 87' lang='lat' dir='ltr'>tribus&#39;&#39;</span> <span class='ocrx_word' id='word_1_158' title='bbox 639 2389 829 2470; x_wconf 88' lang='lat' dir='ltr'>significent</span> <span class='ocrx_word' id='word_1_159' title='bbox 857 2391 971 2453; x_wconf 90' lang='lat' dir='ltr'>omnia</span> <span class='ocrx_word' id='word_1_160' title='bbox 996 2390 1149 2459; x_wconf 84' lang='lat' dir='ltr'>ecclesiae,</span> <span class='ocrx_word' id='word_1_161' title='bbox 1165 2390 1188 2443; x_wconf 78' lang='lat' dir='ltr'>el</span> 
     </span>
     <span class='ocr_line' id='line_1_22' title="bbox 113 2479 1187 2565; baseline -0.006 -22"><span class='ocrx_word' id='word_1_162' title='bbox 113 2484 316 2563; x_wconf 90' lang='lat' dir='ltr'>unaquaevis</span> <span class='ocrx_word' id='word_1_163' title='bbox 332 2484 437 2546; x_wconf 88' lang='lat' dir='ltr'>tribus</span> <span class='ocrx_word' id='word_1_164' title='bbox 454 2482 588 2565; x_wconf 89' lang='lat' dir='ltr'>aliquod</span> <span class='ocrx_word' id='word_1_165' title='bbox 600 2483 786 2546; x_wconf 89' lang='lat' dir='ltr'>universale</span> <span class='ocrx_word' id='word_1_166' title='bbox 803 2494 837 2546; x_wconf 89' lang='lat' dir='ltr'>ct</span> <span class='ocrx_word' id='word_1_167' title='bbox 854 2484 1038 2547; x_wconf 85' lang='lat' dir='ltr'>essentiale</span> <span class='ocrx_word' id='word_1_168' title='bbox 1052 2479 1187 2547; x_wconf 85' lang='lat' dir='ltr'>ecclesiae,</span> 
     </span>
     <span class='ocr_line' id='line_1_23' title="bbox 110 2575 1188 2657; baseline -0.004 -20"><span class='ocrx_word' id='word_1_169' title='bbox 110 2575 163 2637; x_wconf 92' lang='lat' dir='ltr'>hic</span> <span class='ocrx_word' id='word_1_170' title='bbox 177 2576 384 2638; x_wconf 91' lang='lat' dir='ltr'>ostendetur.</span> <span class='ocrx_word' id='word_1_171' title='bbox 420 2575 590 2657; x_wconf 86' lang='lat' dir='ltr'>Quoniam</span> <span class='ocrx_word' id='word_1_172' title='bbox 607 2577 694 2657; x_wconf 92' lang='lat' dir='ltr'>apud</span> <span class='ocrx_word' id='word_1_173' title='bbox 712 2575 796 2638; x_wconf 84' lang='lat' dir='ltr'>filios</span> <span class='ocrx_word' id='word_1_174' title='bbox 806 2576 922 2657; x_wconf 89' lang='lat' dir='ltr'>Jacobi</span> <span class='ocrx_word' id='word_1_175' title='bbox 934 2577 1130 2640; x_wconf 88' lang='lat' dir='ltr'>instituenda</span> <span class='ocrx_word' id='word_1_176' title='bbox 1139 2579 1188 2637; x_wconf 84' lang='lat' dir='ltr'>erat</span> 
     </span>
     <span class='ocr_line' id='line_1_24' title="bbox 111 2668 1188 2751; baseline 0.001 -22"><span class='ocrx_word' id='word_1_177' title='bbox 111 2668 264 2731; x_wconf 85' lang='lat' dir='ltr'>Ecclesia</span> <span class='ocrx_word' id='word_1_178' title='bbox 285 2669 601 2750; x_wconf 86' lang='lat' dir='ltr'>Repraesentativa,</span> <span class='ocrx_word' id='word_1_179' title='bbox 619 2671 699 2733; x_wconf 89' lang='lat' dir='ltr'>ideo</span> <span class='ocrx_word' id='word_1_180' title='bbox 714 2672 884 2751; x_wconf 91' lang='lat' dir='ltr'>provisum</span> <span class='ocrx_word' id='word_1_181' title='bbox 908 2682 960 2733; x_wconf 91' lang='lat' dir='ltr'>est</span> <span class='ocrx_word' id='word_1_182' title='bbox 980 2692 1000 2733; x_wconf 89' lang='lat' dir='ltr'>a</span> <span class='ocrx_word' id='word_1_183' title='bbox 1019 2672 1153 2738; x_wconf 83' lang='lat' dir='ltr'>Domino.</span> <span class='ocrx_word' id='word_1_184' title='bbox 1165 2671 1188 2724; x_wconf 79' lang='lat' dir='ltr'>ul</span> 
     </span>
     <span class='ocr_line' id='line_1_25' title="bbox 110 2761 1189 2843; baseline -0.006 -19"><span class='ocrx_word' id='word_1_185' title='bbox 110 2761 166 2824; x_wconf 84' lang='lat' dir='ltr'>filii</span> <span class='ocrx_word' id='word_1_186' title='bbox 184 2762 253 2843; x_wconf 89' lang='lat' dir='ltr'>ejus</span> <span class='ocrx_word' id='word_1_187' title='bbox 273 2784 412 2826; x_wconf 89' lang='lat' dir='ltr'>numero</span> <span class='ocrx_word' id='word_1_188' title='bbox 431 2765 609 2826; x_wconf 88' lang='lat' dir='ltr'>duodecim</span> <span class='ocrx_word' id='word_1_189' title='bbox 627 2774 754 2838; x_wconf 88' lang='lat' dir='ltr'>essent,</span> <span class='ocrx_word' id='word_1_190' title='bbox 773 2783 812 2826; x_wconf 86' lang='lat' dir='ltr'>ac</span> <span class='ocrx_word' id='word_1_191' title='bbox 832 2764 897 2826; x_wconf 91' lang='lat' dir='ltr'>illis</span> <span class='ocrx_word' id='word_1_192' title='bbox 916 2765 1073 2828; x_wconf 90' lang='lat' dir='ltr'>darentur</span> <span class='ocrx_word' id='word_1_193' title='bbox 1091 2761 1189 2826; x_wconf 86' lang='lat' dir='ltr'>nomina</span> 
     </span>
     <span class='ocr_line' id='line_1_26' title="bbox 110 2853 1189 2938; baseline -0.006 -22"><span class='ocrx_word' id='word_1_194' title='bbox 110 2857 342 2935; x_wconf 85' lang='lat' dir='ltr'>significativa,</span> <span class='ocrx_word' id='word_1_195' title='bbox 360 2879 404 2919; x_wconf 88' lang='lat' dir='ltr'>ex</span> <span class='ocrx_word' id='word_1_196' title='bbox 418 2858 537 2938; x_wconf 92' lang='lat' dir='ltr'>quibus</span> <span class='ocrx_word' id='word_1_197' title='bbox 549 2858 730 2919; x_wconf 87' lang='lat' dir='ltr'>duodecim</span> <span class='ocrx_word' id='word_1_198' title='bbox 744 2857 850 2920; x_wconf 87' lang='lat' dir='ltr'>tribus</span> <span class='ocrx_word' id='word_1_199' title='bbox 866 2859 1029 2921; x_wconf 90' lang='lat' dir='ltr'>similibus</span> <span class='ocrx_word' id='word_1_200' title='bbox 1041 2853 1189 2920; x_wconf 86' lang='lat' dir='ltr'>nominibus</span> 
     </span>
     <span class='ocr_line' id='line_1_27' title="bbox 109 2949 1188 3033; baseline -0.004 -24"><span class='ocrx_word' id='word_1_201' title='bbox 109 2950 289 3029; x_wconf 85' lang='lat' dir='ltr'>insignitae</span> <span class='ocrx_word' id='word_1_202' title='bbox 309 2949 537 3031; x_wconf 81' lang='lat' dir='ltr'>significarent</span> <span class='ocrx_word' id='word_1_203' title='bbox 557 2951 670 3013; x_wconf 90' lang='lat' dir='ltr'>omnia</span> <span class='ocrx_word' id='word_1_204' title='bbox 690 2950 854 3013; x_wconf 91' lang='lat' dir='ltr'>ecclesiae</span> <span class='ocrx_word' id='word_1_205' title='bbox 874 2971 974 3033; x_wconf 90' lang='lat' dir='ltr'>quam</span> <span class='ocrx_word' id='word_1_206' title='bbox 995 2955 1188 3033; x_wconf 88' lang='lat' dir='ltr'>repraesenta·</span> 
     </span>
     <span class='ocr_line' id='line_1_28' title="bbox 109 3035 1189 3125; baseline -0.01 -19"><span class='ocrx_word' id='word_1_207' title='bbox 109 3054 195 3116; x_wconf 87' lang='lat' dir='ltr'>rent,</span> <span class='ocrx_word' id='word_1_208' title='bbox 227 3063 264 3104; x_wconf 89' lang='lat' dir='ltr'>ac</span> <span class='ocrx_word' id='word_1_209' title='bbox 297 3044 500 3125; x_wconf 85' lang='lat' dir='ltr'>unaquaevis</span> <span class='ocrx_word' id='word_1_210' title='bbox 527 3044 634 3105; x_wconf 91' lang='lat' dir='ltr'>tribus</span> <span class='ocrx_word' id='word_1_211' title='bbox 665 3043 802 3125; x_wconf 89' lang='lat' dir='ltr'>aliquod</span> <span class='ocrx_word' id='word_1_212' title='bbox 830 3044 1020 3107; x_wconf 89' lang='lat' dir='ltr'>universale</span> <span class='ocrx_word' id='word_1_213' title='bbox 1049 3035 1189 3106; x_wconf 86' lang='lat' dir='ltr'>essentiale</span> 
     </span>
     <span class='ocr_line' id='line_1_29' title="bbox 109 3136 1188 3218; baseline -0.005 -19"><span class='ocrx_word' id='word_1_214' title='bbox 109 3136 197 3216; x_wconf 87' lang='lat' dir='ltr'>ejus;</span> <span class='ocrx_word' id='word_1_215' title='bbox 222 3137 300 3217; x_wconf 93' lang='lat' dir='ltr'>quid</span> <span class='ocrx_word' id='word_1_216' title='bbox 321 3137 434 3218; x_wconf 88' lang='lat' dir='ltr'>itaque</span> <span class='ocrx_word' id='word_1_217' title='bbox 455 3137 661 3218; x_wconf 87' lang='lat' dir='ltr'>unaquaevis</span> <span class='ocrx_word' id='word_1_218' title='bbox 680 3137 786 3199; x_wconf 89' lang='lat' dir='ltr'>tribus</span> <span class='ocrx_word' id='word_1_219' title='bbox 804 3136 1018 3218; x_wconf 83' lang='lat' dir='ltr'>significabat</span> <span class='ocrx_word' id='word_1_220' title='bbox 1037 3148 1070 3200; x_wconf 89' lang='lat' dir='ltr'>et</span> <span class='ocrx_word' id='word_1_221' title='bbox 1091 3149 1188 3216; x_wconf 84' lang='lat' dir='ltr'>reprae-</span> 
     </span>
     <span class='ocr_line' id='line_1_30' title="bbox 109 3225 1187 3312; baseline -0.01 -20"><span class='ocrx_word' id='word_1_222' title='bbox 109 3231 279 3300; x_wconf 83' lang='lat' dir='ltr'>sentabat,</span> <span class='ocrx_word' id='word_1_223' title='bbox 300 3230 430 3292; x_wconf 89' lang='lat' dir='ltr'>dicetur</span> <span class='ocrx_word' id='word_1_224' title='bbox 450 3231 481 3291; x_wconf 94' lang='lat' dir='ltr'>in</span> <span class='ocrx_word' id='word_1_225' title='bbox 506 3231 742 3312; x_wconf 88' lang='lat' dir='ltr'>sequentibus:</span> <span class='ocrx_word' id='word_1_226' title='bbox 768 3240 802 3292; x_wconf 92' lang='lat' dir='ltr'>et</span> <span class='ocrx_word' id='word_1_227' title='bbox 826 3233 904 3312; x_wconf 87' lang='lat' dir='ltr'>quia</span> <span class='ocrx_word' id='word_1_228' title='bbox 926 3232 1040 3293; x_wconf 90' lang='lat' dir='ltr'>omnia</span> <span class='ocrx_word' id='word_1_229' title='bbox 1062 3225 1187 3293; x_wconf 87' lang='lat' dir='ltr'>ecclesiae</span> 
     </span>
     <span class='ocr_line' id='line_1_31' title="bbox 110 3314 1187 3404; baseline -0.008 -20"><span class='ocrx_word' id='word_1_230' title='bbox 110 3343 148 3385; x_wconf 90' lang='lat' dir='ltr'>se</span> <span class='ocrx_word' id='word_1_231' title='bbox 165 3323 310 3385; x_wconf 86' lang='lat' dir='ltr'>referunt</span> <span class='ocrx_word' id='word_1_232' title='bbox 328 3324 370 3384; x_wconf 92' lang='lat' dir='ltr'>ad</span> <span class='ocrx_word' id='word_1_233' title='bbox 387 3344 465 3385; x_wconf 85' lang='lat' dir='ltr'>vera</span> <span class='ocrx_word' id='word_1_234' title='bbox 482 3344 526 3384; x_wconf 87' lang='lat' dir='ltr'>ex</span> <span class='ocrx_word' id='word_1_235' title='bbox 546 3324 647 3397; x_wconf 80' lang='lat' dir='ltr'>bone,</span> <span class='ocrx_word' id='word_1_236' title='bbox 662 3324 738 3386; x_wconf 91' lang='lat' dir='ltr'>ideo</span> <span class='ocrx_word' id='word_1_237' title='bbox 753 3325 856 3386; x_wconf 91' lang='lat' dir='ltr'>etiam</span> <span class='ocrx_word' id='word_1_238' title='bbox 873 3344 933 3404; x_wconf 87' lang='lat' dir='ltr'>per</span> <span class='ocrx_word' id='word_1_239' title='bbox 946 3324 1136 3388; x_wconf 84' lang='lat' dir='ltr'>“duodecim</span> <span class='ocrx_word' id='word_1_240' title='bbox 1149 3314 1187 3379; x_wconf 92' lang='lat' dir='ltr'>tri·</span> 
     </span>
     <span class='ocr_line' id='line_1_32' title="bbox 112 3402 1187 3498; baseline 0.003 -20"><span class='ocrx_word' id='word_1_241' title='bbox 112 3415 196 3478; x_wconf 88' lang='lat' dir='ltr'>bus&#39;&#39;</span> <span class='ocrx_word' id='word_1_242' title='bbox 212 3416 443 3497; x_wconf 85' lang='lat' dir='ltr'>significantur</span> <span class='ocrx_word' id='word_1_243' title='bbox 459 3438 538 3479; x_wconf 86' lang='lat' dir='ltr'>vera</span> <span class='ocrx_word' id='word_1_244' title='bbox 557 3438 601 3479; x_wconf 89' lang='lat' dir='ltr'>ex</span> <span class='ocrx_word' id='word_1_245' title='bbox 621 3419 711 3480; x_wconf 90' lang='lat' dir='ltr'>bono</span> <span class='ocrx_word' id='word_1_246' title='bbox 730 3419 763 3479; x_wconf 91' lang='lat' dir='ltr'>in</span> <span class='ocrx_word' id='word_1_247' title='bbox 783 3419 875 3480; x_wconf 91' lang='lat' dir='ltr'>omni</span> <span class='ocrx_word' id='word_1_248' title='bbox 894 3418 1084 3498; x_wconf 87' lang='lat' dir='ltr'>complexu.</span> <span class='ocrx_word' id='word_1_249' title='bbox 1118 3402 1187 3492; x_wconf 71' lang='lat' dir='ltr'>Qu⁰d</span> 
     </span>
     <span class='ocr_line' id='line_1_33' title="bbox 110 3501 1187 3593; baseline -0.003 -22"><span class='ocrx_word' id='word_1_250' title='bbox 110 3507 221 3572; x_wconf 70' lang='lat' dir='ltr'>dietae</span> <span class='ocrx_word' id='word_1_251' title='bbox 240 3510 359 3572; x_wconf 84' lang='lat' dir='ltr'>fuerint</span> <span class='ocrx_word' id='word_1_252' title='bbox 380 3510 544 3582; x_wconf 65' lang='lat' dir='ltr'>“tribus”</span> <span class='ocrx_word' id='word_1_253' title='bbox 562 3521 635 3574; x_wconf 84' lang='lat' dir='ltr'>erat</span> <span class='ocrx_word' id='word_1_254' title='bbox 658 3533 702 3573; x_wconf 89' lang='lat' dir='ltr'>ex</span> <span class='ocrx_word' id='word_1_255' title='bbox 727 3531 838 3584; x_wconf 88' lang='lat' dir='ltr'>causa,</span> <span class='ocrx_word' id='word_1_256' title='bbox 858 3513 934 3593; x_wconf 88' lang='lat' dir='ltr'>quia</span> <span class='ocrx_word' id='word_1_257' title='bbox 954 3533 1014 3592; x_wconf 90' lang='lat' dir='ltr'>per</span> <span class='ocrx_word' id='word_1_258' title='bbox 1035 3513 1120 3574; x_wconf 89' lang='lat' dir='ltr'>binas</span> <span class='ocrx_word' id='word_1_259' title='bbox 1136 3501 1187 3568; x_wconf 70' lang='lat' dir='ltr'>illas</span> 
     </span>
     <span class='ocr_line' id='line_1_34' title="bbox 108 3601 1186 3686; baseline -0.003 -22"><span class='ocrx_word' id='word_1_260' title='bbox 108 3624 221 3679; x_wconf 87' lang='lat' dir='ltr'>voces,</span> <span class='ocrx_word' id='word_1_261' title='bbox 242 3625 286 3666; x_wconf 91' lang='lat' dir='ltr'>ex</span> <span class='ocrx_word' id='word_1_262' title='bbox 305 3605 425 3685; x_wconf 92' lang='lat' dir='ltr'>quibus</span> <span class='ocrx_word' id='word_1_263' title='bbox 445 3606 579 3667; x_wconf 83' lang='lat' dir='ltr'>“tribus</span> <span class='ocrx_word' id='word_1_264' title='bbox 588 3605 602 3629; x_wconf 87' lang='lat'>’¹</span> <span class='ocrx_word' id='word_1_265' title='bbox 621 3606 653 3667; x_wconf 93' lang='lat' dir='ltr'>in</span> <span class='ocrx_word' id='word_1_266' title='bbox 678 3605 790 3686; x_wconf 86' lang='lat' dir='ltr'>lingua</span> <span class='ocrx_word' id='word_1_267' title='bbox 809 3606 965 3686; x_wconf 83' lang='lat' dir='ltr'>originali</span> <span class='ocrx_word' id='word_1_268' title='bbox 989 3627 1047 3668; x_wconf 91' lang='lat' dir='ltr'>seu</span> <span class='ocrx_word' id='word_1_269' title='bbox 1070 3601 1186 3667; x_wconf 74' lang='lat' dir='ltr'>Hebraea</span> 
     </span>
     <span class='ocr_line' id='line_1_35' title="bbox 109 3695 1187 3778; baseline -0.001 -20"><span class='ocrx_word' id='word_1_270' title='bbox 109 3698 335 3767; x_wconf 84' lang='lat' dir='ltr'>nominantur,</span> <span class='ocrx_word' id='word_1_271' title='bbox 359 3695 567 3778; x_wconf 86' lang='lat' dir='ltr'>significatur</span> <span class='ocrx_word' id='word_1_272' title='bbox 587 3704 785 3778; x_wconf 88' lang='lat' dir='ltr'>“sceptrum</span> <span class='ocrx_word' id='word_1_273' title='bbox 796 3697 810 3721; x_wconf 91' lang='grc'>”</span> <span class='ocrx_word' id='word_1_274' title='bbox 828 3708 863 3760; x_wconf 93' lang='lat' dir='ltr'>et</span> <span class='ocrx_word' id='word_1_275' title='bbox 884 3699 1052 3761; x_wconf 89' lang='lat' dir='ltr'>“baculus</span> <span class='ocrx_word' id='word_1_276' title='bbox 1062 3697 1086 3775; x_wconf 89' lang='lat'>;”</span> <span class='ocrx_word' id='word_1_277' title='bbox 1105 3705 1131 3758; x_wconf 84' lang='lat' dir='ltr'>et</span> <span class='ocrx_word' id='word_1_278' title='bbox 1148 3702 1187 3769; x_wconf 66' lang='lat' dir='ltr'>pel</span> 
     </span>
     <span class='ocr_line' id='line_1_36' title="bbox 111 3789 1185 3874; baseline -0.003 -23"><span class='ocrx_word' id='word_1_279' title='bbox 111 3796 311 3870; x_wconf 86' lang='lat' dir='ltr'>“sceptrum</span> <span class='ocrx_word' id='word_1_280' title='bbox 322 3791 337 3813; x_wconf 91' lang='lat'>”</span> <span class='ocrx_word' id='word_1_281' title='bbox 359 3790 568 3871; x_wconf 83' lang='lat' dir='ltr'>significatur</span> <span class='ocrx_word' id='word_1_282' title='bbox 591 3792 747 3853; x_wconf 90' lang='lat' dir='ltr'>Divinum</span> <span class='ocrx_word' id='word_1_283' title='bbox 772 3790 898 3853; x_wconf 88' lang='lat' dir='ltr'>Verum</span> <span class='ocrx_word' id='word_1_284' title='bbox 927 3794 1039 3874; x_wconf 91' lang='lat' dir='ltr'>quoad</span> <span class='ocrx_word' id='word_1_285' title='bbox 1064 3789 1185 3872; x_wconf 76' lang='lat' dir='ltr'>regimen,</span> 
     </span>
     <span class='ocr_line' id='line_1_37' title="bbox 110 3883 1185 3966; baseline 0.002 -21"><span class='ocrx_word' id='word_1_286' title='bbox 110 3894 144 3946; x_wconf 89' lang='lat' dir='ltr'>et</span> <span class='ocrx_word' id='word_1_287' title='bbox 158 3904 216 3964; x_wconf 88' lang='lat' dir='ltr'>per</span> <span class='ocrx_word' id='word_1_288' title='bbox 231 3891 249 3914; x_wconf 92' lang='grc'>“</span> <span class='ocrx_word' id='word_1_289' title='bbox 259 3883 413 3946; x_wconf 85' lang='lat' dir='ltr'>baculum</span> <span class='ocrx_word' id='word_1_290' title='bbox 424 3884 439 3906; x_wconf 90' lang='lat'>&#39;&#39;</span> <span class='ocrx_word' id='word_1_291' title='bbox 453 3884 612 3946; x_wconf 91' lang='lat' dir='ltr'>Divinum</span> <span class='ocrx_word' id='word_1_292' title='bbox 626 3885 753 3947; x_wconf 91' lang='lat' dir='ltr'>Verum</span> <span class='ocrx_word' id='word_1_293' title='bbox 767 3884 878 3966; x_wconf 87' lang='lat' dir='ltr'>quoad</span> <span class='ocrx_word' id='word_1_294' title='bbox 893 3887 1097 3965; x_wconf 90' lang='lat' dir='ltr'>potentiam;</span> <span class='ocrx_word' id='word_1_295' title='bbox 1116 3889 1185 3961; x_wconf 79' lang='lat' dir='ltr'>prop</span> 
     </span>
     <span class='ocr_line' id='line_1_38' title="bbox 109 3974 1185 4059; baseline -0.012 -19"><span class='ocrx_word' id='word_1_296' title='bbox 109 3988 162 4040; x_wconf 87' lang='lat' dir='ltr'>ter</span> <span class='ocrx_word' id='word_1_297' title='bbox 180 3977 272 4039; x_wconf 90' lang='lat' dir='ltr'>illam</span> <span class='ocrx_word' id='word_1_298' title='bbox 292 3978 536 4040; x_wconf 85' lang='lat' dir='ltr'>derivationem</span> <span class='ocrx_word' id='word_1_299' title='bbox 556 3989 591 4040; x_wconf 87' lang='lat' dir='ltr'>et</span> <span class='ocrx_word' id='word_1_300' title='bbox 610 3977 889 4059; x_wconf 84' lang='lat' dir='ltr'>significationem</span> <span class='ocrx_word' id='word_1_301' title='bbox 910 3981 1014 4041; x_wconf 86' lang='lat' dir='ltr'>etiam</span> <span class='ocrx_word' id='word_1_302' title='bbox 1031 3974 1185 4042; x_wconf 81' lang='lat' dir='ltr'>mandatum</span> 
     </span>
     <span class='ocr_line' id='line_1_39' title="bbox 109 4066 1185 4152; baseline -0.003 -20"><span class='ocrx_word' id='word_1_303' title='bbox 109 4083 172 4145; x_wconf 88' lang='lat' dir='ltr'>est,</span> <span class='ocrx_word' id='word_1_304' title='bbox 193 4072 328 4152; x_wconf 88' lang='lat' dir='ltr'>quando</span> <span class='ocrx_word' id='word_1_305' title='bbox 347 4071 490 4151; x_wconf 92' lang='lat' dir='ltr'>populus</span> <span class='ocrx_word' id='word_1_306' title='bbox 510 4073 737 4134; x_wconf 84' lang='lat' dir='ltr'>murmurabat</span> <span class='ocrx_word' id='word_1_307' title='bbox 756 4081 875 4134; x_wconf 86' lang='lat' dir='ltr'>contra</span> <span class='ocrx_word' id='word_1_308' title='bbox 896 4071 1017 4135; x_wconf 89' lang='lat' dir='ltr'>Mosen</span> <span class='ocrx_word' id='word_1_309' title='bbox 1036 4082 1069 4134; x_wconf 93' lang='lat' dir='ltr'>et</span> <span class='ocrx_word' id='word_1_310' title='bbox 1086 4066 1185 4132; x_wconf 75' lang='lat' dir='ltr'>AharO·</span> 
     </span>
     <span class='ocr_line' id='line_1_40' title="bbox 109 4165 1002 4245; baseline 0.002 -19"><span class='ocrx_word' id='word_1_311' title='bbox 109 4185 187 4227; x_wconf 92' lang='lat' dir='ltr'>nem</span> <span class='ocrx_word' id='word_1_312' title='bbox 208 4166 249 4226; x_wconf 88' lang='lat' dir='ltr'>de</span> <span class='ocrx_word' id='word_1_313' title='bbox 269 4166 431 4245; x_wconf 83' lang='lat' dir='ltr'>regimine</span> <span class='ocrx_word' id='word_1_314' title='bbox 451 4175 485 4226; x_wconf 87' lang='lat' dir='ltr'>ct</span> <span class='ocrx_word' id='word_1_315' title='bbox 505 4166 546 4226; x_wconf 93' lang='lat' dir='ltr'>de</span> <span class='ocrx_word' id='word_1_316' title='bbox 566 4166 720 4245; x_wconf 86' lang='lat' dir='ltr'>potentia</span> <span class='ocrx_word' id='word_1_317' title='bbox 739 4185 838 4245; x_wconf 90' lang='lat' dir='ltr'>super</span> <span class='ocrx_word' id='word_1_318' title='bbox 857 4165 944 4237; x_wconf 86' lang='lat' dir='ltr'>illos,</span> <span class='ocrx_word' id='word_1_319' title='bbox 965 4176 1002 4228; x_wconf 93' lang='lat' dir='ltr'>ut</span> 
     </span>
     <span class='ocr_line' id='line_1_41' title="bbox 159 4291 1186 4360; baseline -0.005 -13"><span class='ocrx_word' id='word_1_320' title='bbox 159 4298 297 4360; x_wconf 88' lang='lat' dir='ltr'>Principes</span> <span class='ocrx_word' id='word_1_321' title='bbox 310 4299 430 4346; x_wconf 90' lang='lat' dir='ltr'>omnium</span> <span class='ocrx_word' id='word_1_322' title='bbox 444 4298 559 4346; x_wconf 92' lang='lat' dir='ltr'>tribuum</span> <span class='ocrx_word' id='word_1_323' title='bbox 573 4308 705 4360; x_wconf 88' lang='lat' dir='ltr'>ponerent</span> <span class='ocrx_word' id='word_1_324' title='bbox 719 4298 828 4346; x_wconf 87' lang='lat' dir='ltr'>baculos</span> <span class='ocrx_word' id='word_1_325' title='bbox 844 4313 909 4347; x_wconf 89' lang='lat' dir='ltr'>suos</span> <span class='ocrx_word' id='word_1_326' title='bbox 924 4299 952 4347; x_wconf 89' lang='lat' dir='ltr'>in</span> <span class='ocrx_word' id='word_1_327' title='bbox 965 4298 1091 4348; x_wconf 85' lang='lat' dir='ltr'>Tentorio</span> <span class='ocrx_word' id='word_1_328' title='bbox 1103 4291 1186 4342; x_wconf 63' lang='lat' dir='ltr'>coum·</span> 
     </span>
    </p>
   </div>
   <div class='ocr_carea' id='block_1_7' title="bbox 238 4352 1185 4494">
    <p class='ocr_par' dir='ltr' id='par_1_7' title="bbox 238 4352 1185 4494">
     <span class='ocr_line' id='line_1_42' title="bbox 239 4352 1185 4427; baseline -0.001 -16"><span class='ocrx_word' id='word_1_329' title='bbox 239 4374 289 4418; x_wconf 87' lang='lat' dir='ltr'>tus,</span> <span class='ocrx_word' id='word_1_330' title='bbox 304 4364 372 4411; x_wconf 87' lang='lat' dir='ltr'>acin</span> <span class='ocrx_word' id='word_1_331' title='bbox 387 4365 475 4410; x_wconf 88' lang='lat' dir='ltr'>medio</span> <span class='ocrx_word' id='word_1_332' title='bbox 490 4378 581 4411; x_wconf 90' lang='lat' dir='ltr'>eorum</span> <span class='ocrx_word' id='word_1_333' title='bbox 601 4364 722 4410; x_wconf 88' lang='lat' dir='ltr'>baculum</span> <span class='ocrx_word' id='word_1_334' title='bbox 737 4363 809 4418; x_wconf 86' lang='lat' dir='ltr'>Levi.</span> <span class='ocrx_word' id='word_1_335' title='bbox 824 4378 905 4425; x_wconf 87' lang='lat' dir='ltr'>super</span> <span class='ocrx_word' id='word_1_336' title='bbox 917 4379 970 4427; x_wconf 91' lang='lat' dir='ltr'>quo</span> <span class='ocrx_word' id='word_1_337' title='bbox 988 4365 1106 4427; x_wconf 86' lang='lat' dir='ltr'>scriptum</span> <span class='ocrx_word' id='word_1_338' title='bbox 1116 4352 1185 4405; x_wconf 67' lang='lat' dir='ltr'>„omer</span> 
     </span>
     <span class='ocr_line' id='line_1_43' title="bbox 238 4412 1166 4494; baseline -0.003 -19"><span class='ocrx_word' id='word_1_339' title='bbox 238 4429 382 4484; x_wconf 86' lang='lat' dir='ltr'>Aharonis,</span> <span class='ocrx_word' id='word_1_340' title='bbox 397 4429 440 4490; x_wconf 92' lang='lat' dir='ltr'>qui</span> <span class='ocrx_word' id='word_1_341' title='bbox 454 4428 564 4476; x_wconf 86' lang='lat' dir='ltr'>florebat</span> <span class='ocrx_word' id='word_1_342' title='bbox 576 4428 726 4490; x_wconf 83' lang='lat' dir='ltr'>amygdalis</span> <span class='ocrx_word' id='word_1_343' title='bbox 738 4429 832 4489; x_wconf 84' lang='lat' dir='ltr'>(Num.</span> <span class='ocrx_word' id='word_1_344' title='bbox 843 4429 906 4478; x_wconf 82' lang='lat' dir='ltr'>xvii.</span> <span class='ocrx_word' id='word_1_345' title='bbox 919 4429 998 4490; x_wconf 85' lang='lat'>18-23</span> <span class='ocrx_word' id='word_1_346' title='bbox 1013 4426 1096 4494; x_wconf 63' lang='grc' dir='ltr'>[ΒΛ.</span> <span class='ocrx_word' id='word_1_347' title='bbox 1105 4412 1166 4485; x_wconf 76' lang='lat' dir='ltr'>3-8]l:</span> 
     </span>
    </p>
   </div>
   <div class='ocr_carea' id='block_1_8' title="bbox 0 0 1346 4988">
    <p class='ocr_par' dir='ltr' id='par_1_8' title="bbox 0 0 1346 4988">
     <span class='ocr_line' id='line_1_44' title="bbox 0 0 1346 4988; baseline 0 0"><span class='ocrx_word' id='word_1_348' title='bbox 0 0 1346 4988; x_wconf 95' lang='lat' dir='ltr'> </span> 
     </span>
    </p>
   </div>
  </div>
 </body>
</html>
