2684 4988
129 478 208 528 1100
432 476 683 527 APOCALYPSIS
706 476 932 526 EXPLICATA.

121 645 210 707 ditas
229 645 310 707 data
329 645 374 708 sit
393 653 488 708 trans
505 644 699 726 Jordanem,
720 652 858 707 constat
878 644 968 726 apud
985 642 1102 717 Mosen,

175 776 245 826 Date
256 787 298 825 est
309 777 444 827 hereditas
459 777 589 836 Reubeni,
604 777 672 826 Gadi
684 785 711 827 et
722 778 849 827 dimidiae
862 777 943 826 tribui
957 775 1085 825 Menassis
1094 773 1194 839 eitrtlot·

250 843 357 901 danem,
374 844 418 891 ubi
437 852 508 892 terre
525 845 645 905 pecoris;
665 858 697 892 ae
713 844 776 892 data
792 852 834 892 est
851 856 912 891 cum
926 843 1085 899 conditione,
1098 837 1197 891 uerunt·

251 909 396 957 transirent
409 923 469 956 cum
484 909 592 972 reliquis
606 909 640 958 ad
654 909 844 973 acquirendum
859 916 957 956 terram
972 907 1119 956 Canaenem
1129 905 1210 968 (un,

249 973 331 1023 xxxii.
345 974 401 1022 rad
411 973 474 1032 fin.;
491 988 549 1036 cap.
561 975 651 1023 xxxiv.
666 976 722 1035 14):

117 1107 228 1169 porro,

172 1188 186 1211 ⁸⁸
197 1185 353 1236 Reubenitis
365 1196 392 1236 et
405 1186 509 1236 Gaditis
521 1187 583 1236 dedi
595 1187 690 1236 Gilead
702 1187 831 1252 usquead
844 1186 956 1236 fluvium
968 1186 1093 1242 timonis,
1105 1180 1214 1234 inttassu'

248 1253 320 1301 vium
333 1263 360 1301 et
371 1254 525 1310 terminum,
539 1264 566 1302 et
577 1267 662 1316 usque
673 1253 708 1301 ad
719 1252 870 1317 Jabbokurn
883 1252 1002 1308 fluvium,
1016 1252 1149 1301 terminum
1157 1249 1205 1299 utte-

249 1332 308 1365 rum
320 1318 481 1376 Ammonis;
499 1329 555 1366 tum
568 1319 707 1381 planitiem
719 1328 746 1367 et
757 1318 904 1383 Jordanem
917 1327 944 1368 et
956 1318 1096 1367 terminum
1107 1332 1123 1365 a
1132 1315 1205 1365 Cinne-

248 1383 306 1431 reth
316 1397 400 1446 usque
409 1384 443 1432 ad
452 1398 534 1440 mare,
547 1384 694 1446 planitiem,
704 1383 861 1441 meteretis,
871 1383 942 1432 inira
950 1379 1124 1446 aquaeductus
1133 1380 1205 1444 Pirene

140 1461 146 1472 ’
248 1462 342 1496 versus
353 1459 441 1497 ortum
450 1447 464 1468 ”
476 1449 580 1509 (Deutr.
593 1450 628 1498 iii.
643 1449 681 1507 16,
695 1451 749 1510 17):

117 1573 152 1626 et
176 1564 264 1644 apud
283 1563 439 1638 Josuam,

169 1675 275 1725 “Dedit
286 1675 422 1726 Moses...
433 1676 506 1726 .fiiiis
514 1675 599 1726 Gadis
600 1713 670 1732 .....
675 1685 705 1726 ut
712 1685 784 1726 esset
794 1676 846 1725 illis
856 1674 1094 1740 terminusJaeser‚
1103 1684 1126 1724 et
1134 1685 1206 1723 omne

248 1743 328 1789 urbes
336 1740 463 1798 Giieadis‚
473 1752 500 1790 et
507 1741 646 1790 dimidium
655 1751 741 1791 terrae
748 1741 861 1790 tiliorum
871 1743 1015 1790 Ammonis
1021 1755 1102 1804 usqne
1109 1739 1206 1789 aduror·

249 1821 314 1863 rem.
329 1821 396 1869 quae
410 1818 473 1855 ante
488 1807 570 1856 iacies
587 1807 703 1863 Rabbae.
718 1817 774 1855 tum
786 1822 804 1855 a
815 1806 958 1857 Chabone
972 1821 1056 1870 usque
1068 1807 1102 1855 ad
1116 1803 1205 1854 muru

249 1871 353 1934 Mizpae
365 1882 392 1920 et
406 1871 558 1931 Betonim‚''
571 1883 619 1922 etc.
634 1873 698 1933 (xiii,
711 1874 810 1934 24-28).

118 2010 208 2094 Quid
226 2034 285 2096 per
303 2013 487 2077 ‘'Gadem”
503 2013 722 2095 significatur,
741 2034 807 2077 non
825 2014 929 2077 modo
944 2022 1100 2076 constare
1115 2019 1204 2095 potest

117 2127 162 2169 ex
182 2106 265 2170 locis
289 2108 321 2169 in
342 2107 459 2171 Verbo
483 2109 537 2170 ubi
560 2107 635 2171 Gad
659 2109 863 2182 nominatur,
884 2109 944 2170 sed
968 2109 1072 2170 etiam
1092 2127 1111 2169 a
1130 2104 1204 2168 terris

118 2221 204 2283 quae
227 2202 329 2264 datae
353 2203 453 2264 tribui
477 2201 524 2264 illi
547 2203 580 2264 in
604 2202 841 2275 hereditatem,
866 2202 921 2264 ubi
945 2202 1024 2264 illae
1046 2219 1163 2283 quoque
1179 2198 1203 2258 in

117 2294 235 2359 Verbo
255 2298 483 2370 nominantur,
504 2297 590 2359 sicut
610 2296 665 2358 ubi
685 2298 902 2358 nominantur
921 2295 1090 2369 Chesbon,
1104 2295 1202 2376 Jaeser,

119 2388 251 2463 Rabba,
267 2390 417 2452 Ramath
436 2390 578 2472 Mizpae,
594 2389 711 2452 fluvius
724 2389 884 2463 ArnoniS‚
899 2389 1093 2461 Cinnereth,
1106 2405 1203 2468 aquae·

116 2480 237 2546 duetus
258 2484 388 2564 Pisgae,
407 2496 440 2547 et
461 2485 576 2566 plura;
601 2484 680 2567 quid
699 2484 777 2546 illae
797 2495 907 2547 terrae
927 2485 959 2546 in
980 2504 1078 2547 sensu
1096 2482 1202 2564 spiritu·

116 2577 159 2639 ali
181 2577 384 2659 significant,
403 2599 504 2642 nemo
523 2580 607 2641 scire
627 2590 743 2661 potest
761 2580 821 2641 nisi
842 2580 928 2642 sciat
945 2580 1025 2661 quid
1042 2576 1201 2660 significant

118 2673 252 2735 “tribus
274 2673 475 2745 Reubenis,”
493 2672 625 2736 “Gadis
635 2673 650 2695 '⁹
666 2684 700 2736 et
719 2674 887 2735 “dimidia
909 2674 1017 2735 tribus
1036 2666 1201 2741 Menses?

116 2767 235 2849 quibus
256 2767 333 2830 illae
353 2778 463 2830 terrae
480 2768 582 2830 datae
599 2778 677 2830 sunt
698 2770 730 2829 in
747 2769 1019 2849 possessionem
1042 2764 1200 2848 significant

115 2865 204 2926 enim
229 2862 312 2926 talia
335 2883 421 2944 quae
445 2863 477 2924 in
501 2883 601 2925 sensu
626 2862 698 2926 lato
720 2873 755 2926 et
779 2859 898 2925 struto
922 2861 1141 2944 significantur
1157 2874 1201 2939 per

115 2956 190 3019 illas
210 2958 315 3020 tribus
328 2955 475 3019 :-Sicut
496 2957 585 3038 apud
605 2956 799 3031 Jeremiam,

166 3099 294 3148 “Contra
308 3100 376 3148 filios
395 3099 538 3148 Ammonis
548 3117 566 3149 :.
578 3137 583 3149 .
593 3137 599 3149 .
610 3099 693 3149 ‚Num
712 3099 757 3148 filii
775 3114 830 3148 non
850 3099 962 3150 israeli?
996 3099 1065 3149 Num
1080 3099 1146 3148 heres
1158 3105 1198 3141 ποῦ

245 3166 300 3215 ilii?
334 3166 422 3228 Quare
432 3180 497 3225 ergo
507 3165 666 3213 hereditavit
675 3180 721 3214 rex
731 3179 823 3214 eorum
834 3164 946 3222 Gadem.
958 3175 986 3214 et
998 3164 1107 3228 populus
1116 3157 1198 3216 iltiusiu

245 3232 355 3279 urbibus
368 3231 426 3292 ejus
439 3231 586 3279 habitavit?
622 3230 767 3292 Propterea
778 3244 839 3278 ecce
851 3231 910 3279 dies
922 3232 1069 3286 venientes,
1080 3229 1158 3292 quibus
1165 3234 1198 3271 tt·

245 3297 294 3344 diri
307 3296 402 3344 faciam
416 3306 509 3344 contra
522 3295 644 3344 Rabbatb
654 3296 767 3344 filiorum
778 3296 921 3344 Ammonis
931 3297 1082 3358 clangorem
1091 3293 1149 3348 beili,
1157 3287 1197 3337 Μ·

245 3376 296 3424 que
314 3362 339 3409 in
359 3376 482 3409 acervum
502 3361 686 3419 desolationis,
706 3371 733 3409 et
751 3361 820 3409 filiae
837 3360 896 3422 ejus
915 3361 977 3423 igne
994 3357 1197 3409 comburentur,et

245 3427 403 3475 hereditabit
420 3426 502 3474 israel
517 3427 629 3475 heredes
641 3440 704 3475 suos
714 3444 733 3476 :.
743 3463 749 3476 .
759 3463 765 3475 .
775 3425 858 3487 .ejula
871 3425 1008 3481 Chesbon.
1023 3427 1082 3490 quia
1091 3424 1197 3494 ‹1er

244 3502 285 3541 est
296 3493 338 3549 Αἰ,
349 3493 461 3540 clamate
471 3492 540 3539 filiae
552 3491 667 3550 Rabbae,
677 3492 806 3553 accingite
816 3506 919 3549 saccos,
927 3493 1046 3554 plangite
1057 3502 1083 3540 et
1094 3495 1195 3549 ragamffl

244 3559 314 3606 inter
332 3558 476 3610 macerias:
498 3557 560 3619 quia
577 3572 623 3605 rex
641 3572 733 3605 eorum
752 3557 779 3605 in
797 3557 907 3606 exilium
925 3557 1018 3615 abibit,
1038 3553 1195 3606 sacerdoteet

245 3624 378 3684 principes
391 3624 450 3684 ejus
462 3621 564 3671 simul”
576 3623 650 3682 (xlix.
665 3623 735 3682 1-3):

113 3756 168 3837 qui
188 3774 256 3817 non
276 3756 339 3817 scit
360 3755 439 3836 quid
460 3775 519 3837 per
534 3760 552 3786 ‘¹
563 3753 718 3817 Gadem'’
731 3765 765 3816 et
781 3759 800 3786 “
811 3753 998 3816 Israelem'‘
1014 3750 1193 3836 significatur.

113 3870 174 3912 nec
195 3851 280 3913 scire
298 3860 413 3931 potest
431 3850 510 3931 quid
527 3850 571 3911 ibi
588 3847 797 3931 significatur
813 3869 872 3930 per
890 3848 1006 3911 “filios
1023 3832 1195 3911 Ammonis?

114 3965 172 4025 per
193 3942 463 4007 “Chesbonem”
482 3954 516 4006 et
541 3965 600 4026 per
620 3943 805 4005 “Rabbam
819 3942 845 4019 ;‘'
869 3953 967 4006 erant
987 3945 1076 4005 enim
1098 3933 1195 4004 Raiba.

113 4038 273 4101 Chesbon
297 4048 331 4100 et
356 4038 531 4100 dimidium
556 4049 667 4101 terrae
690 4037 872 4100 Ammonis
895 4037 980 4100 data
1003 4038 1102 4101 tribui
1121 4025 1197 4097 Gadis

113 4134 145 4195 in
170 4133 420 4210 hereditatem
451 4154 554 4215 quare
581 4153 640 4214 per
663 4132 738 4195 illas
762 4142 870 4195 terras
894 4132 978 4194 talia
1001 4130 1199 4214 significantur

111 4229 144 4289 in
175 4229 288 4308 specie
318 4247 403 4309 quae
434 4248 493 4309 per
522 4226 707 4291 “Gadem”
735 4228 769 4288 in
798 4246 949 4308 genere;
989 4246 1067 4290 nam
1096 4223 1201 4291 dicitur.

113 4320 257 4402 “Quare
273 4342 356 4402 ergo
372 4321 576 4386 hereditavit
595 4343 656 4385 rex
676 4320 818 4384 filiorum
836 4320 1019 4384 Ammonis
1036 4320 1167 4391 Gadem,
1180 4319 1206 4377 et

108 4416 253 4498 populus
281 4415 369 4478 illius
397 4417 430 4479 in
461 4417 596 4479 urbibus
624 4416 694 4498 ejus
721 4416 890 4479 habitavit
901 4415 932 4478 ?'’
989 4414 1112 4480 Omnia
1135 4411 1211 4477 euim
