2684 4988
445 123 525 174 crin.
542 124 602 185 v1.,
619 125 722 174 vens.
744 127 869 176 11.-rr.
887 128 957 195 397.
1196 114 1259 196 857

74 354 86 368 ,
209 283 291 352 Extis
307 291 502 375 aliquantum
526 294 601 356 sciri
624 303 740 376 potest
764 295 852 358 unde
875 306 928 360 est
951 296 1043 379 quod
1062 293 1188 359 did’tum
1212 297 1257 360 sit

94 384 104 391 “’
203 377 243 444 illis
259 393 286 447 ot
303 387 540 468 requiescerent
568 386 678 449 adhuc
710 397 845 470 tempus
873 409 1023 471 parvum,
1049 389 1255 472 usquedum

199 478 360 559 complentur
379 490 414 542 et
438 482 593 542 conservi
612 501 727 543 eorum
751 493 786 544 et
810 482 928 545 iratres
947 503 1063 546 eorum
1082 484 1137 564 qui
1156 481 1256 546 futuri

74 614 93 655 :-
193 567 292 634 interfici
308 575 388 636 sicut
405 584 440 637 et
460 573 526 649 illi;
551 594 610 655 per
627 574 820 639 “interfici”
836 576 890 639 hic
915 575 1023 639 simile
1047 575 1255 656 significatur

76 717 83 723 .
188 665 250 740 quod
269 685 322 745 per
343 664 509 736 “occidi'’
531 686 632 746 supra
655 683 688 737 (n.
706 681 829 745 392[a]),
853 687 975 748 nempe
999 667 1138 729 amalis
1164 666 1255 747 rejici

179 767 286 836 propter
301 757 456 819 Divinum
477 756 604 819 Verum
623 776 662 819 ac
683 768 822 838 propter
837 758 1085 821 consessionem
1107 758 1253 821 Domini.

176 843 219 910 Ex
233 849 274 911 his
288 852 432 931 cognitis
450 852 526 912 sciri
540 861 656 931 potest
672 851 750 932 quid
767 851 975 931 significatur
992 872 1051 932 per
1066 858 1085 882 ‘¹
1095 871 1253 914 consum·

169 944 326 1006 mationem
337 944 352 967 ”
378 954 414 1006 et
443 964 503 1024 per
534 945 778 1026 “iniquitatem
812 955 1084 1007 consummatam
1095 944 1110 968 ”
1139 946 1171 1008 in
1201 945 1253 1009 his

166 1038 358 1116 sequentibus
377 1037 462 1100 locis
474 1037 630 1119 :—Apud
649 1037 775 1111 Mosen,

212 1169 271 1220 Dixit
285 1169 406 1234 Jeoovan
408 1208 479 1227 .....
487 1171 681 1221 “Descendunt
699 1181 728 1221 et
745 1173 844 1222 videbo
864 1187 927 1220 num
948 1172 1025 1234 juxta
1044 1172 1190 1221 clamorem
1207 1173 1253 1236 qul

270 1237 340 1286 venit
351 1237 386 1286 ed
400 1236 447 1285 Me
459 1236 573 1286 iecerint
583 1237 847 1286 consummationem
855 1236 869 1255 '’
881 1238 953 1298 (Gen.
966 1233 1065 1286 [lxviii.
1078 1234 1144 1301 [ao]
1155 1237 1214 1298 21);

158 1355 203 1419 de
215 1356 358 1422 Sodoma.
404 1359 508 1441 Apud
527 1361 683 1432 eundem,

207 1472 421 1599 ''ouipcppngpm
430 1483 618 1600 clcgppummau
647 1473 787 1538 (impleta)
821 1481 862 1522 est
875 1472 1004 1536 iniquitas
1020 1472 1251 1522 Emoneeorurn”

161 1651 233 1728 apud
248 1651 395 1727 esaiam,

205 1762 481 1813 ‘'Consummationem
487 1773 514 1813 et
520 1764 685 1813 decisionem
692 1764 783 1813 audivi
790 1779 872 1813 acum
882 1764 1000 1814 Domino
1007 1764 1122 1828 Jehovih
1131 1764 1250 1815 Zebaoth

264 1844 344 1893 super
355 1830 512 1878 universam
525 1840 624 1879 terram
633 1829 648 1849 ”
659 1830 761 1892 (xxviii.
774 1833 829 1892 22):

160 1943 230 2016 apud
245 1944 399 2018 eundem,

198 2054 415 2105 ''Consummatio
424 2055 543 2112 definite,
556 2055 686 2103 inundata
697 2054 809 2117 justitia,
821 2069 884 2103 nam
894 2055 1156 2104 consummationem
1169 2063 1197 2103 et
1204 2053 1250 2104 de·

262 2122 391 2170 eisionem
405 2121 541 2169 Dominus
557 2119 673 2185 Jebovib
690 2120 811 2169 Zebaoth
828 2120 931 2169 iaciens
943 2120 971 2168 in
984 2129 1042 2169 tota
1053 2130 1125 2168 terra
1132 2119 1147 2138 ''
1157 2120 1194 2181 (x.
1206 2131 1247 2180 22,

263 2191 319 2247 ep:

142 2299 225 2370 ³l>ud
241 2299 458 2382 Zeplraniam,

174 2411 228 2463 “in
239 2416 299 2478 igne
316 2416 366 2465 zeli
375 2415 390 2435 '⁹
402 2415 524 2479 Jehovae
542 2413 661 2463 Zebeoth
679 2415 859 2463 “comedetur
876 2423 933 2462 tota
950 2423 1029 2468 terra,
1044 2413 1107 2476 quie
1124 2428 1250 2463 consum·

261 2481 409 2607 rtrerprtprpp'epin
419 2480 567 2608 pgpuidem
579 2479 736 2528 festinatam
748 2479 830 2528 laciet
841 2494 901 2528 cum
915 2479 1042 2527 omnibus
1052 2479 1249 2528 habitatoribus

125 2658 224 2730 ipud
239 2659 421 2732 Danr'elem,

191 2773 328 2823 '‘Tendem
341 2788 424 2836 super
436 2788 514 2822 avem
527 2773 762 2822 abominationum
775 2773 917 2827 desolatio,
932 2782 960 2820 et
976 2787 1060 2834 usque
1072 2773 1106 2821 ad
1124 2786 1250 2821 contum·

262 2841 410 2888 mationem
425 2849 453 2888 et
465 2839 629 2888 decisionem
642 2838 753 2886 stillabit
764 2852 846 2900 super
857 2838 1074 2886 devastationem
1082 2837 1096 2856 ’'
1108 2837 1155 2898 (ix.
1167 2839 1223 2898 27):

121 2969 173 3024 et
193 2969 273 3033 alibi.
318 2970 381 3033 Per
401 2968 786 3032 “consummationem’'
804 2979 840 3032 et
861 2968 1121 3031 “decisionem”
1140 2969 1173 3031 in
1196 2968 1249 3031 his

123 3043 220 3126 loeis
236 3063 444 3146 significatur
462 3074 572 3126 status
596 3063 734 3126 ultimus
758 3063 933 3135 ecclesiae,
959 3064 1013 3145 qui
1037 3073 1089 3125 est
1112 3063 1248 3144 quando

124 3160 207 3218 ¹ton
220 3178 331 3221 verum
350 3157 496 3240 amplius
515 3159 592 3240 quia
608 3177 676 3219 non
693 3159 830 3230 bonum,
848 3178 907 3218 seu
922 3157 1058 3238 quando
1078 3176 1145 3218 non
1164 3150 1249 3219 tides

124 3252 275 3333 amplius
298 3255 376 3335 quia
401 3271 469 3314 non
497 3252 665 3327 charitas;
700 3261 734 3313 et
762 3270 838 3313 cum
865 3249 921 3312 ille
949 3259 1059 3312 status
1082 3249 1247 3312 ecclesiae

126 3354 206 3416 est.
217 3357 291 3410 tunc
304 3347 399 3410 venit
412 3346 569 3409 ultimum
578 3345 749 3426 judicium.
785 3343 885 3424 Quod
899 3354 980 3407 tunc
995 3343 1150 3405 ultimum
1160 3343 1248 3424 judi·

129 3436 227 3502 cium
240 3443 362 3515 veniat,
376 3451 431 3503 est
447 3460 581 3522 quoque
597 3439 674 3522 quia
690 3438 874 3501 humanum
892 3458 1000 3518 genus
1016 3447 1069 3499 est
1086 3437 1175 3499 basis
1187 3458 1247 3500 seu

133 3523 389 3597 fundamentum
409 3533 495 3596 caeli
514 3532 670 3615 angelici,
691 3553 769 3594 nam
789 3528 982 3611 conjunctio
998 3530 1082 3593 caeli
1102 3530 1245 3612 angelici

139 3639 221 3687 cum
237 3627 378 3692 humano
401 3648 527 3710 genere
547 3637 600 3690 est
624 3636 797 3708 perpetua,
821 3647 860 3688 ac
885 3645 986 3686 unum
1010 3625 1163 3687 subsistit
1186 3645 1247 3707 per

143 3715 300 3798 alterum3
318 3742 421 3804 quare
439 3740 515 3785 cum
529 3721 618 3783 basis
635 3740 703 3782 non
720 3720 976 3801 correspondet,
991 3718 1123 3781 caelum
1140 3738 1246 3799 ange·

149 3808 404 3894 ticunvacillat;
438 3816 515 3878 ideo
532 3824 612 3878 tunc
623 3813 784 3894 judicium
797 3835 896 3894 super
912 3812 989 3874 illos
1003 3814 1057 3893 qui
1074 3813 1107 3874 in
1121 3812 1248 3875 mundo

158 3905 297 3981 spirituali
314 3921 404 3985 sunt,
424 3919 461 3973 ut
485 3910 598 3972 omnia
618 3918 689 3970 tam
709 3909 742 3969 in
763 3907 865 3970 caelis
886 3927 985 3988 quam
1006 3909 1039 3968 in
1059 3905 1194 3968 infernis
1213 3907 1247 3967 in

74 4032 76 4042 ¹
169 3993 289 4062 ordinem
311 4003 521 4083 redigantur.
573 4016 658 4073 (Quod
675 4015 815 4060 Humanum
827 4015 909 4060 Genus
920 4015 949 4059 sit
959 4015 1022 4058 basis
1033 4021 1055 4057 et
1067 4013 1249 4057 tundamentum

171 4079 306 4142 ffliw.
315 4097 339 4136 et
351 4090 420 4149 quod
434 4088 573 4148 coniunctio
581 4094 697 4146 perpetua
704 4088 740 4141 sit,
751 4087 859 4133 videntur
869 4087 893 4130 in
904 4100 977 4144 opere
988 4087 1026 4131 De
1036 4086 1104 4130 Caelo
1112 4090 1136 4129 er
1145 4083 1249 4143 Insem,
