2684 4988
374 480 465 532 cnr.
483 465 785 543 v1.,vnns.6.-u.
803 463 956 551 375[ecn].
1163 480 1223 548 751

119 654 420 737 praesentationem
442 651 582 715 Domini
600 672 639 715 ac
657 652 737 715 boni
759 653 883 716 amoris
902 654 945 715 ab
968 652 1067 735 Ipso;
1098 652 1224 714 bonum

124 751 202 813 enim
219 750 335 811 amoris
365 749 403 810 in
424 747 610 809 Dominum
633 767 653 808 a
681 746 829 815 Domino
857 757 911 810 est
938 748 1046 828 ipsum
1070 744 1224 808 santium

128 844 200 907 caeli
217 853 246 907 et
265 842 452 916 ecclesiae,
478 861 578 903 omne
602 861 747 923 namque
774 841 932 905 Divinum
956 861 1015 923 per
1037 841 1070 903 id
1097 839 1224 915 influit;

132 959 216 1020 quare
239 936 291 1000 illa
323 958 416 1019 quae
448 935 534 999 caeli
563 945 598 998 et
628 934 793 999 ecclesiae
823 945 913 1009 sunt,
942 957 1028 1018 quae
1059 945 1221 997 vocantur

136 1032 298 1113 spiritualia,
322 1042 466 1095 tantum
494 1028 611 1093 sanita
637 1039 715 1092 sunt
742 1040 907 1111 quantum
935 1051 979 1093 ex
1007 1029 1066 1092 illo
1093 1038 1224 1091 tenent.

139 1124 224 1188 Causa
239 1125 562 1207 repraesentationis
581 1120 688 1186 sandti
708 1143 767 1205 per
786 1124 898 1186 oleum
922 1124 1006 1186 haec
1026 1134 1099 1187 est:
1125 1122 1224 1186 Solus

141 1222 273 1286 Dominus
294 1224 408 1306 quoad
434 1223 593 1285 Divinum
619 1222 814 1285 Humanum
838 1233 890 1285 est
920 1223 1043 1286 Uniiees
1063 1222 1222 1296 Jenovae,

144 1319 244 1380 namin
263 1312 341 1399 Ipso
360 1337 407 1380 ex
428 1318 655 1398 conceptione
678 1327 751 1380 erat
774 1319 882 1398 ipsum
908 1317 1067 1379 Divinum
1092 1316 1223 1379 Bonum

146 1409 229 1473 Divini
245 1411 389 1486 Amoris,
410 1421 446 1474 et
466 1433 511 1474 ex
530 1410 589 1472 illo
605 1421 678 1473 erat
697 1410 892 1473 Humanum
910 1410 1018 1492 Ipsius
1035 1413 1143 1492 ipsum
1163 1411 1224 1472 Di-

146 1506 230 1568 vinum
250 1505 372 1569 Verum
397 1526 475 1569 cum
498 1505 559 1568 suit
589 1507 622 1567 in
650 1505 787 1579 mundo,
813 1525 851 1568 ac
879 1504 956 1567 dein
984 1526 1043 1587 per
1066 1507 1223 1568 unionem

147 1616 202 1660 cum
218 1600 285 1681 ipso
302 1601 428 1663 Divino
447 1601 480 1662 in
501 1599 544 1662 Se
560 1599 639 1662 iecit
659 1598 741 1662 illud
757 1620 890 1681 quoque
911 1599 1069 1661 Divinum
1090 1599 1222 1662 Bonum

148 1690 231 1755 Divini
245 1694 375 1757 Amoris
388 1716 395 1770 ;
416 1705 452 1757 et
464 1697 546 1776 'quia
562 1695 676 1756 omnia
688 1713 774 1776 quae
791 1693 956 1756 ecclesiae
968 1704 1075 1768 erant,
1089 1715 1224 1776 reprae-

149 1788 293 1851 sentabant
318 1789 444 1850 Divina
467 1809 552 1869 quae
579 1808 599 1850 a
627 1788 786 1858 Domino,
811 1807 851 1850 ac
881 1789 914 1849 in
943 1806 1101 1869 supremo
1124 1808 1224 1851 sensu

151 1876 234 1958 Ipsum
254 1882 443 1956 Dominum,
467 1881 554 1964 (erat
581 1883 671 1944 enim
694 1881 839 1945 ecclesia
866 1883 953 1963 apud
981 1881 1066 1945 filios
1090 1883 1224 1945 Israelis

151 1971 269 2038 instituta
288 1976 434 2040 ecclesia
458 1975 775 2057 repraesentativa.)
800 1977 877 2038 ideo
900 1976 1023 2050 oleum,
1048 1997 1107 2058 per
1133 1979 1224 2059 quod

152 2065 359 2145 significabatur
376 2070 537 2132 Divinum
557 2070 687 2132 Bonum
704 2069 817 2132 Divini
834 2069 982 2142 Amoris,
1000 2071 1224 2135 adhibebatur

154 2161 183 2219 ad
196 2162 398 2227 inducendum
417 2165 769 2245 repraesentationes;
792 2183 831 2226 ac
849 2173 1029 2245 postquam
1046 2162 1146 2228 uncta
1166 2175 1224 2228 aut

156 2251 220 2316 uniii
239 2256 369 2331 fuerunt,
387 2258 691 2321 considerabantur
714 2268 750 2320 ut
774 2255 892 2320 sandia
915 2268 972 2320 aut
1000 2257 1126 2335 sandti;
1156 2280 1223 2322 non

157 2349 220 2426 quod
231 2351 324 2434 aliqua
340 2350 509 2415 sanstitas
526 2372 584 2434 per
600 2352 632 2414 id
649 2351 868 2425 illis-inesset,
883 2353 941 2415 sed
955 2355 1045 2434 quod
1059 2351 1222 2417 sanititas

158 2440 262 2509 incaelo
276 2468 329 2530 per
344 2449 378 2510 id
397 2456 712 2529 repraesentaretur
727 2466 804 2510 cum
820 2448 853 2509 in
873 2447 967 2510 cultu
984 2459 1090 2511 erant.
1126 2449 1222 2512 Haec

160 2532 222 2597 ditia
230 2552 290 2603 sunt
301 2552 337 2605 ut
351 2542 479 2605 sciatur
492 2541 582 2623 quod
595 2546 614 2572 ‘⁴
624 2541 735 2603 oleum
744 2540 759 2564 ”
769 2540 937 2622 significet
952 2542 1075 2604 bonum
1089 2545 1222 2607 amoris.

205 2635 249 2721 [a]
274 2641 335 2706 Sed
364 2653 402 2706 ut
429 2642 495 2705 hoc
519 2642 638 2705 melius
665 2652 794 2725 pateat,
819 2642 920 2706 velim
947 2645 1063 2707 ordine
1090 2645 1223 2726 singula

86 2806 88 2815 Ι
164 2746 297 2810 exponere,
313 2756 448 2817 nempe,

339 2867 395 2945 *[i.]
422 2867 507 2936 Quod
526 2869 656 2936 antiquis
679 2867 850 2935 temporibus
874 2871 1013 2921 unxerint
1036 2869 1092 2922 aleo
1116 2869 1240 2939 lapeiies.

461 2938 561 2990 eretios
573 2940 604 2989 in
616 2942 747 3010 statuas,-

344 3037 395 3106 [it]
427 3037 499 3090 Tum
511 3037 588 3105 quod
596 3053 681 3088 arma
694 3037 765 3097 belli,
778 3043 812 3089 ut
822 3043 902 3090 scuta
915 3044 943 3090 et
953 3039 1055 3108 clipeos
1062 3060 1074 3101 ,-

334 3136 395 3207 [iit]
420 3137 466 3189 Ac
478 3140 576 3204 pastea
588 3136 683 3188 aliare
699 3141 728 3188 et
744 3138 841 3188 omnia
853 3138 916 3206 ejus
927 3154 1006 3198 vasa,
1019 3155 1054 3191 ac
1070 3142 1223 3193 tentorium

458 3212 609 3260 conventus
621 3212 649 3258 et
659 3208 755 3259 amnia
768 3223 840 3275 quae
852 3208 944 3271 antii,-

336 3304 395 3376 [ἰν]
420 3306 465 3358 Ac
477 3309 629 3374 praeterea
649 3305 712 3358 illes
723 3307 777 3374 qui
792 3306 947 3359 sacerdotii>
957 3308 1166 3378 fungerentur,
1180 3326 1223 3362 ea-

457 3392 577 3445 rumque
589 3382 695 3438 uestes;

347 3474 396 3544 [v.]
421 3473 463 3527 Et
473 3491 581 3543 quaque
587 3474 745 3544 prophetas
752 3495 764 3537 ,·

335 3573 395 3644 [vi]
419 3573 461 3626 Et
471 3574 585 3627 tandem
598 3591 684 3644 reges,
698 3575 827 3642 quiante
839 3576 963 3628 “uniti''
976 3577 1152 3631 di'cebantur.

323 3672 393 3743 [vit]
421 3673 505 3742 Quod
517 3676 604 3726 etaiam
617 3691 669 3727 usu
681 3677 826 3728 communi
834 3680 977 3745 receptum
988 3678 1090 3746 suerit
1102 3682 1188 3730 semet
1198 3684 1227 3730 et

457 3744 529 3797 alies
547 3761 659 3815 ungere,
678 3746 721 3797 ad
734 3745 942 3814 testificandum
960 3750 1059 3799 ane'nei
1078 3748 1224 3799 laetitiam

460 3821 488 3867 et
498 3815 724 3868 benevolentiam.

314 3911 393 3984 [viii]
418 3913 460 3967 Ei
470 3914 547 3983 quad
555 3914 622 3966 inde
629 3918 739 3982 pateat,
750 3914 828 3983 quad
837 3914 947 3967 “eleeern
959 3914 974 3932 ''
984 3917 1016 3967 in
1036 3915 1061 3967 V
1060 3916 1123 3968 erbo
1132 3918 1226 3986 signi-

449 3985 519 4053 ficet
527 3985 628 4038 benum
636 4005 648 4047 ,·
663 3993 679 4012 “
686 3985 775 4037 eleum
784 3984 972 4044 santiiiatis‚”
982 3986 1227 4054 quodpraepara-

458 4061 520 4107 ium
535 4062 600 4108 erat
608 4059 666 4124 pra
678 4055 808 4125 ungendo
825 4056 877 4108 illa
897 4072 969 4124 quae
981 4058 1157 4108 inservirent
1170 4060 1228 4124 pro

458 4126 537 4178 cultu
543 4128 575 4178 in
582 4126 853 4186 ecclesiaDinnnum
861 4125 973 4178 Bonum
981 4127 1228 4187 Dim’m'Amaris:

456 4201 484 4249 et
496 4196 607 4249 “oleum
616 4189 632 4215 ¹'
644 4199 677 4248 in
684 4213 796 4267 genere,
806 4196 907 4248 bonum
920 4202 947 4247 et
960 4198 1022 4265 rpus
1026 4197 1202 4265 jucundum.

169 4414 176 4427 ‚
212 4323 250 4412 (i)
272 4334 355 4420 Quod
367 4345 511 4425 primum
522 4344 660 4417 attinet,
676 4341 772 4421 Quod
782 4343 940 4406 ueexerint
955 4342 1085 4424 lapides
1097 4342 1221 4405 eredas

163 4435 190 4476 ιη
203 4431 309 4507 statuas,
325 4448 460 4502 constat
481 4438 514 4501 in
534 4437 636 4500 Libro
657 4437 824 4511 Genesees,
