2684 4988
107 510 170 578 712
417 510 668 562 APOCALYPSIS
690 509 918 562 exemerim.

162 676 242 743 Jecur
253 679 320 727 dixit
336 679 370 728 ad
384 680 554 742 septuaginta
571 694 638 742 quos
650 679 748 738 emisit,
762 682 779 703 ⁸⁶
789 678 821 728 ln
832 694 914 742 quam
925 679 1035 728 domum
1049 678 1204 728 intraveritis

238 744 353 822 primum
370 744 457 821 dicite,
478 743 535 793 Pax
550 744 642 821 domui
662 745 737 799 huic:
762 753 789 793 et
805 744 829 793 ri
846 744 953 807 quidem
971 743 1050 793 luerit
1070 739 1128 808 [ibi]
1148 743 1204 792 utin

239 819 475 936 pstcgbrfqusrpzqet
484 809 617 872 superillo
626 823 678 872 pax
687 819 792 869 vestm
806 809 830 859 ri
838 824 906 858 vero
913 823 978 867 nou,
988 823 1068 871 super
1075 823 1123 858 vor
1132 819 1204 857 rerer

109 996 146 1052 et
162 987 252 1068 apud
266 985 488 1059 Malliacum,

160 1099 178 1121 ‘⁴
187 1095 371 1159 ingredientes
381 1095 408 1145 in
416 1096 535 1155 domurn,
545 1097 661 1146 ulutate
669 1110 746 1155 ecmt
759 1097 817 1146 etri
824 1096 934 1160 quidem
942 1095 1204 1158 tuerttdomusdigur

238 1162 329 1211 veniet
347 1176 398 1224 pax
415 1171 506 1210 vestra
523 1176 604 1224 super
620 1176 696 1219 eam:
721 1162 763 1211 sin
781 1173 872 1210 autem
889 1177 944 1210 non
963 1161 1044 1210 luerit
1060 1162 1152 1223 digua,
1172 1165 1204 1224 pe

239 1237 330 1276 vestra
346 1227 380 1276 ad
392 1241 442 1275 vos
460 1236 623 1282 revertetur:
646 1237 673 1276 et
685 1228 835 1290 quicunque
847 1241 903 1276 non
920 1228 1052 1288 receperit
1065 1242 1124 1283 vos,
1141 1241 1204 1290 nequ

238 1292 370 1340 audiverit
382 1294 464 1340 verba
475 1301 573 1348 vestra,
588 1302 717 1342 exeuntes
728 1293 813 1341 domo
822 1303 869 1340 aut
880 1294 948 1340 urbe
965 1292 1026 1350 ista,
1039 1292 1158 1340 excutite
1169 1306 1204 1354 pu

239 1371 330 1407 verear
343 1357 441 1419 pedum
453 1368 606 1406 vestrorum
614 1356 628 1375 ”
640 1357 676 1418 (rt.
690 1361 794 1418 12-14):

109 1490 200 1572 quod
231 1489 383 1552 dicerent
408 1488 561 1550 “Domui
588 1488 687 1570 pax,”
710 1487 878 1569 significat
909 1498 946 1551 ut
976 1508 1204 1568 cognoscerer

109 1602 189 1649 num
208 1583 255 1645 illi
274 1584 329 1664 qui
348 1583 392 1645 ibi
411 1594 488 1646 sunt
507 1584 696 1665 reciperent
714 1582 915 1645 Dominum:
941 1582 1204 1663 evangelizabat

110 1672 153 1740 de
170 1676 330 1751 Domitio,
346 1697 384 1739 ac
401 1678 479 1740 inde
494 1677 538 1740 de
553 1677 661 1751 caelo,
676 1677 802 1758 gaudio
817 1677 956 1739 caelesti
975 1688 1011 1740 et
1026 1679 1100 1741 vita
1117 1689 1205 1741 aeter

110 1790 174 1849 na3
198 1790 277 1832 narn
296 1771 408 1833 omnia
427 1769 484 1834 illa
503 1770 733 1852 significantur
751 1790 810 1852 per
829 1778 976 1852 “pacem
989 1771 1015 1848 ;’'
1041 1783 1078 1834 et
1102 1770 1151 1834 illi
1174 1793 1204 1854 qr

110 1877 321 1947 receperunt,
335 1865 570 1947 intelliguntur
585 1885 645 1947 per
655 1871 675 1897 ‘¹
684 1863 768 1928 filios
782 1865 902 1946 pacis,”
914 1884 1013 1945 super
1025 1867 1149 1947 quibus
1162 1887 1204 1949 pa

110 1961 353 2042 requiesceret:
378 1960 405 2020 si
423 1969 537 2022 autem
554 1979 621 2021 non
638 1970 865 2040 agnoscerent
883 1958 1081 2031 Dominum,
1098 1970 1135 2023 et
1153 1961 1204 2024 ind

110 2047 178 2117 non
197 2055 385 2135 reciperent
404 2053 463 2115 illa
477 2074 564 2135 quae
580 2053 716 2116 Domini
734 2064 813 2115 sunt
834 2074 892 2114 seu
910 2073 998 2134 quae
1013 2055 1119 2134 pacis,
1139 2076 1204 2137 quo

109 2148 152 2212 ab
175 2148 214 2211 iis
237 2147 432 2221 auferretur,
450 2146 659 2228 significatur
681 2167 739 2228 per
759 2148 815 2208 “si
839 2147 959 2209 domus
981 2159 1041 2210 aut
1062 2150 1143 2211 urbs
1163 2171 1204 2213 no

110 2243 214 2324 digna
236 2251 338 2314 esset,
359 2241 448 2323 quod
467 2261 536 2323 pax
556 2251 781 2303 reverteretur
799 2260 898 2322 super
917 2261 975 2303 eos
988 2239 1014 2316 ;''
1040 2261 1086 2304 ne
1109 2253 1192 2307 tunc

110 2337 208 2405 malis
231 2347 266 2399 et
289 2335 380 2399 salsis
403 2355 489 2416 quae
516 2336 548 2397 in
576 2335 632 2398 illa
655 2335 759 2398 domo
780 2345 838 2398 aut
866 2336 897 2396 in
926 2334 983 2396 illa
1006 2337 1089 2401 urbe
1114 2336 1204 2401 laede

109 2440 235 2505 rentur,
257 2429 454 2492 mandatum
478 2439 531 2491 est
555 2440 591 2491 ut
612 2437 808 2491 “exeuntes
831 2439 1033 2492 excuterent
1055 2430 1204 2512 pulverei

109 2525 232 2606 pedum
257 2522 420 2597 suorum,”
440 2543 498 2604 per
516 2523 606 2604 quod
630 2522 838 2603 significatur
861 2543 903 2585 ne
926 2524 1128 2587 damnatum
1152 2526 1204 2589 ind

109 2619 309 2683 adhaereret
323 2639 332 2695 ;
355 2639 414 2700 per
431 2618 633 2699 “pulverem
647 2619 770 2699 pedum
779 2618 794 2641 ’'
807 2618 896 2680 enim
909 2617 1120 2698 significatur
1132 2621 1204 2684 dam

109 2722 246 2775 natum:
280 2732 356 2775 nam
381 2711 535 2774 ultimum
557 2712 647 2793 apud
674 2712 856 2784 hominem,
880 2712 971 2793 quod
998 2723 1051 2776 est
1072 2714 1204 2777 sensual

109 2806 273 2880 naturale,
291 2807 534 2888 correspondet
552 2806 676 2887 plantis
692 2806 836 2887 pedum;
860 2818 894 2868 et
912 2809 988 2887 quia
1007 2806 1084 2870 huic
1101 2808 1204 2872 adhae

108 2911 161 2965 ret
178 2901 315 2975 malum,
332 2901 410 2963 ideo
425 2901 513 2982 apud
534 2900 609 2962 illos
626 2901 680 2983 qui
700 2902 732 2962 in
750 2902 1046 2981 repraesentativis
1062 2902 1204 2966 ecclesia

109 3007 217 3072 erant,
242 3008 279 3059 ut
302 2996 451 3077 plerique
474 3016 515 3057 eo
538 3006 703 3076 tempore,
724 2996 945 3057 excutiebant
969 2995 1145 3077 pulverem
1169 3017 1204 3079 pe

109 3090 190 3154 dum
220 3109 296 3152 cum
327 3110 394 3153 non
425 3092 654 3171 reciperentur
682 3110 761 3151 vcra
791 3086 974 3152 doetrinae.
1028 3089 1067 3151 In
1101 3091 1203 3153 mund

108 3186 198 3249 enim
232 3184 405 3266 spirituali,
437 3185 573 3265 quando
606 3183 725 3264 aliquis
759 3183 868 3245 bonus
902 3184 994 3246 venit
1029 3185 1073 3246 ad
1107 3185 1205 3248 malos

108 3279 215 3342 influit
240 3277 365 3341 malum
389 3277 433 3340 ab
459 3278 521 3349 his,
545 3287 580 3340 et
608 3277 817 3358 aliquantum
848 3277 1043 3358 perturbat;
1074 3279 1135 3340 sed
1164 3279 1204 3342 ho

109 3374 218 3437 solum
236 3374 410 3455 perturbat
423 3372 541 3435 ultima
557 3392 642 3454 quae
655 3372 923 3453 correspondent
940 3372 1066 3453 plantis
1083 3374 1205 3454 pedum

108 3467 188 3530 inde
218 3486 293 3530 cum
323 3487 359 3528 se
382 3476 521 3529 vertunt
548 3478 583 3528 et
610 3466 748 3539 abeunt,
773 3477 914 3546 apparet
942 3468 1028 3529 sicut
1053 3466 1204 3547 pulverei

108 3561 234 3642 pedum
260 3580 394 3622 suorum
422 3570 514 3622 retro
540 3561 730 3633 excutiant,
755 3559 845 3642 quod
872 3571 925 3622 est
953 3559 1112 3622 indicium
1137 3582 1204 3643 quo

109 3653 242 3718 liberati
272 3655 351 3728 sint,
375 3665 411 3716 et
434 3655 524 3736 quod
548 3654 672 3716 malum
696 3654 881 3716 adhaereat
909 3654 973 3716 illis
997 3655 1052 3735 qui
1080 3657 1112 3718 in
1138 3656 1205 3719 mal

108 3752 200 3806 sunt.
241 3758 326 3815 (Quod
337 3753 351 3771 ‘⁶
358 3758 455 3816 plantae
465 3759 554 3815 pedum
564 3758 576 3774 '⁸
587 3760 789 3815 correspondeant
801 3758 888 3802 infimis
898 3758 1052 3809 naturalibus,
1060 3767 1084 3803 et
1094 3762 1163 3815 quod
1173 3761 1204 3805 int

108 3831 133 3876 in
143 3830 226 3876 Verbo
233 3830 365 3888 significent
373 3830 419 3883 ilia,
428 3830 535 3874 videatur
543 3845 566 3876 n.
576 3831 643 3882 2162,
652 3842 719 3887 3147,
728 3831 796 3888 3761,
806 3830 874 3887 3986,
884 3832 951 3886 4280,
960 3833 1109 3887 4938-4952:
1128 3839 1153 3876 et
1163 3845 1204 3890 qut

109 3899 232 3962 '‘pulvis’'
247 3916 320 3961 quem
334 3910 479 3957 excuterent,
494 3904 610 3962 significet
627 3905 776 3957 damnatum,
793 3918 818 3949 n.
838 3918 890 3962 249·
904 3907 972 3961 7418.
986 3907 1066 3963 7522.)
1121 3889 1203 3972 Apu

108 3969 242 4045 lucam,

161 4101 242 4167 Jecur
253 4101 326 4150 flevit
338 4116 419 4164 super
436 4103 509 4159 urbe,
523 4101 624 4158 dicens,
641 4103 692 4151 “Si
707 4118 811 4159 nosses,
826 4113 852 4151 et
864 4103 970 4165 quidem
991 4104 1017 4151 in
1030 4103 1074 4152 die
1086 4105 1146 4160 hoc.
1161 4119 1204 4169 qut

238 4167 272 4215 ad
284 4181 376 4228 pacem
396 4177 486 4225 tuam:
507 4169 554 4216 sed
573 4182 642 4216 nunc
660 4169 848 4217 absconditum
866 4179 907 4216 est
924 4171 958 4215 ab
976 4169 1060 4217 oculis
1073 4169 1127 4219 tuis
1134 4170 1149 4188 '³
1162 4171 1204 4232 (xi

240 4229 377 4296 untur:

108 4359 163 4439 qui
183 4359 225 4420 de
240 4357 291 4419 his
307 4359 417 4420 verbis
432 4368 467 4421 et
485 4377 566 4421 mox
583 4360 803 4439 sequentibus
819 4360 862 4421 ibi
881 4357 989 4419 solum
1007 4360 1164 4438 cogitant
1181 4379 1204 4422 e

108 4472 209 4515 sensu
230 4452 375 4528 litterae,
395 4452 549 4527 credunt,
568 4454 643 4535 quia
663 4472 730 4514 non
748 4453 838 4515 aliud
859 4453 984 4525 vident,
1004 4453 1135 4532 quoda
1155 4452 1204 4516 Dc
