2684 4988
554 472 809 525 APOCALYPSIS.

420 1124 703 1222 CAPUT
762 1127 950 1221 VIII.

149 1508 282 1804 ET
308 1557 391 1604 cum
422 1533 565 1628 aperuit
594 1531 751 1631 sigillum
781 1534 988 1630 septimum,
1016 1531 1153 1608 latium
1184 1550 1244 1609 est

271 1646 456 1720 silentium
475 1647 511 1719 in
529 1646 633 1721 caelo
650 1648 754 1745 quasi
771 1648 1005 1722 semihoram.

325 1786 357 1834 2.
394 1761 442 1833 Et
465 1761 538 1834 vidi
562 1777 706 1857 septem
729 1761 893 1860 angelos,
918 1763 980 1859 qui
1007 1788 1129 1837 coram
1156 1763 1242 1838 Deo

144 1879 309 1961 steterunt,
328 1894 367 1951 et
383 1879 491 1951 datae
509 1894 596 1951 sunt
613 1877 680 1952 illis
698 1896 842 1975 septem
860 1881 981 1953 tubae.

185 2019 210 2089 3.
241 2003 287 2075 Et
307 2002 397 2075 alius
417 2001 570 2098 angelus
592 2003 693 2074 venit
712 2018 752 2076 et
772 2003 871 2075 stetit
892 2003 940 2076 ad
961 2002 1081 2086 altare,
1100 2002 1241 2076 habens

139 2101 339 2192 thuribulum
365 2144 537 2201 aureum;
564 2134 601 2191 et
622 2118 697 2192 dati
722 2134 807 2191 sunt
830 2119 877 2192 illi
900 2119 1042 2192 suffitus
1067 2117 1178 2201 multi,
1201 2136 1242 2192 ut

135 2217 227 2306 daret
242 2236 409 2332 precibus
427 2233 639 2308 sanliorum
653 2235 817 2309 omnium
835 2262 946 2333 super
963 2235 1076 2310 altare
1090 2261 1240 2309 aureum

131 2350 221 2433 quod
237 2377 361 2425 coram
380 2351 523 2424 throno.

179 2486 207 2554 4.
239 2466 287 2539 Et
307 2467 473 2540 ascendit
493 2466 612 2539 sumus
630 2466 818 2540 suffituum
839 2467 1008 2564 precibus
1029 2464 1240 2542 mitorum

126 2566 179 2650 de
192 2606 297 2656 manu
316 2582 439 2681 angeli
458 2609 579 2657 coram
599 2584 696 2657 Deo,

179 2702 205 2775 5.
239 2703 287 2776 Et
307 2703 447 2800 accepit
467 2703 621 2802 angelus
644 2704 878 2787 thuribulum,
901 2719 939 2778 et
963 2704 1128 2802 implevit
1152 2704 1239 2780 illud

119 2805 176 2890 de
197 2819 279 2918 igne
307 2819 438 2904 altaris,
465 2839 503 2894 et
530 2821 681 2919 projecit
708 2821 744 2894 in
771 2837 916 2905 terram,
945 2838 984 2895 et
1011 2819 1129 2896 latiae
1156 2841 1242 2896 sunt

118 2943 228 3010 Voces
245 2953 284 3011 et
301 2938 461 3011 tonitrua
477 2955 515 3010 et
532 2937 674 3036 fulgura
692 2953 731 3011 et
748 2953 866 3011 terrae
884 2953 1018 3012 motus.

176 3064 203 3135 6.
237 3063 285 3136 Et
307 3078 451 3158 septem
478 3061 599 3161 angeli
626 3062 807 3136 habentes
832 3078 976 3159 septem
1004 3063 1109 3137 tubas
1133 3089 1237 3161 para·

116 3187 203 3250 runt
218 3205 259 3253 se
277 3196 318 3252 ut
335 3178 556 3278 clangerent

116 3402 128 3418 .
175 3319 202 3392 7.
237 3305 286 3378 Et
302 3306 441 3402 primus
459 3305 614 3403 angelus
632 3304 774 3387 clanxit‚
793 3319 831 3378 et
851 3302 947 3379 satta
965 3321 1022 3378 est
1040 3304 1185 3404 grando
1203 3322 1241 3379 et

113 3421 211 3507 ¹gnis
229 3423 345 3495 mixta
361 3423 552 3520 sanguine,
572 3437 610 3495 et
627 3423 737 3495 missa
756 3423 791 3494 in
810 3438 956 3504 terram,
975 3438 1013 3495 et
1033 3421 1139 3495 tertia
1155 3447 1240 3519 pars

108 3532 286 3613 arborum
301 3540 492 3613 combusta
510 3556 575 3622 est,
590 3555 629 3613 et
645 3565 757 3613 omne
770 3564 926 3638 gramen
941 3539 1055 3613 viride
1069 3540 1237 3613 combus-

106 3649 193 3728 tum
219 3673 287 3730 est

161 3781 199 3855 8.
236 3782 285 3854 Et
301 3781 484 3855 secundus
501 3782 656 3880 angelus
670 3780 816 3864 clanxit‚
830 3799 868 3855 et
884 3782 988 3879 quasi
1007 3807 1114 3855 mons
1132 3808 1236 3880 mag-

104 3896 184 3967 nus
202 3897 289 3995 igne
307 3897 441 3970 ardens
462 3899 596 3970 missus
617 3913 673 3970 est
695 3897 730 3969 in
752 3922 864 3981 mare,
883 3915 920 3971 et
942 3894 1038 3971 satta
1056 3914 1112 3970 est
1134 3898 1240 3971 tertia

104 4013 200 4087 ’ars
218 4015 328 4088 maris
346 4015 507 4112 sanguis.

157 4158 201 4224 9.
236 4139 284 4212 Et
302 4155 446 4213 mortua
463 4155 519 4212 est
540 4139 648 4214 tertia
669 4165 752 4236 pars
774 4155 1019 4213 creaturarum
1043 4139 1181 4213 illarum
1200 4141 1236 4213 in

104 4253 207 4327 nari
224 4255 436 4330 habentium
455 4256 606 4338 animas,
625 4272 662 4329 et
679 4257 784 4329 tertia
800 4282 883 4352 pars
902 4257 1052 4329 navium
1070 4256 1187 4352 periit

169 4399 225 4453 10.
260 4381 309 4454 Et
334 4381 461 4454 tertius
487 4379 637 4478 angelus
668 4380 813 4463 clanxit,
841 4397 879 4454 et
904 4382 1032 4454 cecidit
1063 4407 1110 4454 ex
1136 4378 1237 4454 caelo
