2684 4988
117 436 198 499 1114
427 428 678 481 APOCALYPSIS
701 428 928 480 EXPLICATA.

112 604 311 678 voluntatis,
341 611 501 666 constare
529 609 646 685 potest
676 622 721 665 ex
748 601 1073 682 repraesentatione
1099 617 1134 664 et
1162 599 1225 662 inde

113 696 362 780 significatione
387 695 623 779 “Ephraim’'
646 696 737 779 quod
764 698 808 759 sit
832 716 951 784 verum
979 696 1153 771 ecclesiae,
1174 715 1218 757 seu

112 812 229 855 verum
243 789 428 866 doctrinae,
442 790 532 874 quod
546 792 636 854 idern
649 800 702 854 est
715 810 792 853 cum
805 812 887 853 vero
900 789 1098 854 intellectus
1110 812 1117 868 ;
1138 801 1212 854 eraut

112 888 203 950 enirn
219 887 349 960 fratres,
364 895 399 949 et
415 886 542 949 bonum
559 905 598 948 ac
616 905 733 949 verum
749 887 783 948 in
799 885 918 949 Verbo
934 887 1093 949 dicuntur
1107 887 1205 949 fratres.

113 980 198 1038 (Quod
209 986 222 1003 ⁸·
231 981 345 1038 Ephraim
353 980 366 995 '’
378 980 493 1038 significet
504 993 586 1025 verum
597 979 729 1032 dodtn'nae
740 994 768 1026 ac
783 980 840 1025 inde
855 980 1019 1025 intellectuale
1029 982 1141 1033 cecinnae,
1150 981 1205 1026 ridea-

113 1055 152 1095 tur
161 1049 185 1094 iu
198 1049 304 1094 Arcom's
317 1049 465 1102 caelestibus,
477 1062 501 1095 n,
513 1059 580 1106 5354,
592 1049 633 1094 ubl
644 1049 713 1106 plura
724 1049 777 1094 loca
787 1062 802 1092 e
813 1049 903 1099 Verbo.
914 1049 957 1094 ubl
970 1049 1083 1106 Ephraim
1094 1050 1200 1101 nominatur,

112 1117 185 1163 elleta
194 1125 218 1163 et
229 1117 347 1175 explicata
356 1124 426 1170 suun
442 1130 471 1162 ac
480 1125 604 1175 praeterea
614 1117 654 1168 lbi.
666 1130 690 1163 n.
701 1117 769 1174 3969.
780 1117 848 1167 ⁶222.
859 1117 929 1174 6234.
940 1118 1010 1175 6238.
1022 1118 1088 1172 ⁶267,
1097 1117 1160 1174 ⁶²9⁶l

172 1208 270 1276 441.
299 1191 489 1254 Ostensum
512 1200 566 1254 est
588 1192 680 1274 quod
703 1211 763 1273 per
780 1191 937 1253 “tribum
959 1192 1197 1272 Ascheris”sig·

113 1283 268 1348 nificetur
283 1284 434 1347 charitas
447 1304 528 1365 erga
545 1285 749 1366 proximum,
764 1304 850 1365 quae
867 1295 921 1346 est
939 1285 1049 1365 ipsum
1065 1284 1197 1366 spirituale

112 1378 282 1441 internum
306 1398 422 1442 eorum
447 1380 502 1461 qui
526 1379 559 1440 in
583 1379 734 1441 secundo
757 1398 816 1440 seu
840 1379 955 1441 medio
975 1380 1071 1442 caelo
1088 1387 1158 1468 sunt,
1172 1388 1195 1439 et

113 1474 202 1556 quod
220 1494 279 1555 per
293 1474 446 1536 “tribum
461 1473 651 1537 Menassis”
664 1471 873 1555 significetur
888 1474 1018 1536 bonurn
1031 1475 1122 1542 vitae.
1133 1470 1195 1554 quod

114 1578 166 1632 est
185 1568 359 1650 spirituale
378 1579 558 1631 externum
577 1568 683 1631 fluens
699 1590 743 1630 ex
760 1567 927 1649 spirituali
946 1569 1079 1631 interno
1095 1585 1195 1640 eorun;

113 1664 262 1726 tentatio
281 1674 406 1736 autern,
424 1683 511 1745 quae
530 1683 589 1743 per
606 1663 759 1725 “tribum
780 1661 996 1744 Naphthali’'
1015 1662 1194 1745 significatur,

113 1768 166 1821 est
190 1759 336 1821 medium
357 1759 486 1831 uniens,
507 1759 677 1821 internum
701 1758 845 1820 enimet
869 1769 1054 1821 externum
1076 1759 1197 1820 uniuntur

114 1873 174 1934 per
197 1855 428 1916 tentationes:
460 1873 505 1916 ex
529 1852 581 1915 his
601 1863 697 1935 patet
717 1853 797 1935 quid
817 1863 886 1915 tres
906 1853 971 1916 hae
996 1855 1098 1916 tribus
1116 1854 1143 1915 in
1157 1869 1198 1912 suo

112 1950 230 2012 ordine
253 1949 442 2012 involvunt.
488 1948 671 2014 Sciendum
696 1960 749 2013 est
773 1951 864 2032 quod
885 1961 1066 2032 utrumque
1087 1961 1146 2012 tarn
1162 1947 1197 2008 in·

113 2054 247 2107 ternum
263 2065 364 2127 quam
380 2054 574 2118 externum,
593 2065 696 2108 unum
713 2064 789 2107 cum
806 2044 917 2107 altero
933 2046 1144 2116 concordans,
1155 2038 1198 2104 erit

115 2139 204 2221 apud
224 2139 398 2202 hominem
417 2150 453 2202 et
472 2141 561 2221 apud
579 2139 739 2221 angelum
757 2150 793 2202 ut
813 2141 847 2202 in
867 2139 965 2203 caelo
985 2142 1048 2219 sit;
1071 2160 1130 2203 non
1145 2146 1199 2221 pot·

113 2242 165 2296 est
189 2233 309 2316 aliquis
332 2234 442 2296 solum
466 2236 499 2296 in
523 2254 590 2297 uno
609 2224 695 2309 esse,
716 2244 751 2297 et
775 2235 808 2296 in
831 2235 949 2311 cael03
981 2255 1100 2317 nempe
1119 2233 1199 2296 solun

112 2329 145 2391 in
165 2328 310 2402 interno,
328 2338 387 2391 aut
406 2327 516 2391 solum
536 2330 570 2391 in
589 2338 755 2392 externo:
780 2330 951 2391 internum
969 2331 1059 2392 enirn
1074 2340 1122 2392 est
1137 2328 1199 2390 sicut

112 2424 224 2486 anima
243 2433 279 2486 et
298 2434 480 2486 externum
500 2424 586 2486 sicut
606 2444 748 2506 corpus;
779 2425 891 2486 anima
912 2424 995 2486 nihil
1020 2433 1127 2507 potest
1143 2440 1200 2503 ope·

112 2519 176 2580 rari
196 2519 259 2580 nisi
282 2538 492 2600 percorpus,
513 2528 549 2581 et
572 2538 694 2600 corpus
715 2519 797 2581 nihil
817 2528 934 2600 potest
954 2521 1085 2601 operari
1106 2519 1200 2581 nisiex

112 2614 245 2689 anima;
276 2634 378 2694 quare
402 2615 584 2687 internum,
608 2615 671 2676 nisi
698 2624 879 2676 externum
907 2615 1142 2696 correspondet
1160 2629 1200 2673 seu

112 2709 419 2790 correspondenter
442 2708 641 2781 concordat,
662 2708 754 2788 jacet
783 2707 969 2770 invalidum
993 2720 1028 2771 et
1058 2710 1135 2771 sicut
1157 2723 1200 2768 ex·

112 2801 294 2879 stinctum
323 2813 506 2865 externum
523 2804 613 2865 enirn
630 2804 693 2864 erit
711 2799 769 2863 [lin
789 2824 855 2883 quo
874 2811 909 2864 et
930 2822 989 2882 per
1006 2803 1093 2884 quod
1111 2817 1200 2882 opera·

111 2899 211 2971 bitur,
226 2900 312 2959 sicut
325 2899 437 2959 anima
454 2898 487 2959 in
504 2918 565 2960 suo
579 2917 719 2978 corpore
732 2908 768 2959 et
784 2918 843 2979 per
860 2896 942 2958 illud
956 2917 963 2974 ;
988 2907 1023 2960 et
1041 2906 1199 2962 externum,

112 2994 173 3054 nisi
193 2995 363 3055 internum
387 2993 430 3053 sit
455 2992 507 3053 cui
530 2992 807 3072 correspondeat,
825 2991 916 3071 jacet
940 2992 1028 3055 sicut
1052 3000 1200 3056 mortuum,

111 3089 281 3149 internum
309 3088 398 3148 enim
422 3087 485 3148 erit
509 3106 553 3148 ex
581 3106 649 3168 quo
676 3086 870 3166 operabitur
897 3095 1089 3149 externum.
1129 3082 1199 3145 Haec

110 3179 200 3244 dicta
227 3193 305 3243 sunt
334 3193 369 3243 ut
397 3181 523 3243 sciatur
552 3181 643 3263 quod
671 3201 729 3262 per
759 3180 1003 3244 “Ascherem”
1027 3178 1199 3263 significetur

109 3279 291 3349 internum,
312 3286 347 3338 et
371 3296 430 3356 per
452 3279 471 3305 ‘⁴
484 3274 718 3338 Menaschen”
734 3285 916 3338 externum
940 3273 1197 3357 correspondensi

110 3381 147 3434 ut
170 3391 304 3454 quoque
327 3389 437 3451 supra,
459 3370 549 3451 quod
574 3391 632 3451 per
653 3369 872 3451 “Jehudam”
895 3368 1102 3450 significetur
1121 3369 1197 3430 inter·

110 3485 200 3539 num,
218 3475 253 3528 et
275 3486 334 3547 per
355 3463 542 3528 “Gadem”
561 3461 769 3527 ¹¹¹externum
789 3465 1070 3545 correspondens.
1112 3456 1196 3525 Simile

109 3570 162 3623 est
179 3562 212 3623 in
226 3562 317 3622 omni
334 3581 388 3635 re;
413 3580 516 3642 quare
529 3560 561 3620 in
575 3559 712 3622 homine
729 3569 781 3622 est
802 3561 972 3621 internum
986 3571 1021 3622 et
1038 3568 1195 3622 externum.

109 3652 280 3718 internum
304 3655 393 3736 quod
417 3653 488 3735 ejus
511 3653 685 3736 spirituale
709 3665 860 3723 vocatur.
881 3663 917 3715 et
941 3664 1118 3716 externum
1133 3641 1196 3730 quod

110 3751 179 3831 ejus
204 3749 380 3824 naturale;
412 3768 514 3810 unum
538 3769 574 3811 se
598 3749 773 3829 conjungit
802 3768 878 3811 curn
905 3748 1017 3811 altero
1040 3769 1097 3829 per
1115 3758 1197 3807 corre·

109 3845 353 3926 spondentias;
384 3843 463 3905 inde
490 3842 589 3925 quale
617 3863 718 3905 unum
746 3853 810 3916 est,
839 3843 909 3905 tale
936 3851 989 3905 est
1017 3842 1157 3910 alterum,
1173 3838 1197 3892 el

108 3958 209 4002 omne
229 3940 320 4020 quod
345 3958 413 4001 non
437 3959 496 4019 per
519 3938 841 4020 correspondentias
861 3956 964 3999 unum
988 3937 1067 4000 facit
1086 3952 1150 3999 cum
1164 3925 1198 3991 al·

108 4044 193 4107 tero,
215 4034 398 4115 dissipatur
417 4043 452 4097 et
473 4035 571 4115 perit.
