2716 4986
186 475 267 560 1296
493 488 744 541 Arocncvams
767 489 993 539 exsulcans.

180 659 280 708 bonum.
296 659 368 716 quale
383 659 448 717 apud
464 666 547 716 gentes
562 659 656 717 probas¹
673 659 782 704 videatur
795 658 820 703 in
837 659 958 703 Doarina
976 659 1060 704 Novae
1079 657 1256 715 Hierosolyma
1268 667 1288 704 t.

104 751 108 759 ·
181 742 230 795 αι.)
272 723 390 788 Simile
412 724 622 806 significatur
644 746 703 807 per
723 723 821 787 “sel'’
843 734 879 788 et
904 731 1072 787 “acetum
1081 723 1098 748 ’'
1120 724 1210 805 apud
1230 721 1289 785 Da·

181 814 303 887 videm,

233 967 250 988 ¹·
261 965 398 1014 Dederunt
413 965 439 1013 in
455 966 543 1013 cibum
559 980 649 1015 meum
664 965 709 1023 iel,
725 974 752 1013 et
767 924 793 1014 lii
808 965 853 1014 siti
869 979 930 1013 mea
943 972 1073 1027 potarunt
1088 963 1135 1013 Me
1151 973 1240 1013 aceto:
1255 961 1294 1011 fiat

312 1045 407 1078 mensa
420 1045 514 1079 eorum
529 1045 619 1079 coram
635 1030 687 1079 illis
705 1031 732 1079 in
751 1031 887 1092 laqueum,
903 1040 930 1079 et
944 1044 994 1092 pro
1008 1030 1234 1079 retributionibus
1246 1038 1295 1077 ten·

312 1096 417 1152 dicula;
434 1098 613 1145 obscurentur
623 1096 695 1144 oculi
707 1111 801 1145 eurum
813 1108 844 1144 ut
856 1111 911 1144 non
922 1096 1041 1150 videant.
1053 1106 1082 1144 et
1094 1096 1203 1144 lumbos
1213 1107 1295 1143 eorum

311 1159 411 1222 jugiter
422 1160 557 1210 concute''
569 1161 624 1222 (Ps.
635 1161 697 1210 lxix.
711 1173 750 1219 22,
763 1173 794 1222 23
807 1157 853 1226 [B.
865 1163 900 1210 A.
912 1172 952 1218 21,
965 1156 1034 1224 22]):

181 1322 234 1386 hic
259 1342 318 1404 per
340 1323 441 1396 “sel’‘
465 1345 523 1405 per
548 1323 741 1398 “acetum‘’
764 1333 799 1386 et
822 1343 882 1405 per
906 1322 1057 1396 “sitim''
1080 1322 1204 1385 similia
1221 1341 1297 1404 quae

181 1437 280 1498 supra
307 1417 548 1498 significantur,
573 1419 731 1500 quoniam
755 1415 846 1482 dieta
872 1427 951 1480 sunt
978 1418 1020 1480 de
1049 1417 1221 1480 Domino:
1247 1435 1299 1498 per

183 1520 363 1575 “mensam
372 1513 387 1537 ”
404 1533 489 1594 quae
509 1515 571 1576 erit
591 1513 655 1575 illis
675 1515 706 1575 in
727 1513 894 1596 laqueum,
912 1511 1124 1593 significatur
1139 1511 1300 1574 aberratio

182 1607 291 1688 quoad
319 1627 420 1670 omne
443 1627 557 1670 verum
587 1605 760 1671 dodirinae
787 1627 832 1670 ex
856 1606 992 1684 Verb0;
1022 1606 1196 1669 “mensa''
1218 1607 1299 1668 enim

181 1701 304 1763 dicitur
327 1721 387 1782 pro
410 1703 501 1764 omni
525 1703 601 1764 cibo
624 1701 798 1783 spirituali,
818 1710 853 1763 et
878 1701 971 1763 cibus
994 1700 1179 1780 spiritualis
1203 1699 1299 1781 signi·

181 1792 260 1857 licat
284 1815 384 1858 omne
408 1793 582 1858 doetrinae
606 1817 650 1858 ex
670 1795 807 1858 Verbo:
834 1814 894 1876 per
913 1793 1085 1856 “oculos''
1105 1796 1161 1877 qui
1185 1793 1299 1858 obscu-

182 1888 342 1949 rabuntur
366 1899 401 1951 ut
426 1908 492 1950 non
517 1889 656 1952 videant
679 1888 888 1969 significatur
910 1886 1106 1952 intellectus
1130 1891 1221 1967 veri;
1247 1907 1301 1969 per

183 1981 344 2045 “lumbos
355 1983 369 2006 ”
393 1985 448 2065 qui
475 1986 711 2048 concutientur
737 1983 945 2065 significatur
968 1983 1128 2046 voluntas
1155 1985 1246 2058 boni,
1269 1992 1300 2046 et

182 2075 371 2157 conjugium
385 2076 455 2157 ejus
468 2097 543 2140 cum
557 2075 734 2141 intellectu
743 2079 813 2141 veri
825 2100 832 2151 ;
852 2078 917 2141 hoc
931 2097 990 2157 per
1002 2085 1021 2109 “
1031 2077 1190 2141 lumbos”
1203 2079 1299 2141 etiam

181 2170 259 2234 alibi
277 2173 310 2234 in
328 2171 446 2235 Verbo
465 2172 682 2253 significatur.
728 2173 767 2235 In
791 2171 942 2246 menis,

233 2328 371 2378 “Satisvit
389 2344 432 2378 me
449 2330 684 2388 amaritudinibus,
705 2330 850 2380 inebriavit
870 2345 914 2380 me
934 2331 1101 2385 absinthioz.
1113 2367 1135 2380 ..
1146 2330 1221 2381 .ideo
1239 2331 1298 2386 dixi,

313 2393 396 2443 Periit
414 2393 528 2444 vidioria
542 2410 610 2453 mea,
631 2405 658 2444 et
675 2411 737 2458 spes
755 2410 816 2445 mes
832 2410 849 2444 a
866 2395 1005 2459 Jehovah;
1024 2406 1163 2446 memento
1182 2397 1300 2446 miseriae

311 2473 388 2508 meae
400 2471 427 2508 et
438 2461 560 2522 ploratus
572 2461 634 2519 mei,
649 2461 777 2510 absinthii
790 2471 816 2511 et
829 2461 932 2511 cicutae
940 2460 953 2479 '⁸
966 2461 1014 2522 (iii.
1028 2474 1068 2521 15,
1083 2463 1121 2520 18,
1135 2461 1191 2526 19):

181 2632 263 2694 haec
278 2653 409 2714 quoque
425 2634 466 2694 de
485 2633 632 2695 Domino
645 2655 652 2708 ;
677 2633 765 2714 quod
785 2633 949 2695 Dominus
962 2652 1030 2695 non
1044 2633 1135 2696 aliud
1149 2635 1181 2696 in
1195 2634 1298 2697 eccle·

182 2727 240 2798 sia,
261 2747 345 2807 quae
365 2737 444 2788 tunc
468 2737 539 2788 erat
564 2728 652 2808 apud
674 2727 832 2807 Judaeos‚
853 2729 1018 2789 invenerit
1039 2748 1141 2810 quam
1163 2728 1246 2791 salsa
1267 2737 1298 2791 et

181 2819 356 2883 falsificata
383 2842 472 2894 vera,
497 2820 705 2902 significatur
732 2841 791 2900 per
817 2821 906 2903 quod
932 2823 1162 2885 “satiaverint
1191 2823 1297 2904 Ipsum

181 2914 468 2985 amaritudinibus.
493 2926 527 2978 et
552 2916 788 2978 inebriaverint
812 2916 982 2978 absinthio
995 2916 1020 2992 ;”
1045 2915 1298 2980 “absinthium''

181 3020 234 3071 est
254 3008 372 3071 salsum
392 3009 470 3071 mali
491 3011 635 3072 mixtum
656 3010 753 3082 veris,
773 3011 820 3072 ita
839 3008 1072 3073 falsificatum:
1098 3031 1212 3092 pugna
1232 3012 1297 3074 Do·

183 3104 261 3166 mini
281 3123 355 3166 cum
376 3103 521 3177 infernis,
538 3116 572 3167 et
590 3105 782 3184 desperatio
798 3104 889 3185 quod
906 3123 991 3184 gens
1006 3104 1147 3184 Judaica
1163 3123 1296 3188 usquam

181 3198 287 3277 redigi
305 3207 420 3278 posset
436 3199 478 3260 ad
496 3197 686 3278 recipienda
702 3208 737 3259 et
754 3198 973 3277 agnoscenda
988 3219 1079 3271 vera,
1097 3198 1297 3280 significatur

182 3311 241 3373 per
265 3292 393 3354 “Periit
417 3289 555 3355 vidtoria
580 3311 664 3366 mea,
686 3312 763 3372 spes
787 3311 861 3354 mea
884 3313 904 3354 a
925 3291 1100 3372 Jehovah;
1130 3303 1296 3356 memento

182 3387 333 3448 miseriae
353 3406 448 3448 meae
467 3398 502 3449 et
522 3386 672 3468 ploratus
692 3387 767 3459 mei,
784 3386 944 3449 absinthii
963 3396 997 3450 et
1014 3388 1148 3450 cicutae
1159 3388 1184 3451 :'’
1208 3387 1295 3469 spiri·

182 3491 236 3543 tus
255 3481 342 3543 enim
363 3482 416 3562 qui
436 3481 467 3542 in
487 3480 577 3543 salsis
597 3479 675 3543 mali
695 3491 783 3552 sunt,
801 3490 835 3542 et
855 3481 1011 3562 usquein
1031 3483 1120 3543 veris
1139 3503 1184 3545 ex
1204 3501 1295 3544 sensu

182 3575 315 3638 litterae
332 3574 447 3649 Verbi,
465 3576 588 3637 diutius
604 3576 763 3637 resistunt
780 3583 963 3656 antequam
980 3575 1204 3656 subjugantur
1219 3589 1252 3640 et
1267 3579 1294 3640 in

182 3668 344 3733 infernum
369 3669 588 3750 dejiciuntur;
616 3690 717 3732 causa
739 3679 802 3742 est,
826 3670 903 3750 quia
930 3689 988 3750 per
1011 3690 1090 3732 vera
1115 3672 1294 3734 communi·

182 3765 350 3826 cationem
379 3765 505 3826 habent
530 3783 605 3826 cum
631 3762 737 3836 caelo,
762 3783 847 3845 quae
872 3765 1137 3827 communicatio
1163 3776 1197 3828 et
1225 3765 1294 3827 inde

182 3854 372 3936 conjunctio
400 3859 489 3939 prius
512 3858 751 3938 disrumpenda
773 3867 808 3919 et
832 3856 1012 3920 auferenda
1039 3869 1093 3921 est
1120 3871 1294 3942 antequam

181 3952 399 4031 dejiciuntur;
422 3953 485 4015 hoc
499 3952 639 4016 involvit
653 3952 845 4032 desperatio
858 3952 900 4014 de
912 3950 1062 4026 vidioria,
1077 3954 1186 4036 qualis
1199 3956 1294 4017 etiam

180 4046 241 4110 suit
265 4047 412 4109 Domino
439 4048 470 4108 in
495 4067 603 4119 cruce,
627 4047 763 4128 quando
786 4047 884 4120 dixit,
910 4045 1052 4122 “Siti0,”
1076 4059 1112 4111 et
1136 4049 1294 4113 dederunt
1317 4067 1322 4077 ·

181 4141 250 4222 Ipsi
268 4152 412 4203 acetum.
457 4140 561 4222 Apud
580 4139 776 4214 Jeremiam,

260 4287 405 4352 ''Jehovah
420 4287 492 4337 Deus
505 4288 603 4337 excidit
615 4303 675 4346 nos,
689 4297 716 4336 et
728 4287 831 4350 potavit
843 4302 894 4337 nos
906 4287 982 4352 aquis
994 4287 1087 4338 lellis”
1099 4288 1167 4352 (viii.
1181 4291 1236 4353 14);

181 4420 268 4501 apud
288 4418 443 4493 eundem,
