2684 4988
384 118 463 168 cAP.
480 118 537 179 v1.‚
555 117 660 169 VERS.
682 118 808 188 15.-N.
823 103 943 188 4o9{c].
1164 121 1230 189 949

146 300 189 364 per
202 283 429 368 “prophetas’‘
451 287 538 350 enirn
561 288 595 350 in
619 285 737 351 Verbo
759 286 968 369 significatur
989 286 1144 352 doetrina
1168 287 1228 351 Di·

143 375 192 438 vin
209 375 296 451 Veri,
317 379 364 439 ita
388 377 547 440 Divinum
570 376 701 441 Verum
723 379 836 460 quoad
858 376 1051 441 dodtrinam
1072 395 1192 452 (nentur
1205 408 1229 441 n.

140 482 270 539 mem).
315 466 400 528 Inde
416 487 550 548 quoque
567 466 679 530 David
695 488 732 530 se
747 477 851 530 vocat
865 474 1029 530 “servum
1043 467 1229 548 Jehovae,''

138 556 205 618 nin
221 556 270 619 his
287 558 378 637 apud
397 557 500 630 illum,
761 552 763 557 ⁴

174 678 222 728 “lu
233 682 338 729 statutis
349 681 402 729 tuis
411 678 537 738 delector,
549 695 604 729 non
613 681 758 731 obliviscor
766 681 847 730 Verbi
860 681 914 742 tui3
933 677 1060 745 [retribue
1069 697 1149 731 servo
1157 680 1228 747 tuo]

294 746 405 795 Seruus
419 756 479 794 tuus
491 747 632 795 meditatur
641 746 668 795 in
680 747 787 795 statutis
800 747 861 796 tuis.
890 783 897 796 .
907 782 930 796 ..
940 746 1058 795 ,Bonum
1070 747 1156 796 iecisti
1168 762 1228 796 cum

240 825 319 859 servo
334 821 389 868 tuo,
403 810 533 874 Jehovuh,
546 812 624 874 juxta
637 813 746 860 verbum
765 823 848 860 tuum.
877 811 991 861 ....Fac
1009 826 1068 861 cum
1086 828 1165 860 servo
1183 824 1229 863 tuo

239 875 316 937 juxta
332 877 541 924 misericordiam
560 887 643 934 tuam,
657 885 684 925 et
701 887 801 925 statuta
818 888 863 925 tua
879 876 946 925 doce
964 892 1015 925 me.
1052 877 1149 926 Servus
1168 887 1229 927 tuus

240 956 300 1002 ego,
315 942 390 989 erudi
405 955 457 998 me,
471 953 500 991 ut
511 957 672 1003 cognoscam
685 941 839 990 testimonia
850 951 904 990 tuo.
934 941 1088 991 ....Facies
1100 943 1229 991 twillu·

232 1007 314 1069 ‚mina
325 1021 407 1067 super
415 1021 521 1055 servum
535 1019 618 1064 tuum,
629 1018 657 1056 et
666 1008 734 1055 doce
746 1021 789 1055 me
801 1016 901 1055 statuta
912 1016 965 1055 tua.
995 1044 1000 1055 .
1011 1044 1017 1055 .
1027 1044 1033 1055 .
1044 1007 1150 1055 ,Erraui
1162 1008 1230 1057 sicut

240 1085 321 1132 pecus
339 1073 462 1132 periens:
481 1086 578 1134 quaere
591 1086 699 1121 servum
717 1082 791 1120 tuum
799 1071 813 1089 ”
825 1071 936 1132 (Psalm.
947 1073 1016 1120 cxix.
1029 1069 1096 1136 [16,]
1111 1085 1149 1132 17,
1161 1069 1227 1132 11123,

238 1138 279 1195 ⁶5.
292 1149 348 1195 124,
361 1149 415 1196 125.
428 1149 482 1196 135,
496 1138 567 1197 176):

134 1250 202 1330 apud
219 1252 376 1324 eundern,

172 1353 298 1403 “Cmtodi
308 1356 425 1403 animam
436 1370 523 1404 meam
534 1356 596 1418 quia
604 1353 714 1404 sandius
723 1370 783 1417 ego,
794 1371 873 1405 serva
882 1370 987 1404 servum
999 1365 1084 1405 tuum.
1096 1393 1101 1405 .
1112 1394 1117 1404 .
1128 1353 1229 1418 lnquit

239 1420 347 1468 confido
359 1422 385 1468 in
398 1421 438 1468 Te
447 1438 466 1470 :.
477 1459 483 1470 .
493 1458 499 1470 .
510 1421 634 1470 ‚laetifica
643 1422 762 1469 anirnam
774 1422 845 1470 servi
857 1422 905 1479 tui,
919 1421 981 1484 quia
991 1423 1026 1470 ad
1038 1422 1086 1477 Te,
1103 1421 1226 1476 Domine.

239 1486 335 1533 attollo
345 1487 463 1533 animam
473 1501 559 1534 meam
569 1501 588 1544 ;.
598 1523 620 1536 ..
631 1487 677 1535 .da
689 1487 769 1534 robur
778 1501 857 1534 servo
867 1496 921 1544 tuo.
933 1495 960 1535 et
969 1501 1047 1535 servu
1056 1487 1137 1534 filium
1148 1486 1229 1534 ancil·

240 1551 281 1598 lae
291 1551 375 1598 tuae”
386 1551 442 1605 (Ps.
451 1552 549 1599 lxxxvi.
560 1564 582 1608 2,
591 1564 616 1609 4,
627 1552 657 1599 16
666 1553 683 1610 :l

173 1613 284 1675 (Praeter
295 1616 367 1672 alibi.
379 1626 408 1664 ut
421 1617 518 1666 Psalm.
531 1617 611 1666 xxvii.
620 1630 654 1678 q;
669 1616 714 1665 Ps.
724 1616 794 1666 xxxi.
809 1628 839 1675 17
851 1613 898 1679 [B.
908 1618 943 1665 A.
955 1613 1014 1679 16];
1033 1615 1077 1666 Pr.
1089 1630 1169 1665 xxxv.
1181 1626 1228 1674 27;

241 1680 285 1729 Ps.
296 1682 366 1729 cxvi.
381 1682 425 1730 16:
444 1682 507 1730 Luc.
520 1681 536 1730 i.
549 1678 624 1744 ¹⁸169).

135 1798 278 1882 Quoniam
301 1806 465 1868 Dominus
484 1806 595 1887 quoad
619 1798 777 1868 Divinum
797 1805 924 1868 Verum
948 1807 980 1867 in
1000 1826 1098 1887 supra
1117 1804 1228 1867 allatis

136 1891 197 1959 locis
215 1919 271 1978 per
292 1899 488 1961 “Davidem
498 1899 512 1922 ”
531 1898 741 1979 intelligitur,
762 1909 796 1961 et
816 1901 893 1981 quia
914 1900 992 1961 inde
1017 1918 1075 1979 per
1095 1898 1226 1959 ‘·¹Daui-

116 1987 213 2051 ·tlern”
229 1991 429 2071 intelligitur
454 1993 611 2054 Divinum
636 1991 775 2063 Verum,
799 1991 906 2053 simile
929 1992 1019 2073 quod
1043 2012 1102 2073 per
1122 1998 1227 2072 “pro-

135 2080 260 2159 phetas.”
283 2086 361 2147 ideo
389 2105 447 2164 per
475 2085 661 2148 “servum’'
687 2086 789 2147 etiam
817 2086 850 2146 in
879 2085 929 2146 his
957 2085 1040 2147 locis
1067 2086 1099 2146 in
1128 2102 1226 2151 sensu

135 2177 272 2255 spirituali
289 2178 490 2259 intelligitur
502 2179 695 2240 inserviens.
740 2177 805 2258 Qui
823 2197 890 2239 non
904 2179 967 2240 scit
983 2197 1118 2240 sensum
1132 2177 1227 2256 spiri·

136 2271 236 2333 tualenr
256 2272 372 2344 Verbi,
393 2272 530 2334 credere
554 2283 668 2351 potest
687 2271 777 2352 quod
800 2290 868 2332 non
892 2270 1001 2332 solum
1026 2270 1147 2342 David,
1168 2270 1227 2332 sed

118 2364 216 2426 niam
232 2366 349 2446 reliqui
370 2366 411 2427 de
431 2367 549 2447 quibus
573 2367 606 2426 in
626 2364 752 2436 Verbo,
772 2385 808 2427 se
827 2364 976 2426 dixerint
997 2362 1164 2426 “servos''
1183 2384 1227 2426 ex

137 2470 213 2519 causa
231 2460 306 2540 quia
330 2479 449 2521 omnes
472 2471 550 2521 sunt
573 2460 659 2520 servi
685 2458 768 2532 Dei;
791 2469 827 2519 at
850 2478 953 2539 usque
977 2458 1032 2519 ubi
1055 2459 1087 2519 in
1113 2456 1229 2518 Verbo

138 2552 328 2615 nominantur
346 2553 491 2625 “servi''
509 2555 543 2614 in
562 2552 725 2633 spirituali
746 2572 845 2614 sensu
868 2550 1104 2632 intelliguntur
1122 2551 1228 2612 inser·

140 2641 241 2707 tientes
258 2656 293 2708 et
312 2645 509 2708 efficientes.
554 2645 610 2708 Ex
629 2666 695 2727 qua
713 2665 815 2709 causa
833 2647 938 2708 etiam

178 2774 392 2891 Nebuchadnlezar
407 2778 465 2828 Rex
480 2778 587 2828 Babelis
599 2789 709 2827 vocatur
723 2781 840 2827 “servus
852 2776 992 2842 Jehovae”
1004 2776 1111 2842 (Jerem.
1124 2791 1186 2825 xxv.
1198 2790 1229 2838 9;

240 2859 297 2906 cap.
309 2860 327 2892 x
339 2845 375 2893 iii.
389 2850 437 2904 ιο).

146 2956 178 3024 At
195 2965 221 3028 in
241 2969 351 3048 specie
375 2988 435 3049 per
454 2967 639 3032 “servum”
661 2976 696 3031 et
722 2966 889 3030 “servos’‘
908 2967 941 3031 in
965 2965 1082 3029 Verbo
1104 2964 1229 3028 intelli·

148 3069 238 3130 untur
262 3062 308 3124 illi
336 3064 391 3144 qui
419 3063 583 3143 recipiunt
612 3061 770 3124 Divinum
794 3059 933 3135 Verum,
958 3080 997 3122 ac
1021 3060 1075 3141 qui
1103 3059 1229 3120 docent

149 3142 212 3224 llud,
224 3157 380 3236 quoniam
400 3155 558 3217 Divinum
576 3153 703 3218 Verum
723 3156 872 3226 inservit,
890 3163 925 3215 et
944 3172 1003 3233 per
1018 3153 1050 3214 id
1072 3152 1229 3213 Divinum

152 3232 244 3309 Bonum
265 3247 379 3311 efficit.
425 3247 509 3310 Inde
532 3258 585 3310 est
604 3247 694 3330 quod
719 3248 842 3327 passim
863 3246 1017 3308 dicantur
1037 3243 1176 3305 “servi’'
1195 3254 1229 3305 et

153 3330 216 3398 timul
236 3339 360 3404 “eleotl
374 3341 399 3418 ;”
427 3341 567 3403 “servi''
589 3341 644 3423 qui
668 3341 832 3420 recipiunt
860 3338 1018 3401 Divinum
1041 3337 1170 3399 Verum
1195 3347 1230 3399 et

154 3421 249 3506 locent,
269 3456 308 3498 ac
334 3433 486 3498 “eleni”
505 3435 559 3517 qui
583 3435 747 3515 recipiunt
772 3432 929 3495 Divinum
954 3431 1085 3494 Bonum
1109 3441 1144 3492 et
1168 3429 1230 3492 du·

155 3528 307 3593 eune-ut
326 3529 416 3610 apud
435 3527 588 3602 Ermum,

187 3648 335 3704 “Producam
347 3654 602 3719 exJacobosemen.
613 3661 682 3700 etex
691 3650 812 3715 Jehudah
821 3648 945 3697 heredem
957 3648 1087 3697 montium
1099 3659 1229 3703 meorum,

244 3732 268 3769 ut
280 3721 438 3782 possideant
449 3732 511 3768 eum
524 3712 601 3766 eledli
614 3716 676 3775 mei,
690 3725 716 3764 et
729 3715 799 3764 servi
812 3713 864 3762 mei
877 3713 997 3762 habitent
1009 3711 1067 3761 ibi”
1078 3712 1142 3773 (lxv.
1154 3709 1194 3772 9):

158 3824 214 3894 ²lld
227 3834 372 3905 eundem,

252 3936 313 3986 “Tu
327 3936 410 3986 lsrael
423 3950 518 3986 servus
531 3951 616 3995 rnetts,
630 3945 657 3985 et
668 3934 785 3999 Jacobus
798 3947 875 3996 quern
888 3932 956 3995 elegi
964 3931 978 3951 ''
989 3931 1046 3994 (xli.
1058 3930 1099 4011 ⁸)y2

159 4041 215 4111 tpud
228 4052 372 4126 eundem,
