2684 4988
118 485 199 566 1184
426 495 677 549 nrocnuursrs
699 496 927 548 exemenrn.

114 666 310 729 sacerdotes
319 665 422 729 etiam
433 665 733 747 repraesentabant
741 662 964 730 sant'titatem
974 665 1196 749 Divinamquae

114 780 196 841 pura
223 770 276 824 est
300 760 426 842 absque
450 759 586 823 naevis:
615 760 699 822 haec
721 761 995 840 repraesentatio
1017 761 1196 823 inducebatur

114 854 267 918 Aharoni
287 862 322 916 et
340 852 411 934 ejus
425 851 501 915 filiis
519 872 578 935 per
593 852 801 917 lavationem
823 851 872 936 [a]
893 853 1013 930 Mose;
1036 875 1128 936 quare
1140 855 1194 916 diri·

115 957 168 1010 tur
184 947 274 1030 quod
291 948 366 1010 “sic
383 945 702 1021 sanetificarenturss'
717 950 857 1011 tametsi
876 948 971 1011 nulla
989 949 1055 1011 illis
1073 945 1195 1011 sanititas

114 1042 258 1105 accessit
277 1060 336 1123 per
355 1041 571 1104 lavationem.
618 1040 702 1104 Ideo
720 1042 825 1105 etiam
843 1042 1045 1105 mandatum
1064 1052 1110 1105 est
1127 1052 1152 1105 ut

169 1175 280 1225 Abaton
290 1184 316 1224 et
329 1175 374 1224 filii
386 1174 445 1237 ejus
457 1175 579 1225 lavarent
588 1190 684 1224 manus
693 1185 721 1226 et
729 1175 820 1240 pedes,
831 1185 977 1240 antequam
988 1177 1112 1226 intrarent
1121 1177 1141 1225 in
1148 1176 1195 1224 Ten·

245 1241 343 1289 torium
356 1251 514 1298 conventus,
529 1251 555 1290 et
567 1251 711 1303 antequam
724 1240 881 1291 accederent
893 1242 927 1290 ad
941 1243 1026 1290 altare
1037 1243 1070 1290 ad
1082 1242 1193 1290 ministrat·
1237 1258 1239 1275 ι

244 1306 308 1355 dum
318 1320 325 1363 ς
342 1316 370 1355 et
382 1307 478 1356 dicitur
492 1310 552 1355 “ne
563 1305 758 1364 morerentur,''
770 1317 798 1356 et
808 1307 880 1370 quod
894 1307 922 1356 id
933 1318 1008 1356 esset
1020 1308 1069 1357 illis
1080 1310 1193 1356 “statutuu

244 1371 344 1420 meruli
352 1371 366 1389 ''
377 1372 471 1432 (ΕΜ.
483 1386 545 1421 xxx.
560 1373 637 1420 18-21
648 1386 655 1429 ς
671 1386 729 1434 nep.
741 1372 777 1421 xl.
789 1384 828 1432 30,
841 1372 899 1434 31);

170 1434 203 1485 Et
216 1437 286 1499 quod
298 1437 408 1484 Aharon
422 1436 524 1485 lavaret
535 1451 643 1486 carnem
656 1451 741 1495 suam,
753 1447 896 1500 antequam
910 1437 1034 1487 indueret
1043 1447 1123 1486 vestes
1132 1435 1193 1485 niun
1235 1490 1239 1501 Ι

245 1502 303 1550 terii
316 1502 509 1562 (beniamin,
522 1505 579 1563 24):

114 1653 173 1714 per
188 1633 329 1697 “lavare
347 1654 464 1697 manus
481 1644 516 1698 et
533 1633 660 1715 pedes”
676 1631 930 1716 significabatur
946 1634 1112 1716 purificare
1126 1641 1192 1696 natu·

114 1729 219 1791 ralem
249 1729 432 1803 hominem,
462 1739 498 1793 et
528 1749 587 1810 per
617 1727 762 1792 “lavare
791 1729 954 1792 carnem’'
984 1728 1195 1812 significabatur

114 1821 286 1902 purificare
314 1823 522 1904 spiritualem
553 1823 734 1886 hominem.
789 1822 873 1886 ldeo
902 1824 1008 1887 etiam
1038 1823 1193 1887 mandatum

114 1926 187 1980 erat

170 2049 249 2113 Quod
262 2048 369 2098 Levitae
381 2047 611 2099 sandlilioarentur
622 2063 670 2112 per
681 2050 752 2113 quod
764 2060 972 2112 aspergerentur
983 2065 1053 2114 aqua
1063 2045 1192 2113 expiationis,

245 2124 272 2163 et
290 2129 336 2177 per
351 2115 422 2178 quod
440 2116 554 2164 transire
571 2115 690 2164 lacerent
708 2115 865 2164 novaculam
884 2130 966 2178 super
983 2130 1087 2165 caruem
1102 2127 1166 2168 suam,
1176 2118 1194 2158 et

245 2179 366 2229 lavarent
378 2190 466 2229 vestes
479 2194 541 2229 suas
553 2181 648 2241 (Num.
661 2180 715 2229 viii.
727 2181 751 2238 6,
764 2180 803 2241 7):

114 2312 178 2376 hoc
195 2309 319 2375 latium
335 2321 388 2375 est
406 2311 545 2387 Levitis,
563 2313 640 2394 quia
656 2313 893 2376 ministrabant
910 2324 1056 2376 externa
1070 2309 1193 2376 ecclesiae

115 2407 177 2471 sub
196 2406 358 2469 Aharone
377 2418 412 2469 et
432 2405 506 2469 filiis
526 2405 605 2486 ejus,
624 2417 659 2470 et
679 2405 865 2487 purificatio
883 2418 1100 2471 externorum
1116 2401 1192 2469 eccle·

114 2504 182 2566 siae
208 2502 526 2583 repraesentabatur
553 2521 612 2581 per
634 2502 863 2582 aspersionem
887 2521 996 2583 aquae
1019 2497 1192 2583 expiationis,

115 2617 174 2677 per
191 2597 404 2659 abrasionem
424 2595 566 2676 pilorum
586 2597 705 2670 carnis,
723 2605 758 2658 et
778 2616 837 2677 per
856 2595 1063 2660 lavationem
1077 2593 1193 2658 vestium.

115 2692 302 2763 Praeterea,
316 2685 434 2752 omnes
447 2691 501 2771 qui
514 2690 675 2752 immundi
691 2687 768 2752 laeti
783 2701 861 2753 sunt
876 2709 936 2770 per
950 2688 1075 2754 tatium
1086 2692 1193 2753 immuu-

114 2787 243 2860 dorum,
269 2785 371 2847 etiam
396 2785 555 2846 lavabant
579 2804 614 2847 se
637 2793 672 2846 et
696 2794 830 2860 vestes;
861 2794 897 2847 et
921 2784 1044 2848 dicitur
1068 2781 1142 2866 quod
1161 2775 1193 2837 sic

115 2880 231 2942 mundi
249 2877 326 2942 laeli
346 2879 466 2941 luerint
480 2877 583 2941 :—Ut

168 3021 220 3086 Qui
237 3021 411 3070 comederunt
428 3020 541 3069 cadaver
559 3021 659 3069 bestiae
676 3021 801 3078 mundae,
820 3030 865 3071 aut
882 3021 1047 3084 discerptum
1064 3007 1193 3083 (laitxlll-

246 3099 284 3146 15.
299 3088 354 3146 1⁶l;
1165 3142 1168 3151 ,

168 3153 220 3216 Qui
233 3152 349 3213 tetigerit
361 3151 448 3200 cubile
461 3150 532 3199 fluxu
544 3148 643 3206 eflecti.
657 3161 684 3200 et
695 3151 740 3214 qui
752 3151 850 3202 sederit
862 3166 944 3213 super
956 3167 1021 3201 vase
1032 3165 1107 3215 super
1117 3159 1155 3213 quo
1164 3137 1194 3189 llll

243 3219 356 3273 sederat,
371 3227 417 3265 aut
430 3217 473 3279 qui
486 3216 601 3278 tetigerit
613 3231 720 3264 carnem
733 3216 791 3279 ejus
803 3216 896 3277 (Levis.
908 3232 953 3266 xv.
967 3220 1057 3277 5-12);

167 3283 298 3348 Quodque
313 3283 442 3344 leprosus,
458 3291 598 3344 postquam
612 3282 754 3330 mundatus
766 3292 816 3338 est,
831 3283 934 3330 lavaret
946 3294 1044 3340 vestes,
1058 3283 1146 3331 raderet
1156 3280 1195 3319 ⁰⁰¹·

243 3363 305 3397 nem
319 3349 401 3410 pilum
414 3362 501 3404 suum,
515 3358 542 3395 et
554 3347 654 3395 lavaret
666 3362 695 3396 se
707 3347 782 3410 aquis
794 3347 887 3407 (Levis.
899 3348 954 3397 xiv.
968 3349 991 3406 8,
1004 3349 1044 3411 o);

168 3413 256 3464 Immo
269 3414 339 3476 quod
352 3414 411 3475 ipsa
423 3427 495 3468 vasa,
508 3427 575 3475 quae
588 3412 725 3460 immunda
738 3410 809 3460 laeta
820 3423 882 3461 sunt
895 3428 944 3474 per
953 3411 1101 3463 contadium
1112 3411 1195 3459 immun·

242 3480 346 3535 dorum,
361 3478 571 3539 transigerentur
583 3493 630 3539 per
641 3491 723 3540 aquas
736 3478 828 3538 (chv't.
840 3479 875 3527 xi.
888 3479 939 3539 32).

167 3544 288 3606 (Praeter
300 3544 398 3607 plura.)

113 3681 178 3764 Qui
202 3680 309 3744 credit
332 3677 422 3760 quod
446 3677 501 3760 qui
523 3676 676 3741 laverunt
696 3695 832 3739 carnem
854 3696 949 3738 suam
973 3686 1032 3741 aut
1056 3687 1154 3740 manus
1171 3667 1195 3721 el

112 3777 216 3859 pedes
239 3785 297 3838 aut
322 3783 435 3836 vestes
458 3771 611 3834 mundati
638 3780 673 3834 et
699 3768 900 3834 sanetificati
925 3770 1057 3845 suerint,
1074 3770 1131 3832 hoc
1149 3764 1194 3822 eit·

111 3868 286 3954 purificati,
309 3868 398 3950 quod
422 3878 475 3931 est
498 3887 542 3929 ex
567 3866 726 3947 peccatis,
748 3864 891 3928 multum
914 3865 1059 3929 fallitur:
1088 3858 1195 3944 peccata

110 3966 199 4028 enirn
220 3983 287 4026 non
305 3961 485 4024 abluuntur
502 3972 536 4025 et
553 3960 794 4042 absterguntur
810 3959 896 4022 sicut
912 3959 1030 4023 sordes
1045 3958 1137 4041 aquis,
1150 3955 1194 4009 ssec

110 4080 170 4141 per
185 4079 288 4140 aquas
302 4079 308 4134 ;
333 4058 392 4119 sed
409 4056 600 4129 abluuntur,
620 4055 684 4117 hoc
700 4064 764 4128 est,
781 4064 1010 4129 removentur,
1028 4073 1082 4135 per
1096 4039 1194 4113 veraet

110 4154 286 4236 pervitam
300 4151 484 4214 secundum
501 4149 576 4213 illa:
601 4150 751 4212 hocerat
768 4149 857 4231 quod
874 4149 984 4212 solum
997 4144 1193 4230 repraesenta·

109 4250 209 4312 batur
222 4268 280 4329 per
294 4247 481 4309 lavationes
494 4266 501 4323 ;
526 4264 604 4308 nam
616 4249 635 4276 ‘⁴
644 4265 750 4327 aquae
759 4243 774 4267 ”
784 4241 978 4325 significant
989 4265 1077 4318 vera,
1086 4250 1118 4304 et
1127 4243 1192 4296 vera,

109 4344 189 4406 dum
206 4344 328 4406 vivitur
344 4341 528 4404 secundum
545 4339 612 4415 illa,
629 4338 805 4421 purificant
821 4339 1004 4403 hominem.
1049 4330 1135 4420 Quod
1146 4337 1192 4387 tx·

109 4449 206 4503 terna
221 4437 280 4502 illa
296 4436 377 4500 nihil
393 4437 436 4499 ad
453 4433 718 4517 purificationem
735 4453 755 4497 a
770 4432 868 4496 malis
883 4442 918 4498 et
935 4433 1026 4498 falsis
1041 4420 1191 4498 conserenti
