2716 4986
205 485 285 552 1294
511 478 761 529 APOCALYPSIS
784 478 1012 528 EXPLICATA.

200 652 304 728 salsa3
328 662 363 714 et
385 672 443 733 per
463 649 685 722 “ascendere,
704 649 868 731 obtegere
888 658 1026 726 terram,
1046 649 1189 731 perdere
1207 649 1304 713 urbem

200 756 235 809 et
251 746 446 809 habitantes
462 745 495 807 in
511 743 579 818 ea,''
595 742 803 824 significatur
818 740 1004 807 destrudtio
1021 744 1188 807 ecclesiae
1203 743 1306 824 eteius

200 839 373 903 doetrinae
386 861 393 916 ;
418 838 559 902 “terra''
571 849 624 901 est
640 836 794 911 ecclesia,
809 844 828 868 “
838 838 916 901 urbs
923 837 938 862 '’
953 847 1007 901 est
1023 835 1181 902 doetrina
1196 839 1269 912 veri,
1278 847 1307 900 et

202 934 424 996 “habitantes
432 932 446 955 '¹
466 942 543 995 sunt
563 932 651 994 bona
669 930 749 1010 ejus.

255 1066 358 1116 Similia
366 1066 550 1128 significantur
561 1080 608 1127 per
619 1067 637 1088 ‘¹
645 1064 753 1114 fluvium
766 1065 884 1127 Aegypti
891 1064 907 1085 ”
918 1064 1018 1122 Nilum,
1029 1075 1057 1114 et
1069 1079 1119 1127 per
1129 1065 1259 1114 “fluvium
1268 1065 1310 1112 Ar·

330 1130 439 1194 syriae’'
455 1131 626 1192 Euphratem.
640 1130 702 1179 aiibi
717 1131 744 1179 in
759 1129 850 1179 Verbo
863 1130 901 1191 (ut
915 1130 1002 1188 Esai„
1013 1145 1072 1192 cap.
1084 1131 1131 1179 vii.
1146 1132 1186 1187 18.
1200 1144 1243 1192 ιω
1261 1144 1308 1192 etp.

330 1196 365 1245 xi.
380 1209 417 1256 ις,
432 1197 476 1244 16:
498 1196 601 1252 Euda„
613 1209 670 1257 cap.
682 1195 753 1244 xxix.
765 1207 789 1255 3.
801 1209 825 1254 4,
838 1207 860 1254 ς,
875 1207 920 1251 ιο;
943 1209 1001 1257 cap.
1014 1196 1088 1244 xxxi.
1104 1207 1149 1255 rs:
1172 1210 1230 1257 cap.
1241 1194 1309 1244 xxxii.

331 1273 361 1311 2:
380 1261 477 1311 Psalm.
489 1259 570 1308 ixxin
585 1273 622 1318 14,
636 1272 682 1320 153
702 1260 747 1309 Ps.
758 1259 858 1310 lxxviii.
870 1257 942 1320 1044:
960 1260 1046 1310 Exod.
1058 1256 1132 1310 1¹1vii.
1147 1261 1249 1321 rp-arit

256 1326 358 1375 Similia
368 1327 450 1374 etiam
463 1340 510 1387 per
525 1328 541 1348 ‘⁴
550 1325 644 1374 fluvios
658 1324 766 1375 Babelis
774 1323 788 1344 ”
800 1325 910 1385 (Psalm.
921 1325 1037 1375 cxxxvii.
1049 1322 1112 1387 i⁸¹1).

203 1457 369 1539 Quoniam
386 1477 504 1519 omnes
521 1458 730 1519 tentationes
749 1456 938 1539 spirituales
955 1455 1040 1520 fiunt
1059 1478 1121 1539 per
1140 1457 1224 1520 falsa
1239 1475 1312 1539 quae

203 1553 388 1631 irrumpunt
408 1552 440 1612 in
459 1552 688 1631 cogitationes
706 1562 741 1613 et
765 1551 926 1614 infestant
945 1561 1097 1613 mentem
1117 1552 1311 1620 interiorem,

201 1645 248 1707 ita
264 1664 322 1725 per
337 1644 511 1706 ratiocinia
526 1665 570 1706 ex
587 1644 662 1716 illis,
676 1645 754 1708 inde
771 1646 873 1707 etiam
890 1646 1102 1707 tentationes
1119 1665 1181 1726 per
1194 1652 1312 1726 “aqua-

200 1757 271 1800 rum
294 1737 560 1810 inundationes,''
579 1749 613 1800 et
638 1759 696 1819 per
716 1737 915 1800 “fluminum
935 1749 970 1801 et
990 1740 1194 1801 torrentium
1218 1741 1312 1818 irrup-

200 1831 334 1894 tiones'‘
353 1831 582 1913 significantur
594 1831 698 1895 :-Ut
717 1832 805 1913 apud
824 1832 961 1905 Jonam,

252 1967 269 1988 ‘¹
279 1965 433 2026 Projeceras
448 1979 491 2013 ine
506 1964 532 2012 in
548 1965 765 2026 profunditatem.
780 1965 808 2013 in
821 1979 869 2014 eor
880 1979 963 2028 usque
978 1965 1103 2022 marium,
1119 1975 1147 2014 et
1162 1966 1260 2015 flumen
1273 1965 1314 2012 eir·

330 2030 464 2078 eumdedir
479 2043 530 2085 me.
545 2039 572 2078 et
584 2045 680 2078 omnes
695 2026 790 2078 studius
805 2030 843 2078 tui
856 2039 883 2078 et
897 2030 985 2078 undae
999 2039 1061 2079 tuae
1075 2045 1158 2093 super
1172 2045 1216 2079 me
1230 2030 1315 2079 transi·

335 2105 430 2143 verunt
438 2094 452 2113 ”
464 2095 501 2156 (ii.
513 2108 528 2154 4
541 2091 587 2158 [B.
598 2097 633 2143 A.
646 2090 701 2157 3]);

201 2208 289 2289 apud
308 2206 481 2280 Damnem,

251 2322 514 2372 “Circumdederunt
528 2335 571 2370 me
586 2320 664 2369 iunes
678 2321 781 2379 mortis.
796 2330 825 2370 et
838 2319 950 2370 flumina
967 2319 1076 2370 Reiiaiis
1091 2330 1244 2370 terruerunt
1256 2315 1313 2368 me’‘

331 2386 386 2448 (Pa.
398 2387 470 2435 xviii.
483 2398 496 2446 5
511 2383 557 2450 [B.
566 2388 601 2435 A.
611 2382 667 2448 4]);

201 2509 290 2591 apud
310 2509 527 2584 Mamaeum,

252 2622 421 2671 “Descendit
439 2623 532 2678 imber,
549 2631 681 2670 venerunt
698 2621 817 2678 flumina,
836 2631 864 2670 et
880 2621 978 2670 flerunt
996 2623 1080 2681 venti,
1098 2632 1127 2672 et
1145 2624 1273 2671 irruerunt
1289 2621 1311 2669 in

328 2689 439 2735 domum
454 2688 543 2744 illam;
561 2697 651 2736 tamen
666 2702 720 2735 non
732 2687 835 2743 cecidit,
850 2687 961 2735 iundata
972 2688 1045 2736 enim
1060 2699 1119 2736 erat
1133 2703 1214 2751 super
1227 2683 1312 2749 petra''

329 2752 383 2812 (vii.
397 2764 436 2810 25.
449 2754 505 2811 27);

200 2876 235 2928 et
254 2866 342 2946 apud
363 2865 494 2937 Lucam,

252 2977 355 3027 “Unde
365 2979 539 3026 inundatione
551 2975 628 3036 indta,
641 2978 738 3027 illisum
748 2979 847 3027 flumen
856 2979 948 3027 domui
960 2979 1008 3035 ini,
1019 2979 1068 3028 sed
1080 2994 1136 3028 non
1147 2981 1229 3028 valuit
1237 2979 1311 3028 dimo-

330 3059 391 3091 vere
404 3059 471 3100 eam,
486 3044 614 3105 quoniam
627 3044 738 3092 fundata
749 3054 806 3092 erat
818 3058 898 3106 super
910 3054 985 3106 petra
992 3044 1007 3063 ”
1019 3046 1065 3103 (vi.
1077 3047 1118 3105 48,
1130 3046 1181 3106 49).

258 3185 419 3269 519[a].
441 3203 520 3261 [Vm.
533 3202 581 3260 11.]
604 3187 664 3248 “fr
681 3205 788 3248 nomon
808 3185 919 3247 stellae
939 3185 1053 3247 dictiue
1069 3184 1310 3248 absinthium.''—

201 3276 300 3358 Quod
317 3277 482 3359 significet
499 3299 612 3340 nerum
628 3278 768 3340 mixtum
778 3277 875 3356 salso
891 3277 981 3350 mali,
999 3288 1137 3340 constat
1155 3299 1200 3341 ex
1216 3275 1308 3359 signi·

201 3368 360 3432 ficatione
381 3369 585 3442 “nominis''
603 3370 694 3450 quod
717 3369 760 3430 sit
780 3367 879 3450 quale
898 3378 1010 3430 status
1028 3377 1064 3430 et
1083 3368 1186 3450 quale
1208 3371 1254 3431 rei
1274 3383 1308 3439 (de

199 3492 248 3536 qua
261 3493 340 3536 supra,
355 3493 378 3524 n.
398 3465 487 3541 148);
518 3483 562 3524 ex
589 3460 838 3542 significatione
867 3459 1053 3536 “stellae”
1079 3462 1134 3524 hic
1164 3461 1308 3524 “stellae

200 3575 344 3635 magnae
363 3555 512 3617 ardentis
531 3555 624 3635 quasi
647 3552 805 3634 lampas,''
823 3554 912 3635 quod
933 3553 975 3616 sit
995 3573 1111 3615 verum
1132 3553 1237 3616 Verbi
1256 3551 1308 3615 sal·

200 3648 363 3712 sificatum
376 3670 420 3710 ex
431 3668 545 3711 amore
558 3648 693 3728 proprio
705 3667 712 3721 ;
736 3657 771 3709 et
785 3668 828 3708 ex
843 3645 1090 3727 significatione
1102 3654 1121 3679 ‘⁶
1131 3643 1309 3715 absinthii.”

199 3743 288 3824 quod
317 3743 361 3805 sit
384 3762 498 3804 verum
522 3742 666 3804 mixtum
693 3740 777 3803 falso
800 3740 888 3803 mali.
933 3739 1033 3821 Quod
1059 3737 1308 3805 “absinthium''

199 3837 231 3898 id
256 3835 433 3916 significet,
452 3846 505 3898 est
524 3857 568 3898 ex
588 3835 810 3897 amaritudine
831 3834 910 3915 ejus,
930 3846 965 3897 et
988 3835 1181 3898 amaritudo
1199 3834 1308 3897 existit

199 3951 243 3991 ex
268 3929 355 3992 dulci
380 3932 489 3992 mixto
515 3929 639 3992 induici
667 3929 842 4009 opposito;
870 3928 948 3990 inde
974 3929 1006 3990 in
1031 3928 1195 4008 spirituali
1218 3946 1308 3990 sensu

200 4029 219 4055 ‘⁴
231 4025 447 4098 amaritud0,''
466 4024 572 4106 qualis
595 4034 647 4086 est
665 4023 823 4086 absinthii
847 4034 882 4086 et
904 4022 1000 4098 sellis,
1020 4034 1073 4086 est
1093 4042 1209 4086 verum
1228 4022 1306 4084 mix·

199 4127 271 4179 tum
290 4117 375 4180 salso
393 4118 482 4200 quod
502 4118 693 4199 oppositum
713 4126 765 4180 est
784 4138 875 4191 vero,
894 4117 983 4199 quod
1005 4126 1057 4179 est
1077 4116 1197 4180 salsum
1218 4115 1305 4178 mali:

200 4218 327 4291 “sapor
335 4211 350 4235 ”
368 4212 456 4273 enim
476 4220 511 4274 et
529 4218 675 4292 “gustus
683 4210 698 4235 ”
714 4209 881 4291 significat
901 4207 1113 4274 afsedtionem
1133 4210 1259 4274 sciendi
1276 4217 1305 4270 et

199 4304 368 4386 sapiendi;
392 4305 469 4367 inde
488 4305 666 4385 “sapidum
678 4304 692 4327 ”
705 4303 871 4385 significat
884 4304 1067 4384 jucundum
1084 4315 1119 4367 et
1135 4320 1303 4368 amoenum

199 4399 394 4481 sapientiae,
415 4409 450 4461 et
471 4397 689 4478 “cupediae”
708 4400 784 4479 quia
806 4398 953 4478 sapidae,
974 4418 1052 4460 vera
1073 4419 1158 4481 quae
1182 4399 1302 4479 sapien·
