2716 4986
128 463 207 543 1298
435 474 686 525 nuocntvpsm
709 475 936 526 exuerem.

124 657 221 727 petra
244 645 344 727 equi?
375 665 454 708 num
478 645 587 709 arabit
610 645 718 708 bobus
730 645 760 708 ?'’
806 646 868 709 Per
892 652 1026 729 “equos
1049 645 1227 712 currentes'¹

123 737 330 822 significatur
342 738 535 803 inteliedtus
548 740 628 814 veri,
642 750 677 803 et
694 759 753 821 per
766 741 901 804 “boves
914 741 1075 805 arantes'’
1088 741 1230 805 voluntas

123 835 211 897 boni.
247 832 347 914 Quod
361 835 393 897 id
408 836 450 898 sit
464 836 540 916 quia
553 833 812 899 falsificaverunt
826 857 906 898 vera
918 846 953 898 et
967 835 1232 899 adulteraverunt

122 927 212 990 bona
232 927 347 1002 Verbi,
368 927 574 1009 sIgnificatur
593 949 651 1010 per
672 934 777 992 “cum
798 931 1016 993 convertistis
1038 930 1072 993 in
1096 929 1140 993 sel
1158 928 1233 1011 judi·

123 1021 221 1098 cium,
235 1032 270 1085 et
286 1019 426 1085 fructum
439 1021 590 1104 justitiae
602 1023 635 1085 in
648 1022 854 1086 absinthium
867 1023 894 1100 ;'‘
918 1023 1106 1105 “judicium
1114 1024 1129 1049 ''
1140 1025 1234 1104 signi·

124 1113 200 1178 ficat
220 1135 334 1177 verum
352 1115 468 1189 Verbi,
488 1127 522 1179 et
544 1113 697 1179 “studius
712 1115 863 1196 justitiae
872 1116 887 1141 '’
905 1117 1033 1180 bonum
1052 1116 1133 1197 ejus.

185 1204 249 1288 [n]
280 1206 382 1288 Quod
403 1207 491 1269 tales
510 1206 633 1270 suerint
656 1206 713 1270 filii
734 1207 866 1289 Jacobi,
885 1208 941 1289 qui
960 1205 1042 1271 dieti
1066 1208 1235 1272 israelitae

122 1304 158 1359 et
183 1296 311 1377 Judaei‚
340 1298 490 1362 declarat
519 1299 695 1362 manifeste
727 1299 842 1363 Moses
871 1299 904 1362 in
935 1298 1092 1375 Cantico,
1119 1301 1151 1363 in
1177 1320 1237 1382 quo

123 1391 358 1455 describuntur
377 1393 427 1455 his
447 1393 568 1467 verbis,

175 1536 191 1557 “
201 1534 241 1584 De
251 1536 305 1585 vite
318 1536 454 1586 Sodomae
463 1538 526 1586 vitis
536 1553 640 1595 eorum,
651 1549 678 1587 et
690 1539 724 1587 de
736 1540 808 1600 agria
820 1538 1004 1588 Gomorrhae:
1023 1553 1093 1588 uvae
1106 1539 1165 1601 ejus
1176 1553 1237 1587 uvae

253 1600 332 1658 tellis,
345 1603 415 1650 botri
427 1603 638 1652 amaritudinum
651 1603 713 1662 illis,
726 1618 860 1652 venenum
872 1604 1020 1653 draconum
1032 1604 1128 1652 vinum
1140 1618 1236 1659 eorum,

252 1676 279 1714 et
291 1666 328 1715 iel
340 1668 463 1730 aspidum
476 1669 583 1718 crudele
591 1667 606 1687 ”
616 1667 722 1730 (Deutr.
734 1669 815 1718 xxxii.
827 1681 867 1729 32,
879 1669 936 1731 33):

123 1827 181 1887 per
195 1813 214 1839 “
224 1808 328 1871 vitem
336 1808 352 1833 ”
363 1808 571 1890 significatur
583 1810 746 1887 ecclesia;
770 1832 856 1893 quae
871 1810 993 1874 dicitur
1006 1811 1097 1893 quod
1114 1812 1158 1874 sit
1171 1816 1238 1873 “ex

122 1902 192 1965 vite
216 1901 395 1977 Sodomae,
420 1916 454 1967 et
479 1925 523 1967 ex
546 1905 637 1984 agris
660 1904 900 1980 Gomorrhae,”
923 1906 999 1988 quia
1022 1925 1084 1986 per
1107 1903 1238 1968 “Sodo-

122 1997 236 2060 mam”
255 1996 486 2078 significantur
504 2000 617 2062 omnia
636 1999 725 2062 mala
743 2000 962 2062 scaturientia
980 2020 1025 2062 ex
1048 2019 1165 2064 amore
1183 1999 1238 2074 sui,

122 2101 157 2154 et
181 2112 240 2174 per
264 2091 541 2156 “Gomorrham”
564 2093 677 2156 omnia
700 2093 784 2156 salsa
807 2094 970 2156 maiorum
994 2095 1159 2170 istorum;
1185 2113 1240 2174 per

123 2185 256 2249 “uvas''
275 2185 505 2267 significantur
529 2187 618 2250 bona
640 2187 814 2262 ecciesiae,
839 2197 874 2251 et
898 2208 957 2268 ρετ
976 2188 1148 2252 “botros''
1166 2204 1240 2250 vera

121 2280 304 2344 ecclesiae:
329 2281 419 2363 quod
438 2300 499 2361 pro
518 2281 614 2343 bonis
633 2280 796 2345 ecclesiae
815 2281 883 2344 sint
902 2281 968 2344 illis
987 2284 1138 2363 pessima
1156 2279 1239 2344 mala

121 2385 157 2439 et
180 2375 264 2438 salsa
286 2377 475 2438 commixta
497 2376 595 2449 veris,
615 2374 823 2456 significatur
846 2397 904 2457 per
924 2376 1015 2458 quod
1036 2383 1151 2440 “uvae
1174 2374 1238 2456 ejus

122 2490 205 2532 uvae
222 2469 317 2543 fellis,
331 2480 367 2531 et
384 2470 471 2532 botri
487 2470 747 2532 amaritudinum
761 2470 825 2532 illis
837 2470 863 2545 ;”
886 2490 945 2550 ρετ
959 2476 978 2502 “
988 2471 1103 2532 vinum
1112 2469 1127 2493 ”
1140 2470 1237 2550 signi·

121 2562 239 2626 ficatur
263 2583 377 2625 verum
402 2574 437 2625 et
462 2565 586 2625 bonum
610 2562 705 2640 fidei;
734 2565 824 2645 quod
850 2564 914 2627 hoc
938 2565 981 2626 sit
1005 2574 1186 2626 externum
1208 2564 1237 2624 in

120 2678 187 2740 quo
206 2657 330 2719 malum
350 2658 393 2719 ab
416 2658 576 2729 interiori,
596 2657 805 2737 significatur
828 2677 887 2738 per
906 2663 1104 2721 “venenum
1123 2658 1236 2720 draco·

121 2768 201 2810 num
217 2750 331 2810 vinum
349 2768 477 2821 eorum.
495 2759 529 2810 et
547 2746 590 2810 sel
608 2748 763 2829 aspidum
780 2746 949 2811 crudele.”
992 2765 1079 2822 (Quod
1090 2765 1149 2810 rates
1159 2764 1237 2809 nam

120 2837 160 2881 suti
171 2837 264 2897 Jacobi
274 2838 365 2880 tametsi
376 2838 441 2893 apud
454 2837 505 2880 illos
515 2837 614 2881 ecclesia
625 2835 674 2887 tuit.
684 2838 792 2882 videatur
803 2838 825 2881 in
836 2837 955 2881 Doctrina
966 2838 1050 2882 Novae
1059 2838 1236 2896 Hierosolyma.

120 2932 144 2964 n.
156 2920 218 2976 ua.)
262 2901 362 2982 Quod
384 2908 403 2933 “
417 2901 486 2963 [ε1”
504 2913 539 2963 et
561 2902 798 2964 “absinthium
808 2901 824 2925 ”
842 2900 1038 2982 significent
1058 2903 1186 2964 malum
1204 2910 1235 2963 et

120 2995 238 3057 salsum
258 2996 446 3057 commixta
466 2995 556 3056 bono
575 3003 609 3057 et
626 3015 717 3068 vero,
734 3003 870 3057 constat
886 2993 997 3057 adhuc
1016 3016 1064 3057 ex
1082 2995 1135 3058 his
1153 2992 1235 3075 apud

120 3089 245 3163 Mosen,

172 3236 188 3256 '¹
198 3233 237 3283 Ne
250 3233 284 3281 sit
296 3233 423 3282 intervos
434 3233 528 3280 viraut
540 3231 648 3290 femina,
661 3241 706 3280 aut
719 3230 820 3279 familia
828 3239 873 3279 aut
883 3231 976 3288 tribus,
988 3230 1066 3293 cujus
1079 3232 1236 3293 correspicit

250 3299 329 3346 hodie
342 3313 358 3345 a
369 3312 428 3345 cum
439 3296 559 3361 Jehovah
572 3297 630 3345 Deo
639 3308 741 3351 nostro.
753 3297 876 3345 abeundo
885 3297 919 3345 ad
932 3296 1105 3345 serviendum
1115 3297 1166 3346 diis
1177 3311 1236 3357 gen·

251 3365 325 3419 tium,
343 3378 375 3410 ne
390 3363 425 3410 sit
443 3364 573 3411 intervos
589 3363 663 3411 radix
681 3362 820 3423 proferens
836 3361 872 3410 iel
889 3373 916 3410 et
933 3362 1099 3410 absinthium
1108 3360 1122 3381 '¹
1136 3363 1232 3423 (Deutr.

250 3431 321 3477 xxix.
336 3440 365 3487 17
379 3425 424 3492 [B.
436 3430 470 3476 Α.
485 3424 554 3490 τ8]);

119 3564 172 3625 hic
189 3582 321 3645 quoque
341 3580 399 3640 ρετ
417 3559 511 3621 “sel''
527 3571 560 3622 et
580 3559 813 3621 “absinthium
821 3557 836 3582 ”
851 3556 1061 3638 significatur
1077 3560 1235 3621 commix-

119 3659 167 3720 tio
187 3657 265 3719 boni
285 3665 319 3716 et
339 3655 407 3715 veri
427 3674 502 3716 cum
523 3653 613 3716 malo
633 3664 666 3715 et
687 3653 781 3727 salso,
801 3651 891 3734 quod
911 3650 948 3714 fit
968 3654 1106 3733 quando
1124 3652 1178 3715 alii
1194 3652 1234 3714 dii

119 3750 221 3814 corde
235 3751 391 3813 coluntur
404 3769 441 3811 ac
455 3749 607 3829 Jehovah
621 3748 729 3810 solum
746 3768 803 3811 ore
816 3768 823 3824 ;
847 3758 927 3810 tunc
941 3757 1124 3810 externum
1141 3757 1235 3809 sonat

118 3847 203 3908 sicut
217 3846 340 3907 bonum
355 3856 388 3906 et
402 3853 542 3923 apparet
555 3844 640 3905 sicut
653 3862 779 3914 verum,
791 3841 850 3904 sed
865 3843 1034 3903 internum
1048 3850 1101 3903 est
1115 3841 1233 3903 malum

118 3950 153 4002 et
172 3939 311 4014 salsum;
335 3949 370 4000 et
387 3958 462 4000 cum
479 3939 637 3999 interiora
652 3946 730 3998 sunt
747 3936 837 3998 mala
852 3945 887 3998 et
905 3934 999 4007 salsa,
1017 3944 1052 3997 et
1069 3936 1234 3998 exteriora

119 4036 208 4097 bona
238 4044 273 4095 et
300 4053 389 4105 vera.
418 4043 498 4095 tunc
526 4032 726 4093 commixtio
756 4041 809 4093 est
839 4041 1068 4111 utrorumque,
1096 4038 1131 4092 et
1158 4039 1232 4091 tunc

118 4131 243 4192 bonum
263 4127 300 4190 fit
320 4126 362 4189 iel
382 4138 417 4190 et
433 4146 548 4188 verum
567 4125 604 4187 fit
621 4126 845 4187 absinthium:
870 4123 1025 4187 similiter
1041 4143 1117 4187 cum
1136 4124 1233 4186 homo

118 4224 219 4287 corde
246 4223 317 4284 odit
346 4221 537 4301 proximum
564 4231 599 4283 et
627 4229 731 4300 negat
754 4239 834 4281 vera
859 4218 1035 4291 ecclesiae,
1060 4228 1095 4281 et
1123 4228 1233 4282 tamen

118 4317 330 4379 extrinsecus
342 4324 488 4377 testatur
499 4314 698 4376 charitatem
710 4333 791 4393 erga
802 4313 1002 4392 proximum,
1013 4323 1050 4375 et
1062 4311 1232 4392 profitetur

118 4432 198 4473 vera
213 4410 397 4485 ecclesiae;
421 4419 501 4471 tunc
521 4416 573 4470 est
592 4408 624 4469 in
644 4428 685 4469 eo
703 4408 799 4470 radix
820 4406 990 4488 proferens
1009 4405 1052 4468 sel
1073 4416 1108 4470 et
1124 4405 1231 4469 absin·
