2684 4988
294 467 879 552 cae.v1.,vsns.12.-N.4oo[d].
1087 469 1148 552 865
1193 500 1203 526 ·

103 648 343 711 ·“excitabitur
368 668 454 729 gens
481 660 603 712 contra
630 660 770 730 gentem
798 661 833 714 et
860 670 1002 731 regnum
1030 663 1150 714 contra

104 740 190 803 num”
211 741 421 821 significatur
441 743 533 824 quod
557 753 784 823 pugnaturum
809 743 934 806 malurn
959 764 1035 807 curn
1059 744 1149 807 malo

104 834 185 896 ilsum
197 855 272 897 cum
284 834 388 911 salso;
406 856 464 917 per
476 842 495 867 ‘⁴
504 847 647 917 gentem
656 836 671 860 ”
682 836 889 916 significatur
901 839 1025 900 bonum
1037 837 1148 901 eccle·

122 939 152 991 et
178 929 210 990 in
239 930 401 1009 opposito
428 949 529 991 sensu
553 929 679 991 malum
703 930 783 1010 ejus,
808 951 846 992 ac
873 951 931 1012 per
956 930 1149 1012 “regnum’'

105 1021 228 1084 iticatur
238 1042 355 1084 verum
366 1021 541 1095 ccclesiae,
553 1032 589 1085 et
602 1024 635 1084 in
646 1025 805 1104 opposito
816 1044 916 1086 sensu
929 1023 1047 1086 salsum
1059 1023 1128 1103 ejus
1140 1044 1147 1084 ε

109 1123 232 1178 “erunt
257 1127 386 1197 pestes,
410 1116 516 1179 sames
540 1128 575 1181 et
599 1128 711 1180 terrae
734 1128 847 1180 motus
869 1120 903 1179 in
927 1119 1025 1181 variis
1048 1117 1149 1180 locis’'

103 1209 228 1272 ificatur
243 1211 336 1291 quod
356 1230 423 1272 non
440 1223 539 1273 erunt
557 1210 700 1292 amplius
720 1212 810 1273 bona
825 1222 860 1273 et
877 1232 956 1273 vera
971 1231 1010 1273 ac
1030 1212 1148 1291 cogni·

104 1324 132 1365 es
146 1304 225 1366 boni
242 1314 278 1367 et
296 1305 375 1376 veri,
389 1324 428 1366 ac
445 1305 493 1366 ita
508 1306 599 1385 quod
617 1303 782 1367 ecclesiae
799 1315 909 1366 status
925 1306 968 1366 sit
986 1315 1147 1378 mutatus,
1183 1371 1186 1384 Ι

104 1397 174 1459 lest
187 1404 328 1459 “terrae
342 1396 482 1460 motus.’'
513 1397 552 1458 ln
566 1398 617 1459 his
630 1398 797 1478 capitibus
809 1397 897 1478 apud
910 1395 1148 1477 Evangelistas

105 1490 258 1552 dicuntur
269 1501 381 1552 status
394 1492 576 1552 successivi
587 1490 752 1552 ecclesiae
764 1511 867 1570 usque
878 1490 920 1552 ad
931 1510 1147 1552 consumma·

104 1583 249 1663 emejus,
269 1583 330 1645 sed
351 1584 587 1646 describuntur
606 1584 653 1645 illi
674 1604 732 1665 per
751 1604 861 1646 meras
880 1583 1149 1664 corresponden-

105 1689 175 1744 (quae
185 1689 337 1746 explicantur
347 1688 371 1732 iu
382 1687 486 1733 Arcanis
499 1689 645 1741 Caelesn'bus,
655 1703 679 1734 n.
691 1689 836 1745 3353-3356,
847 1689 992 1745 3486-3489,
1003 1688 1149 1745 3650-3655,

104 1760 189 1819 l'lsrsr.
201 1766 348 1820 3897-3901.
359 1763 503 1819 ⁴0544060·
511 1776 657 1820 42²9-4231·
668 1775 812 1821 rasa-⁴³³5.
825 1760 1008 1820 [lamud-

104 1839 153 1922 ὠ]
184 1839 400 1902 Memoratur
426 1841 532 1902 etiam
561 1841 594 1901 in
624 1840 744 1902 Verbo
771 1841 862 1922 quod
892 1851 1004 1903 terrae
1034 1851 1148 1903 motus

104 1952 131 1992 rs
148 1933 190 1994 sit
210 1952 287 1994 curn
314 1931 479 1994 Dominus
503 1952 621 2013 passus
641 1943 694 1994 est
712 1952 812 2013 super
831 1951 940 2004 cruce,
961 1942 995 1993 et
1016 1952 1148 2013 quoque

121 2026 258 2106 angelus
278 2027 456 2087 descendit
477 2037 511 2088 et
528 2026 679 2088 devolvit
700 2024 846 2107 lapidem
866 2026 909 2087 ab
928 2027 1017 2088 ostio
1035 2025 1147 2106 sepul·

112 2140 118 2194 ;
139 2132 171 2181 et
190 2140 249 2200 per
266 2128 444 2200 utrumque
461 2129 571 2181 terrae
589 2130 718 2182 motum
735 2118 988 2200 significabatur
1005 2121 1148 2181 mutatio

104 2233 136 2274 us
146 2213 321 2275 ecclesiae.
366 2213 417 2274 De
434 2223 544 2275 terrae
561 2224 655 2275 motu
673 2233 748 2275 cum
768 2213 933 2275 Dominus
949 2232 1067 2293 passus
1083 2223 1146 2286 est,

104 2305 222 2387 iegitur,

109 2447 194 2498 velum
209 2450 237 2499 in
253 2449 356 2510 templo
370 2449 519 2510 disruptum
532 2457 574 2497 est
588 2449 615 2496 in
630 2449 697 2498 duas
712 2459 801 2511 partes
815 2465 832 2496 a
845 2464 953 2498 summo
967 2449 1000 2497 ad
1015 2449 1107 2508 imum,
1121 2458 1148 2498 et

154 2525 224 2563 terra
241 2525 378 2562 commota
394 2526 445 2573 est,
459 2523 485 2563 et
503 2525 594 2576 petrae
609 2515 736 2563 discissae
754 2524 824 2563 sunt.
854 2514 1045 2563 ....Centurio
1063 2524 1089 2562 et
1121 2514 1147 2563 ui

153 2595 211 2629 curn
227 2595 261 2628 eo
276 2580 459 2628 custodientes
472 2579 575 2643 Jesum,
590 2581 713 2628 videntes
728 2591 815 2628 terrae
831 2591 941 2635 motum,
956 2589 983 2628 et
995 2594 1062 2642 quae
1076 2579 1103 2627 ia
1131 2595 1148 2628 a

153 2656 223 2702 sunt,
240 2645 373 2708 perterriti
389 2655 452 2693 sunt
466 2646 552 2703 vaide,
569 2645 698 2703 dicentes,
717 2645 822 2693 Revera
837 2645 886 2694 Dei
904 2645 985 2694 Filius
1000 2654 1058 2694 erat
1073 2644 1147 2694 Hic’'

153 2712 261 2773 (Μαῖα.
271 2711 354 2758 xxvii.
368 2722 406 2769 51,
420 2713 475 2771 54):

104 2848 133 2911 de
157 2861 267 2912 terrae
295 2858 390 2911 motu
417 2849 473 2930 qui
501 2846 607 2911 sadtus
635 2844 710 2911 cum
738 2848 880 2929 angelus
908 2848 1084 2912 descendit
1112 2859 1146 2912 et

104 2942 173 3007 olvit
192 2944 341 3026 lapidem
361 2945 404 3005 ab
424 2944 514 3006 ostio
533 2943 712 3024 sepulchri,
733 2944 781 3005 ita
801 2944 934 3024 legitur,

104 3083 148 3136 {um
162 3088 260 3136 “venit
275 3085 364 3135 Maria
377 3085 541 3148 Magdalena
555 3096 582 3135 et
599 3086 685 3134 altera
700 3085 788 3135 Maria
801 3086 907 3135 visurae
925 3087 1104 3149 sepulchrum,
1121 3097 1148 3136 et

154 3168 213 3202 ecce
224 3163 311 3201 terrae
319 3161 409 3200 motus
419 3149 505 3200 tactus
515 3161 556 3200 est
566 3166 680 3213 magnus
691 3166 697 3206 ς
715 3153 827 3213 angelus
835 3154 906 3201 enim
920 3152 1028 3200 Domini
1038 3153 1148 3201 descen-

153 3219 460 3343 {liesguckaellffipcedgps
472 3217 589 3265 devolvit
602 3217 717 3279 lapidem
730 3219 764 3265 ab
777 3218 855 3274 ostio,
867 3229 893 3266 et
905 3219 975 3267 sedit
987 3233 1068 3280 super
1079 3219 1125 3266 illo
1134 3217 1147 3236 '¹

104 3421 197 3476 terrae
214 3423 328 3477 motus
343 3410 422 3475 sadti
438 3422 517 3475 sunt
534 3421 569 3474 ut
586 3413 790 3475 indicaretur
805 3413 895 3494 quod
912 3422 1022 3475 status
1038 3413 1148 3476 eccle·

116 3516 189 3569 tunc
207 3517 359 3568 mutatus
375 3505 494 3582 suetit;
519 3505 685 3567 Dominus
701 3507 789 3568 enirn
807 3527 866 3587 per
883 3506 1036 3568 ultimam
1053 3526 1146 3568 suam

104 3602 264 3674 tationem,
281 3619 382 3681 quarn
400 3600 557 3661 sustinuit
574 3600 607 3660 in
625 3599 856 3661 Gethsemane
872 3610 906 3661 et
923 3620 1022 3680 super
1038 3619 1146 3672 cruce,

104 3693 262 3766 tinserna,
283 3712 321 3754 ac
343 3693 456 3754 omnia
478 3693 521 3754 ibi
545 3702 580 3753 et
604 3693 636 3753 in
657 3692 759 3754 caelis
778 3694 811 3753 in
831 3693 947 3754 ordine
971 3693 1092 3773 posuit,
1112 3703 1147 3754 et

104 3804 158 3866 que
172 3786 366 3848 Humanum
380 3805 475 3848 suurn
489 3785 701 3866 glorificavit,
716 3785 779 3847 hoc
795 3795 858 3858 est,
874 3785 1031 3848 Divinum
1047 3785 1146 3861 secit;

104 3886 261 3942 >¹‘terrae
280 3890 393 3941 motus
416 3877 523 3941 satius
542 3878 623 3952 est,”
643 3889 677 3942 et
699 3885 843 3959 “petrae
863 3880 1022 3941 discissae
1041 3878 1148 3942 sunt.”

104 3972 281 4035 od“velum
299 3972 418 4054 templi
435 3974 623 4053 disruptum
640 3973 682 4034 sit
700 3972 732 4033 in
750 3973 833 4033 duas
850 3981 963 4053 partes
979 3993 999 4034 a
1015 3993 1147 4035 summo

104 4063 217 4141 inrum,’'
232 4065 448 4147 significabat
464 4066 554 4147 quod
577 4065 770 4127 Humanum
788 4085 883 4127 suum
902 4065 1059 4127 Divinum
1079 4066 1147 4128 iac-

104 4157 187 4236 nsit;
209 4180 287 4222 narn
312 4161 401 4222 intra
420 4159 531 4222 velum
556 4169 628 4221 erat
651 4179 729 4221 arca
752 4160 785 4220 in
804 4179 869 4240 qua
888 4158 1146 4230 Testimonium,

105 4266 149 4326 per
162 4253 434 4316 “Testimonium
444 4253 458 4276 ”
474 4251 726 4333 significabatur
743 4252 907 4314 Dominus
924 4252 1034 4332 quoad
1052 4251 1147 4314 Divi·

104 4354 126 4398 ΠΙ
137 4338 323 4406 Humanum
339 4363 437 4405 Suum
454 4360 492 4417 (ut
499 4372 609 4417 supram.
622 4358 756 4422 392[b-e],
766 4366 887 4403 ostensum
897 4358 1028 4414 videaturlt
1056 4349 1075 4374 ‘⁴
1084 4363 1143 4404 ve·

104 4427 134 4486 n”
144 4433 342 4514 significabat
356 4445 535 4497 externum
550 4434 723 4508 ecclesiae,
737 4435 827 4516 quod
843 4434 932 4515 apud
947 4433 1094 4514 Judaeos
1110 4443 1145 4497 et
