2716 4986
395 499 474 548 cae.
492 499 580 560 v111.,
598 500 702 550 vaus.
719 488 828 549 8.-n.
847 484 971 569 514[a].
1160 487 1241 566 1269

123 677 159 731 et
178 688 312 750 quoque
331 688 432 749 supra
450 668 484 730 in
502 668 716 749 Apocalypsi,

174 796 191 817 “
200 793 234 843 Et
246 793 335 842 omnis
347 803 476 850 creatura,
485 809 552 856 quae
564 804 605 843 est
617 795 643 843 in
657 795 740 852 caelo,
749 804 775 844 et
787 795 814 843 in
825 804 902 851 terra,
914 805 941 844 et
950 796 1000 844 sub
1010 805 1087 852 terra,
1099 805 1126 844 et
1135 796 1162 844 in
1173 796 1239 851 mari

253 870 406 921 quaesunt,
423 869 450 908 et
467 874 535 922 quae
553 861 578 908 in
598 860 649 909 illis
667 861 766 917 omnio,
783 861 871 909 audivi
888 861 1015 916 dicentes,
1035 861 1143 909 Sedenti
1160 876 1240 922 super

253 925 350 972 throno
363 934 389 973 et
404 924 483 985 Agno
497 923 646 973 benedictio
659 936 685 974 et
699 927 786 974 honor
797 935 824 974 et
835 925 929 988 gloria,
943 935 970 974 et
988 927 1068 973 robur
1086 926 1112 974 in
1132 927 1238 974 saecula

252 989 420 1037 saeculorum
431 989 446 1007 ’⁹
457 988 526 1052 (cap.
539 1004 563 1038 ν.
578 990 631 1051 13):

119 1130 212 1213 quod
231 1131 275 1192 ibi
295 1152 354 1212 per
372 1137 535 1195 “omnem
553 1133 766 1196 creaturam”
783 1131 1018 1214 intelligantur
1034 1142 1105 1194 tam
1125 1132 1238 1213 angeli

120 1244 222 1307 quam
247 1225 412 1298 homines,
438 1236 555 1306 patet;
584 1246 662 1287 nam
685 1227 808 1288 dicitur
830 1227 920 1307 quod
942 1227 1136 1289 “audiverit
1161 1226 1238 1288 illos

119 1316 306 1378 dicentes.”
348 1332 476 1389 (Videatur
489 1346 568 1390 supra,
580 1346 603 1377 n.
616 1317 766 1395 34²·346·
778 1334 818 1378 ubi
833 1334 873 1378 illa
886 1334 1004 1391 explicata
1017 1335 1091 1390 sunt.)

178 1414 337 1496 514[a].
366 1416 428 1478 “fr
447 1416 539 1478 tortio
557 1435 634 1495 poet
651 1416 768 1477 nonum
782 1416 1049 1497 periit.”—Quod
1068 1415 1237 1497 significet

118 1507 209 1586 quod
222 1507 322 1569 eteiem
337 1529 445 1569 omnes
461 1508 657 1588 cognitiones
675 1529 717 1570 ex
740 1506 854 1583 Verbo,
872 1519 959 1570 etex
973 1507 1134 1570 doetrinis
1150 1508 1234 1579 inde,

118 1611 257 1664 constat
282 1623 326 1663 ex
351 1601 599 1682 significatione
621 1603 773 1665 “tertiae
793 1603 928 1683 partis,’'
947 1603 1037 1684 quod
1061 1603 1104 1665 sit
1125 1622 1235 1669 omne.

119 1695 172 1758 hic
193 1716 323 1769 omnes,
344 1699 421 1778 quia
443 1698 566 1759 dicitur
589 1696 631 1759 de
654 1698 906 1778 cognitionibus
925 1699 994 1759 veri
1018 1707 1052 1759 et
1077 1698 1176 1773 boni;
1201 1706 1236 1759 et

119 1809 163 1851 ex
183 1788 432 1869 significatione
454 1790 647 1864 “navium'’
666 1791 756 1872 quod
780 1793 847 1853 sint
872 1792 1086 1871 cognitiones
1109 1791 1177 1852 veri
1202 1800 1236 1853 et

120 1881 211 1956 boni,
238 1892 311 1945 tum
335 1881 554 1959 doctrinalia3
582 1886 672 1965 quod
699 1883 855 1947 “naves'’
879 1883 937 1947 illa
960 1884 1163 1964 significent,
1184 1895 1236 1946 est

118 1978 196 2057 quia
215 1976 293 2039 illae
313 1977 421 2040 serunt
443 1999 524 2058 opes
544 1999 642 2060 super
662 1998 753 2040 mare
773 1999 833 2059 pro
853 1979 1098 2058 negotiatione,
1120 1989 1154 2040 et
1178 1999 1238 2061 per

121 2075 232 2152 “opes
241 2069 256 2093 ''
269 2072 302 2132 in
317 2071 432 2133 Verbo
444 2071 677 2153 significantur
688 2073 902 2152 cognitiones
916 2073 1033 2134 veriet
1047 2072 1136 2144 boni,
1151 2092 1237 2154 quae

120 2165 223 2226 etiarn
247 2175 325 2228 sunt
350 2162 559 2227 doctrinalia.
607 2166 668 2228 Per
689 2172 825 2228 “naves
835 2164 849 2188 ”
872 2167 905 2227 in
929 2185 1029 2227 sensu
1053 2163 1182 2239 stridlo,
1203 2167 1236 2227 in

120 2278 187 2339 quo
204 2260 384 2320 continens
401 2259 614 2339 intelligitur,
633 2257 843 2339 significatur
861 2257 1012 2321 Verbum
1030 2268 1063 2320 et
1081 2257 1236 2321 doctrina

120 2371 138 2412 e
158 2350 286 2425 Verbo,
306 2354 383 2433 quia
404 2351 554 2414 Verbum
577 2363 612 2415 et
636 2353 714 2415 inde
737 2351 892 2416 doctrina
915 2353 1093 2414 continent
1117 2354 1236 2433 cogni-

120 2444 232 2507 tiones
248 2448 316 2508 veri
336 2455 370 2508 et
391 2447 480 2520 boni,
498 2449 583 2509 sicut
602 2467 706 2509 naves
722 2448 901 2509 continent
918 2466 1022 2526 opes;
1047 2456 1081 2508 et
1100 2452 1236 2526 “nego-

122 2539 229 2612 tiari,”
253 2541 342 2621 quod
371 2542 533 2621 imprimis
557 2539 593 2604 fit
622 2562 681 2622 per
709 2561 823 2614 naves,
847 2538 1016 2621 significat
1040 2559 1236 2621 comparare

118 2633 181 2695 sibi
200 2636 415 2714 cognitiones
439 2645 473 2698 et
498 2635 573 2698 illas
596 2637 846 2698 communicare
869 2635 961 2697 aliis:
991 2645 1027 2697 at
1050 2635 1130 2696 dum
1154 2655 1235 2697 con-

118 2737 217 2789 tenta
234 2728 470 2809 intelliguntur
487 2751 547 2810 pro
563 2732 774 2801 continente,
792 2750 851 2810 per
869 2734 1001 2791 “naves
1010 2729 1024 2751 ’¹
1042 2727 1236 2809 significan·

118 2832 173 2885 tur
191 2824 405 2902 cognitiones
425 2844 469 2885 ex
491 2823 617 2894 Verbo,
636 2833 670 2885 et
690 2844 735 2885 ex
755 2820 910 2885 doctrina
925 2844 943 2885 e
961 2821 1087 2884 Verbo.
1133 2820 1234 2901 Quod

119 2916 276 2978 “naves''
296 2917 378 2978 talia
394 2916 597 2997 significent,
615 2927 773 2979 constare
791 2926 906 2998 potest
926 2937 946 2977 a
966 2916 1049 2978 locis
1069 2918 1101 2977 in
1120 2915 1236 2979 Verbo

118 3010 173 3072 ubi
194 3011 412 3072 nominantur
424 3012 526 3074 :-Ut
547 3011 635 3092 apud
655 3009 868 3084 Ezechielem,

166 3153 247 3216 Tyre,
265 3154 317 3202 “in
330 3154 409 3202 corde
423 3155 502 3202 maris
518 3154 623 3202 termini
638 3154 690 3209 tui:
709 3150 845 3202 architecti
861 3153 897 3201 tui
913 3152 1080 3214 perfecerunt
1094 3153 1237 3215 pulchritu-

249 3220 338 3267 dinem
353 3230 424 3267 tuam
436 3234 441 3276 ;
459 3234 492 3267 ex
504 3220 635 3267 abietibus
645 3234 660 3266 e
670 3219 762 3267 Senire
772 3217 945 3267 aedificarunt
958 3219 1005 3266 tibi
1015 3233 1109 3267 omnes
1121 3219 1235 3276 tabulas,

248 3286 355 3332 cedrum
368 3300 383 3332 e
397 3285 499 3332 Libano
512 3293 683 3346 sumpserunt
696 3284 729 3332 ad
742 3283 892 3331 laciendum
903 3283 1003 3330 malum
1014 3298 1061 3344 pro
1075 3292 1101 3332 te
1112 3299 1118 3340 ;
1136 3298 1237 3345 equer-

249 3352 331 3397 cubus
353 3365 367 3397 e
391 3349 528 3397 Baschane
547 3349 668 3397 facerunt
687 3363 774 3396 remos
793 3358 862 3403 tuos,
882 3356 1000 3396 asserem
1020 3359 1094 3396 tuum
1114 3349 1235 3397 iecerunt

248 3417 328 3463 ebore
339 3429 344 3471 ;
364 3415 443 3462 filiam
456 3429 596 3476 gressuum
607 3429 640 3462 ex
650 3414 744 3462 insulis
755 3413 868 3462 Kitthim
880 3430 898 3462 z.
909 3450 914 3461 .
925 3450 930 3461 .
942 3413 1117 3461 ‚habitatores
1128 3413 1235 3462 Sidonis

248 3490 274 3529 et
288 3481 387 3528 Arvadi
403 3481 510 3528 luerunt
524 3480 638 3540 remiges
654 3479 704 3527 tui:
724 3479 860 3540 sapientes
875 3478 921 3534 tui,
937 3478 1017 3539 Tyre,
1033 3477 1141 3526 luerunt
1156 3479 1182 3525 in
1198 3487 1233 3535 te,

248 3544 355 3593 luerunt
368 3547 483 3593 naucleri
497 3546 549 3594 tui:
569 3546 688 3593 seniores
701 3543 808 3592 Gebalis
820 3552 847 3591 et
859 3543 994 3604 sapientes
1007 3543 1066 3604 ejus
1083 3544 1190 3590 luerunt
1207 3542 1235 3590 in

249 3619 282 3666 te,
291 3610 480 3658 confirmantes
489 3609 610 3658 fissuram
619 3619 690 3657 tuam
701 3623 707 3665 ;
719 3623 814 3656 omnes
823 3622 906 3656 naves
915 3610 995 3656 maris
1003 3619 1029 3656 et
1038 3617 1134 3656 nautae
1143 3621 1234 3655 earum

248 3675 355 3724 luerunt
366 3677 391 3723 in
401 3685 436 3728 te.
445 3676 479 3724 ad
489 3676 679 3737 negotiandum
688 3675 897 3735 negotiationem
906 3683 977 3722 tuom
988 3690 1006 3722 :.
1017 3710 1023 3722 .
1033 3709 1039 3721 .
1050 3688 1144 3721 ‚naves
1153 3673 1237 3720 Thar-

248 3741 370 3797 schischi,
386 3750 489 3788 turmae
504 3751 564 3788 tuae
579 3741 605 3789 in
619 3748 735 3788 mercatu
748 3749 803 3795 tuo,
817 3739 888 3786 unde
900 3739 1010 3800 impleta
1022 3752 1050 3786 es
1063 3748 1089 3787 et
1103 3739 1236 3786 honorata

248 3807 325 3853 valde
337 3806 364 3853 in
377 3806 457 3854 corde
470 3804 604 3854 marium”
616 3804 708 3864 (xxvii.
719 3804 776 3863 4-6,
789 3805 812 3862 8,
824 3819 848 3865 9,
861 3803 916 3864 25):

118 3954 230 4034 agitur
249 3952 281 4013 in
301 3973 343 4014 eo
367 3952 479 4033 capite
498 3952 540 4015 de
559 3949 671 4031 Tyro:
700 3959 735 4013 et
754 3950 830 4032 quia
853 3970 912 4031 per
931 3948 1088 4030 “Tyrum
1097 3948 1112 3973 '’
1131 3949 1235 4030 signi·

118 4046 261 4110 ficantur
280 4048 497 4127 cognitiones
516 4046 584 4108 veri
608 4055 643 4108 et
667 4045 757 4118 boni,
778 4045 855 4107 ideo
879 4045 990 4125 agitur
1013 4045 1055 4107 de
1077 4046 1235 4126 negotia·

117 4143 211 4205 tione
234 4141 315 4221 ejus,
340 4151 375 4204 et
404 4142 447 4204 de
475 4142 573 4202 variis
601 4141 768 4203 mercibus
791 4139 909 4222 quibus
935 4140 1045 4201 ditata
1073 4151 1145 4215 est;
1177 4160 1237 4220 per

118 4235 442 4317 “negotiationem''
469 4236 557 4298 enim
586 4234 656 4314 ejus
683 4255 759 4297 cum
786 4235 885 4296 variis
915 4234 1091 4307 mercibus,
1117 4235 1236 4315 quibus

117 4329 228 4392 ditata
258 4338 321 4404 est,
351 4328 559 4410 significatur
586 4329 797 4409 comparatio
824 4328 1057 4408 cognitionum
1089 4326 1234 4401 illarum,

117 4432 152 4487 et
175 4423 254 4486 inde
277 4423 452 4506 opulentia
471 4423 672 4506 spiritualis,
702 4421 756 4486 hic
781 4423 894 4505 itaque
917 4421 1116 4485 describitur
1139 4423 1235 4484 navis
