2684 4988
188 446 249 519 812.
494 460 744 512 evocaturos
767 461 995 535 texentem.

230 628 291 713 [o.]
323 629 426 712 Apud
445 630 662 712 Zepham’am,

236 775 414 825 “Extendet”
432 776 552 841 Jehovah
573 780 707 826 “manum
725 792 801 827 suam
819 792 900 840 super
916 777 1143 840 septentrionem,
1165 787 1194 828 et
1214 778 1309 842 perdet

314 842 461 890 Aschurem
465 879 534 898 .....
539 853 568 891 ut
578 844 743 905 requiescant
754 844 780 891 in
791 844 879 891 medio
888 843 947 904 ejus
956 858 1063 905 greges,
1074 838 1167 892 omnis
1177 844 1236 893 iera
1243 858 1308 906 gen·

314 907 356 966 tis,
377 918 430 955 tarn
449 908 538 969 platea
555 923 634 971 quam
652 909 773 957 anataria
790 909 817 957 in
836 908 1029 970 malogranatis
1047 909 1108 970 ejus
1126 907 1305 970 pernoctent:

318 972 440 1021 ....talis
452 974 527 1021 urbs.
538 1010 544 1021 .
554 1010 560 1021 .
571 973 706 1022 babitans
719 987 827 1028 secure:
850 973 965 1021 dicendo
982 974 1010 1021 in
1028 973 1111 1022 corde
1124 988 1185 1031 suo,
1202 974 1262 1036 Ego
1277 983 1302 1022 et

314 1047 419 1099 praeter
429 1052 471 1085 me
484 1052 538 1085 non
551 1038 681 1099 amplius;
704 1040 840 1105 quomodo
852 1036 923 1087 tedia
936 1048 978 1087 est
995 1039 1023 1087 in
1036 1040 1203 1097 vastitatem,
1217 1038 1301 1088 cubile

313 1101 386 1150 ierac
394 1101 408 1121 ’'
417 1103 454 1163 (ii.
467 1100 534 1167 [13,]
550 1116 588 1164 14,
602 1104 657 1165 15):

183 1247 294 1328 agitur
311 1248 354 1310 ibi
373 1249 417 1311 de
435 1247 663 1328 intelligentia
682 1249 825 1329 propria,
844 1268 930 1330 quae
948 1247 1034 1311 salsa
1053 1259 1089 1312 et
1108 1249 1200 1312 mala
1219 1269 1295 1312 con·

183 1340 293 1403 firmat
316 1361 375 1422 per
401 1343 677 1405 ratiocinationes
704 1364 749 1404 ex
775 1342 978 1415 scientificis,
1003 1353 1038 1406 et
1067 1363 1127 1424 per
1152 1343 1297 1425 applica·

183 1435 293 1497 tiones
312 1456 356 1497 ex
376 1456 475 1497 sensu
500 1435 633 1499 litterae
652 1435 777 1498 Verbi:
810 1457 868 1518 per
888 1437 1212 1517 “septentrionem”
1229 1439 1306 1519 sig—

183 1526 335 1590 nificatur
359 1529 518 1591 naturalis
537 1541 572 1593 et
596 1529 758 1592 sensualis
777 1529 880 1592 homo
903 1549 941 1592 ac
965 1529 1189 1592 scientificum
1207 1534 1317 1613 quod

182 1622 225 1684 ibi
242 1633 304 1695 cst,
319 1631 353 1685 et
370 1643 428 1704 per
445 1630 463 1654 ‘⁶
474 1622 688 1687 Aschurem”
704 1622 911 1705 significatur
926 1624 1143 1686 ratiocinatio
1159 1645 1202 1686 ex
1218 1623 1273 1686 illo
1305 1654 1323 1711 g

182 1727 217 1778 et
241 1736 299 1797 per
321 1717 411 1798 quod
432 1719 491 1779 “in
511 1719 613 1780 corde
637 1740 697 1781 suo
715 1719 817 1791 dicat,
838 1716 915 1798 Ego
934 1728 968 1780 et
993 1731 1131 1798 praeter
1153 1739 1206 1780 me
1227 1737 1323 1790 non

182 1810 353 1892 amplius‚”
376 1809 582 1891 significatur
609 1811 836 1893 intelligentia
863 1813 1016 1894 propria:
1049 1833 1095 1874 cx
1125 1813 1175 1875 his
1200 1804 1329 1894 patet¹

182 1905 259 1986 quid
279 1904 411 1985 singula
435 1905 477 1966 ibi
501 1906 533 1966 in
554 1906 638 1968 serie
661 1904 850 1980 involvunt,
871 1925 993 1986 nempe
1013 1907 1104 1987 quod
1129 1926 1186 1986 per
1204 1912 1322 1972 “ex-

182 1999 301 2061 tendet
313 1997 464 2078 Jehovah
477 2019 611 2061 manum
624 2018 718 2061 suam
732 2019 831 2080 super
843 1998 1113 2080 septentrionem
1127 2010 1160 2061 et
1176 1998 1322 2081 perdet

181 2091 401 2166 Aschurem,'’
424 2092 629 2173 significetur
658 2093 748 2174 quod
776 2094 1009 2174 deprivaturus
1037 2095 1131 2171 omni
1160 2112 1322 2175 percep

181 2188 272 2248 tione
291 2187 420 2248 boniet
439 2184 613 2249 intellectu
633 2189 702 2250 veri
726 2187 913 2249 naturalem
937 2187 1111 2249 hominem
1136 2187 1233 2249 talem
1268 2196 1322 2248 et

180 2278 443 2343 intellectualem
467 2302 525 2342 seu
548 2283 809 2344 ratiocinantem
833 2281 931 2357 inde;
964 2301 1024 2361 per
1047 2282 1137 2362 quod
1158 2281 1323 2361 “requi-

180 2386 296 2437 escent
316 2377 348 2436 in
369 2375 479 2436 medio
498 2373 567 2453 ejus
585 2394 718 2456 greges,
736 2376 846 2437 omnis
864 2374 932 2436 iera
951 2376 1077 2454 gentis,
1095 2385 1164 2437 tam
1181 2373 1254 2456 plat
1267 2390 1324 2432 ca

180 2489 279 2551 quam
299 2469 448 2530 anataria
471 2469 502 2529 in
527 2468 770 2550 malogranatis
789 2468 859 2548 ejus
877 2465 1110 2548 pernottent,”
1128 2466 1268 2549 signifir:
1285 2484 1325 2524 a·

180 2574 233 2625 tur
260 2562 349 2644 quod
374 2562 493 2643 ubique
517 2563 560 2624 ibi
588 2574 685 2625 erunt
709 2562 791 2624 salsa
815 2562 903 2634 mali,
928 2571 962 2623 et
989 2563 1022 2623 in
1046 2561 1328 2644 cognitionibus

180 2678 223 2719 ex
244 2656 360 2718 Verbo
379 2655 460 2717 salsa
479 2657 696 2735 cogitationis
714 2666 749 2718 et
770 2656 1013 2737 perceptionis;
1046 2656 1143 2719 “iera
1160 2643 1331 2737 gentis''

179 2763 230 2814 est
254 2750 372 2812 falsum
396 2749 485 2820 mali,
507 2749 648 2831 “platea
671 2761 704 2812 et
729 2749 902 2812 anataria’'
921 2761 973 2811 est
996 2750 1117 2812 salsum
1140 2739 1333 2831 cogitati·

179 2846 252 2909 onis
280 2855 314 2908 et
342 2845 577 2925 perceptionis,
603 2853 636 2905 et
662 2843 952 2924 “malogranata'’
975 2856 1054 2906 sunt
1083 2845 1333 2924 cognitiones

179 2961 223 3002 ex
247 2939 382 3001 Verbo:
414 2958 472 3018 per
495 2937 583 3018 quod
610 2937 717 2999 “talis
741 2939 818 3000 urbs
842 2938 972 3000 habitet
997 2958 1124 3009 secure,
1149 2939 1265 2999 dicem
1301 2925 1333 2987 ἀΰ

179 3036 211 3096 in
234 3032 336 3096 corde
360 3052 430 3103 suo,
455 3030 532 3111 Ego
555 3040 589 3093 et
614 3042 746 3112 praeter
769 3052 822 3093 me
846 3051 913 3093 non
936 3031 1110 3113 amplius‚”
1128 3029 1333 3112 significa·

179 3139 232 3191 tur
254 3126 345 3209 quod
369 3124 445 3187 talis
469 3124 694 3205 intelligentia
718 3126 778 3188 sibi
802 3124 894 3196 fidat,
915 3136 949 3187 et
974 3146 1018 3186 ex
1043 3127 1176 3206 proprio
1194 3125 1333 3186 defin·

179 3233 268 3299 mat;
302 3219 429 3282 “urbs''
460 3218 626 3300 significat
656 3217 844 3283 doctrinam
878 3241 922 3282 ex
956 3219 1016 3282 tali
1049 3220 1271 3300 intelligent:
1299 3209 1333 3312 ῑῆῑ

177 3339 237 3399 per
250 3315 451 3398 “quomodo
471 3311 557 3376 saeta
576 3325 628 3376 est
649 3315 681 3375 in
700 3316 909 3386 vastitatem,
929 3313 1038 3377 cubile
1058 3314 1174 3388 serae,”
1189 3314 1282 3394 sig
1299 3319 1333 3361 ¹¹¹·

178 3413 295 3475 fleatur
311 3411 401 3493 quod
418 3412 461 3473 ibi
478 3409 558 3471 nihil
575 3410 655 3482 veri,
671 3407 730 3470 sed
748 3409 885 3489 plenum
901 3408 1001 3470 salsis.
1038 3408 1141 3490 Apud
1157 3393 1332 3471 Ezec‘li·

73 3522 76 3527 “
176 3507 265 3581 elem,

228 3652 246 3672 ‘¹
255 3649 304 3698 Dic
313 3649 346 3697 ad
357 3648 524 3696 Pharaonem
533 3661 623 3708 regem
632 3644 758 3708 Aegypti,
769 3655 795 3694 et
805 3644 838 3693 ad
847 3644 1044 3694 multitudinem
1053 3644 1112 3707 ejus
1115 3682 1184 3701 .....
1189 3632 1326 3706 ΑεσΙῙΨ

308 3714 402 3762 cedrus
421 3714 447 3760 in
467 3712 569 3760 Libano
572 3748 641 3769 .....
647 3712 701 3759 elta
712 3708 784 3758 faeta
795 3720 836 3758 est
854 3725 917 3771 prae
931 3711 1058 3760 omnibus
1070 3712 1208 3759 arboribus
1218 3709 1322 3771 affl?

313 3779 421 3827 ...sed
434 3778 559 3839 quoniam
572 3777 658 3824 elatus
671 3786 711 3823 est
729 3776 877 3832 altitudine,
891 3786 917 3822 et
929 3775 1002 3823 dedit
1016 3776 1152 3837 fastigium
1165 3783 1274 3824 suurn
1290 3774 1321 3809 ¹¹¹·

308 3854 348 3892 ter
367 3843 483 3903 implexa
485 3879 553 3899 .....
560 3842 620 3889 ideo
638 3842 795 3889 exscindent
812 3855 873 3889 eum
892 3840 980 3897 alieni,
995 3841 1106 3888 violenti
1124 3841 1284 3902 gentium.
1296 3831 1319 3871 ⁸¹

307 3909 432 3970 dejicient
440 3922 500 3954 eum
510 3921 528 3962 ;.
539 3943 544 3955 .
554 3943 560 3955 .
572 3921 662 3967 ‚super
670 3907 747 3954 ruina
755 3906 813 3965 ejus
821 3905 978 3953 habitabunt
986 3907 1075 3954 omnis
1083 3907 1141 3954 avis
1149 3902 1315 3955 caetorum·

307 3984 333 4022 et
340 3988 420 4034 super
429 3973 509 4020 ramis
517 3971 575 4033 ejus
584 3982 661 4019 erunt
671 3971 759 4018 omnis
767 3970 823 4017 iera
831 3970 888 4031 agri
897 3969 911 3988 ''
921 3971 1001 4030 (xxxi.
1013 3983 1068 4030 1-3,
1080 3968 1130 4035 [5,]
1141 3984 1178 4029 10,
1189 3982 1226 4028 12,
1255 3955 1315 4015 13l=

177 4147 234 4208 per
250 4125 333 4187 haec
348 4119 579 4202 significantur
592 4119 711 4182 similia
724 4139 809 4200 quae
823 4138 910 4180 nunc
924 4139 1022 4199 supra
1035 4140 1043 4196 ;
1067 4139 1127 4201 per
1140 4119 1310 4181 “Phasa·

176 4240 274 4284 onem
303 4236 418 4298 regem
448 4213 624 4297 Aegypti''
654 4213 760 4276 simile
790 4213 880 4295 quod
911 4233 1009 4294 supra
1038 4234 1097 4294 per
1128 4217 1308 4298 “septenj

176 4311 350 4384 trionem,'’
373 4329 495 4390 nempe
519 4309 680 4371 naturalis
704 4308 805 4370 homo
829 4318 863 4369 et
891 4305 1111 4369 scientificum
1135 4306 1221 4389 quod
1247 4293 1304 4360 ἰδ’

176 4420 249 4485 est;
283 4428 341 4488 per
370 4403 612 4467 “Aschurem’'
636 4403 852 4467 ratiocinatio
869 4423 913 4464 ex
940 4399 1020 4479 illo;
1052 4412 1087 4464 et
1116 4422 1175 4483 per
1200 4376 1304 4481 quod
