2684 4988
339 517 421 568 car.
439 517 511 578 vn,
529 517 633 567 vans.
648 518 762 584 4.-Ν.
778 503 904 588 431[b].
1101 504 1177 587 1065

102 687 237 748 renoscit
255 687 317 748 nisi
338 687 429 749 solus
446 686 619 759 DominuS,
637 707 676 750 ac
695 687 841 768 apostoli
860 708 902 750 ne
922 688 1057 770 quidem
1073 689 1179 750 vitam

102 777 173 840 rrius.
210 780 258 842 At
287 781 320 842 in
349 801 447 842 sensu
475 781 635 860 spirituali
661 802 719 862 per
748 782 952 843 “duodecim
981 781 1180 862 apostolos’'

102 870 289 951 rignificantur
308 877 421 937 omnia
440 896 518 937 vera
536 896 580 937 ex
602 877 701 948 bon0,
722 895 780 957 per
800 876 946 938 “sedere
965 896 1064 956 super
1084 877 1178 939 thro-

102 966 355 1049 tis”significatur
367 969 537 1049 judicium,
551 980 586 1032 et
604 989 662 1049 per
680 971 886 1033 “duodecim
902 970 1008 1031 tribus
1023 969 1155 1032 Israelis
1165 969 1179 992 ’⁹

102 1060 288 1140 rignilicantur
311 1083 429 1126 omnes
452 1064 507 1145 qui
530 1064 573 1125 ab
596 1063 759 1140 ecclesia;
789 1084 890 1145 quare
915 1083 973 1143 per
997 1062 1055 1125 illa
1077 1063 1180 1126 verba

102 1155 263 1234 ignificatur
282 1158 373 1238 quod
397 1158 561 1219 Dominus
581 1157 786 1238 judicaturus
810 1160 852 1220 sit
876 1179 995 1220 omnes
1016 1180 1060 1220 ex
1085 1157 1178 1220 Divi·

102 1267 126 1310 ιο
141 1249 218 1314 Vero
244 1261 278 1314 et
307 1252 490 1313 secundum
519 1253 747 1333 receptionem
775 1251 844 1332 ejus
871 1254 903 1315 in
932 1251 1032 1314 bono.
1078 1251 1178 1332 Quod

102 1340 133 1403 lla
148 1363 197 1424 per
215 1344 443 1426 “apostolos”
462 1355 496 1408 et
520 1366 579 1426 per
599 1346 733 1409 “tribus
757 1346 913 1418 Israelis'f
935 1346 1177 1428 significentur,

102 1448 162 1501 utet
177 1439 351 1502 manifeste
370 1461 415 1502 ex
433 1440 485 1502 his
503 1441 536 1502 in
553 1439 771 1521 Apocalypsi,

132 1580 192 1632 liora
205 1584 398 1646 Hierosolyma
412 1585 551 1633 “habebat
564 1599 668 1634 murum
678 1599 805 1646 magnum
818 1595 844 1633 et
856 1585 949 1641 altum,
961 1586 1104 1634 habentem
1118 1600 1178 1647 por·

188 1659 227 1698 tas
239 1650 390 1705 duodecim,
404 1659 431 1698 et
443 1665 523 1712 super
536 1651 618 1712 portis
630 1651 743 1712 angelos
754 1651 905 1708 duodecim,
919 1662 946 1700 et
959 1652 1069 1699 nomina
1080 1652 1180 1712 scripta

188 1730 253 1777 quae
269 1725 332 1763 sunt
346 1716 485 1763 duodecim
504 1716 619 1763 tribuum
635 1715 747 1763 filiorum
764 1715 871 1763 Israelis
882 1730 899 1770 ;.
910 1753 916 1764 .
926 1753 931 1765 .
943 1725 980 1764 .et
995 1730 1086 1764 murus
1100 1717 1179 1764 habe·

188 1782 232 1828 bat
243 1780 420 1829 fundamenta
428 1779 577 1835 duodecim,
590 1791 616 1829 et
629 1781 656 1829 in
668 1781 710 1830 his
720 1781 831 1829 nomina
841 1780 981 1829 duodecim
993 1782 1178 1843 apostolorum

188 1844 280 1907 Agni'’
293 1846 356 1906 (xxi.
372 1857 409 1900 12,
424 1850 480 1904 nil:

102 1998 133 2043 ier
149 1985 303 2049 “Novam
329 1985 602 2068 Hierosolymam
612 1985 627 2010 ”
651 2007 712 2050 nec
735 1986 935 2068 intelligitur
957 1987 1068 2068 aliqua
1091 2007 1180 2050 nova

102 2071 307 2160 llierosolyma,
333 2100 394 2143 nec
419 2101 477 2162 per
502 2080 683 2143 “murum'’
706 2090 741 2143 et
766 2080 933 2161 “portas”
956 2080 1025 2161 ejus
1054 2081 1178 2143 intelli·

102 2182 184 2244 {untur
211 2194 324 2236 murus
352 2186 387 2238 et
415 2186 543 2255 portae,
572 2195 634 2237 nec
666 2194 724 2255 per
752 2175 957 2237 “duodecim
988 2175 1117 2237 tribus”
1144 2185 1179 2238 et

102 2266 284 2344 'apostolos''
301 2270 479 2332 duodecim
496 2271 600 2333 tribus
616 2279 651 2332 et
667 2269 814 2350 apostoli
827 2291 841 2346 ;¹
858 2269 947 2350 quod
965 2288 1098 2349 prorsus
1114 2269 1179 2332 alia

102 2370 131 2418 ter
151 2362 276 2443 singula
305 2362 545 2444 significentur,
577 2373 672 2444 patet
701 2363 810 2426 solum
840 2384 885 2424 ex
915 2383 966 2436 eo,
997 2362 1088 2444 quod
1120 2382 1179 2444 per

102 2448 220 2519 'Novam
243 2457 517 2538 Hierosolymam
526 2458 540 2481 '’
559 2457 769 2536 intelligatur
792 2475 879 2517 nova
902 2454 1046 2517 ecclesia
1069 2456 1178 2535 quoad

102 2540 265 2629 utrinam
293 2572 396 2633 quare
421 2550 592 2632 “angeli”
613 2549 827 2630 “tribus'’let
853 2547 1050 2629 “apostoli”
1074 2550 1178 2629 signi·

102 2655 161 2708 unt
178 2646 259 2709 talia
278 2666 365 2728 quae
384 2666 491 2708 novae
510 2645 596 2707 illius
614 2644 777 2707 ecclesiae
796 2653 885 2717 sunt,
906 2664 991 2724 quae
1011 2644 1124 2704 omnia
1142 2664 1178 2706 se

102 2734 203 2802 &lerunt
219 2741 263 2802 ad
277 2759 393 2802 verum
406 2750 440 2802 et
453 2740 495 2802 ad
513 2739 648 2811 bonum,
663 2748 697 2800 et
711 2737 754 2800 ad
768 2734 1037 2816 conjundtionem
1052 2756 1178 2808 eorum,

102 2829 200 2894 lolnde
222 2833 266 2894 ad
285 2852 367 2894 Vera
389 2852 433 2893 ex
457 2831 558 2894 bono.
602 2847 661 2902 (Sed
672 2846 732 2891 haec
742 2846 887 2890 videbuntur
897 2845 1016 2902 explicata
1026 2844 1049 2888 in
1060 2845 1180 2901 sequenti-

102 2930 126 2977 Βς
138 2926 261 2972 iusumma
275 2935 356 2972 autem
368 2927 485 2983 explicata
495 2933 549 2971 sunt
564 2927 587 2970 in
599 2926 716 2983 opusculo
728 2926 765 2970 De
777 2925 894 2969 Dolirr'na
904 2926 986 2968 Novae
997 2924 1179 2981 Hierosolymam

107 3004 133 3062 1.)
168 2990 272 3072 Apud
292 2990 472 3063 Davidem,

118 3130 326 3195 “Hierosolyma
335 3131 474 3180 aedificata
482 3141 524 3180 est
533 3131 600 3180 sicut
609 3132 672 3179 urbs
680 3145 748 3193 quae
757 3130 882 3179 cohaeret
891 3130 941 3178 sibi
954 3143 1023 3183 una:
1041 3143 1074 3177 eo
1086 3142 1187 3177 ascen--

186 3198 252 3246 dunt
262 3199 354 3252 tribus.
368 3199 450 3245 tribus
460 3196 519 3260 Jah.
532 3197 715 3244 testimonium
727 3195 827 3252 Israeli,
839 3195 872 3242 ad
882 3194 1063 3243 confitendum
1074 3193 1185 3242 nomini.

187 3263 305 3327 Jehovae
314 3262 327 3281 '⁵
342 3262 397 3320 (Ps.
409 3262 486 3310 cxxii.
500 3258 550 3325 [3‚]
561 3262 602 3322 4):

102 3428 125 3474 π
141 3420 157 3446 “
167 3414 438 3494 Hierosolymam
447 3414 461 3436 '¹
477 3415 581 3476 etiam
605 3415 657 3476 hic
678 3411 884 3495 significatur
906 3410 1049 3473 ecclesia
1067 3411 1186 3491 quoad·

102 3503 255 3583 urinam,
275 3530 362 3590 quae
381 3510 502 3571 dicitur
522 3507 729 3571 “aedificata
748 3509 833 3570 sicut
857 3506 934 3568 urbs
950 3525 1035 3586 quae
1056 3503 1186 3566 cohae—

102 3608 120 3662 ·t
139 3603 193 3664 sibi
219 3603 314 3677 una,”
338 3622 412 3664 cum
435 3604 548 3664 omnia
575 3600 748 3664 doctrinae
775 3601 845 3681 ejus
872 3598 1121 3663 consentientia
1144 3607 1183 3660 etr

102 3696 214 3758 lanima
232 3707 323 3768 sunt,
343 3707 378 3758 et
402 3716 477 3758 cum
501 3707 617 3758 mutuo
642 3692 798 3775 spedlant
823 3695 1006 3757 Dominum
1027 3712 1066 3755 ac
1084 3711 1178 3754 amo·

102 3805 137 3849 tm
150 3790 177 3851 in
191 3791 303 3871 Ipsum
317 3791 360 3853 ab
378 3790 456 3870 Ipso
470 3801 506 3852 ut
523 3791 719 3870 principium
733 3799 768 3851 et
781 3787 899 3850 finem:
920 3787 1042 3849 dicitur
1060 3785 1179 3847 “aedi-

102 3891 161 3944 :ata
182 3886 264 3948 sicut
289 3885 396 3958 urbs,’'
415 3885 491 3966 quia
515 3882 645 3945 “urbs”
669 3882 837 3963 significat
861 3880 1070 3959 dodirinam3
1101 3902 1180 3944 vera

102 3970 227 4042 ottrinae
255 4000 341 4061 quae
369 3976 536 4059 spediant,
560 3975 791 4057 significantur
821 3997 879 4057 per
903 3976 1048 4048 “tribus,
1074 3976 1179 4038 tribus

102 4065 160 4144 ²h;''
187 4093 243 4152 per
262 4073 419 4135 “tribus'’
439 4069 668 4152 significantur
691 4091 780 4144 vera,
801 4081 835 4132 et
859 4090 918 4150 per
938 4058 1073 4132 “tribus
1089 4068 1179 4150 lah”

102 4175 147 4222 en
160 4186 199 4229 ex
222 4169 313 4230 bono
329 4188 413 4248 quae
432 4188 451 4228 a
471 4166 639 4240 Domino;
670 4164 779 4227 cultus
797 4165 874 4226 inde
894 4162 1101 4244 significatur
1112 4173 1179 4244 'per

102 4257 236 4324 confiteri
257 4261 383 4323 nomini
398 4257 575 4340 Jehovae.'’
620 4256 787 4339 Quoniam
805 4278 863 4339 per
881 4256 1092 4319 “Israelem’'
1109 4258 1178 4337 sig·

102 4341 209 4444 {ficitur
226 4352 370 4418 ecclesia
389 4375 473 4436 quae
496 4354 528 4415 in
548 4353 635 4415 veris
658 4372 702 4413 ex
728 4351 818 4414 bono
837 4360 899 4426 est,
919 4351 995 4413 ideo
1018 4349 1121 4412 lsrael
1144 4352 1176 4412 in

109 4441 178 4509 erbu
195 4461 336 4512 vocatur
