2684 4988
378 116 460 166 car.
478 115 538 177 v1.‚
555 116 658 167 vans.
680 117 807 166 12.-u.
822 101 957 187 401[d].
1147 106 1208 188 875

183 277 233 363 [d]
256 280 422 362 Quoniam
444 281 528 345 talia
551 304 610 364 per
631 282 928 347 “obtenebratum
950 285 1060 347 solem
1069 283 1085 308 ”
1103 285 1208 366 signi·

143 361 247 446 icantur,
258 374 332 437 ideo
348 394 427 438 cum
444 373 611 438 Dominus
628 396 727 458 super
743 379 842 439 cruce
858 376 930 449 suit,
944 377 1022 459 quia
1038 377 1082 439 ab
1097 376 1208 440 eccle·

137 459 256 548 nequae
272 477 352 532 tunc
375 468 466 550 apud
488 467 637 549 Judaeos
656 479 740 541 erat,
761 491 896 550 prorsus
915 467 1057 551 rejed'tus
1080 470 1151 542 suit,
1172 480 1207 534 et

131 551 234 624 indeiili
247 563 279 624 in
293 561 409 625 densis
427 562 577 625 tenebris
593 584 654 626 seu
670 562 763 626 salsis
779 563 924 638 fuerunt,
941 562 993 626 sol
1009 565 1208 628 obscuratus

126 662 177 730 est3
194 655 230 718 de
247 676 312 738 quo
330 656 379 718 ita
399 656 488 739 apud
507 655 640 731 Lucam,

157 797 241 847 “Hora
252 809 327 848 sexta
338 801 467 849 tenebrae
481 797 568 850 latiae
582 810 645 849 sunt
657 815 738 863 super
749 810 833 850 totam
846 811 954 858 terram,
968 816 1052 866 usque
1065 801 1100 850 ad
1113 802 1207 851 boram

219 879 325 921 nonam,
340 866 532 915 obtenebratus
545 866 616 915 euim
630 876 671 915 est
683 865 745 915 sol''
757 867 839 928 (xxiii.
851 880 892 926 44,
904 869 946 926 45)
957 883 962 916 :

108 999 163 1067 hoc
185 1003 302 1068 saftum
326 1017 380 1070 est
407 1007 599 1089 insignum
627 1017 662 1071 et
689 1008 848 1071 indicium
873 1009 962 1090 quod
990 1017 1136 1089 negatus
1162 1009 1206 1072 sit

107 1093 265 1173 Dominus,
282 1112 317 1164 et
334 1102 426 1183 quod
446 1103 525 1165 inde
544 1122 612 1165 non
629 1102 765 1184 aliquod
785 1103 911 1164 bonum
931 1113 966 1165 et
983 1123 1098 1165 verum
1115 1113 1206 1166 esset

104 1194 182 1274 apud
196 1194 268 1257 illos
284 1197 339 1277 qui
359 1197 403 1257 ab
419 1196 584 1273 ecclesia;
608 1198 721 1259 omnia
738 1199 827 1258 enim
845 1198 942 1277 signa
960 1219 978 1259 e
997 1196 1100 1259 caelis
1117 1198 1205 1278 apud

104 1286 172 1351 illos
186 1292 487 1372 repraesentabant
511 1301 546 1355 et
569 1291 808 1374 significabant
832 1290 914 1354 talia
933 1312 1018 1373 quae
1041 1291 1206 1354 ecclesiae

104 1393 184 1456 sunt,
195 1405 236 1446 ex
252 1404 353 1447 causa
366 1387 444 1467 quia
462 1386 605 1449 ecclesia
621 1386 710 1467 apud
727 1385 804 1447 illos
821 1395 894 1448 erat
911 1385 1056 1448 ecclesia
1071 1406 1205 1466 reprae-

105 1480 268 1551 sentativa,
293 1500 351 1542 seu
376 1480 560 1543 constabat
584 1501 629 1543 ex
653 1480 779 1542 talibus
806 1481 839 1542 in
867 1481 1020 1542 externis
1043 1501 1129 1562 quae
1153 1501 1205 1542 re-

107 1574 351 1648 praesentabant
368 1584 405 1637 et
421 1575 500 1637 inde
512 1573 749 1655 significabant
764 1576 896 1637 interna
909 1567 1093 1638 ecclesiae':
1116 1574 1206 1656 quod

111 1667 280 1730 “tenebrae
299 1666 409 1731 sactae
432 1668 554 1732 suerint
573 1690 673 1750 super
693 1680 802 1732 totam
824 1679 948 1732 terram
958 1669 972 1690 '⁹
991 1668 1205 1750 significabat

111 1760 185 1838 quod
210 1782 272 1825 non
297 1765 359 1831 nisi
383 1783 485 1845 quam
511 1763 595 1826 salsa
619 1764 698 1826 mali
725 1774 841 1826 essent
865 1764 954 1845 apud
981 1763 1058 1825 illos
1081 1763 1136 1844 qui
1163 1763 1207 1824 ab

113 1854 233 1918 ecclesia
261 1856 386 1938 (·‘tota
413 1857 529 1920 terra''
555 1868 608 1921 est
638 1869 713 1921 tota
740 1858 896 1929 ecclesia,
915 1854 960 1920 ¹et
990 1856 1205 1920 “tenebrae”

116 1947 279 2026 significant
296 1950 419 2032 falsa);
439 1952 528 2033 quod
546 1951 653 2015 tribus
666 1952 767 2024 horis,
783 1972 904 2032 nempe
920 1952 992 2014 “ab
1009 1951 1091 2013 hora
1104 1960 1206 2013 sexta

119 2041 302 2119 aduenam,''
315 2044 529 2126 significabat
544 2047 634 2128 quod
652 2065 780 2109 merum
797 2046 916 2108 salsum
935 2057 968 2109 et
987 2067 1120 2127 prorsus
1137 2067 1205 2110 non

122 2133 225 2217 aliquod
246 2161 374 2214 verum,
397 2140 513 2203 “tria'’
532 2142 620 2203 enim
644 2139 837 2222 significant
862 2139 1009 2222 plenum,
1035 2152 1146 2204 totum
1170 2152 1205 2205 et

123 2246 233 2308 porrus,
253 2254 292 2298 ac
314 2234 430 2298 “sex''
448 2244 484 2297 et
505 2235 681 2298 “novem”
700 2233 894 2315 significant
917 2236 1030 2297 omnia
1053 2237 1086 2297 in
1110 2255 1204 2298 com-

127 2321 209 2400 plexu,
225 2329 277 2392 hic
300 2329 386 2392 salsa
409 2339 445 2392 et
466 2328 575 2407 mala;
600 2340 635 2392 et
654 2330 814 2411 quoniam
837 2328 921 2391 salsa
944 2339 979 2392 et
1003 2329 1093 2391 mala
1116 2331 1204 2411 apud

128 2414 287 2486 illuserant
314 2426 392 2506 quia
420 2434 565 2505 negatus
592 2435 646 2487 est
674 2424 851 2497 Dominus,
876 2425 954 2487 ideo
981 2425 1114 2498 dicitur,
1141 2432 1204 2488 “et

133 2516 249 2581 tnebrae
264 2517 373 2582 fatiae
386 2529 465 2582 sunt
481 2529 517 2581 et
533 2519 777 2582 obtenebratus
795 2528 847 2580 est
863 2518 914 2580 sol
928 2517 953 2593 ;”
972 2538 1031 2598 per
1045 2523 1064 2548 “
1074 2516 1205 2579 solem”

134 2606 169 2682 qui
180 2610 361 2675 obscuratus
378 2613 581 2693 intelligitur
597 2612 774 2686 Dominus,
792 2613 847 2694 qui
866 2613 1067 2676 obscuratus
1083 2612 1206 2673 dicitur

137 2705 226 2776 qundo
240 2708 322 2770 salsa
338 2710 371 2770 in
389 2707 534 2770 ecclesia
546 2717 680 2771 tantum
694 2716 840 2787 regnant
856 2717 892 2768 ut
907 2726 974 2768 non
988 2716 1204 2787 agnoscatur,

138 2800 274 2862 uranum
287 2799 381 2861 mala
393 2810 430 2862 ut
443 2798 669 2880 crucifigatur.
707 2815 881 2871 (Quodomnia
890 2815 1083 2871 ersingulaquae
1092 2814 1116 2859 in
1126 2815 1207 2858 verbo

104 2888 107 2925 l
140 2881 248 2940 &lunone
261 2896 359 2941 Domini
374 2902 545 2948 memorantur,
558 2894 700 2953 significent,
710 2895 820 2939 videntur
833 2907 912 2952 supra,
927 2907 950 2939 n.
962 2878 1012 2955 64.
1024 2879 1074 2955 83.
1090 2891 1205 2956 195[c].)

141 2957 204 3042 lpud
216 2971 368 3047 Micltam,

171 3097 367 3170 ''lliritJehovah
376 3115 471 3154 contra
479 3104 623 3167 prophetas
632 3104 791 3153 seducentes
799 3104 949 3166 populum..
960 3140 966 3152 .
976 3141 982 3151 .
993 3102 1066 3152 .Nox
1074 3102 1123 3151 erit
1131 3103 1207 3150 vobis

224 3185 266 3232 pro
280 3173 394 3228 visione,
409 3180 436 3220 et
450 3172 576 3219 tenebrae
590 3169 709 3218 orientur
723 3171 800 3218 vobis
815 3184 863 3231 pro
876 3168 1050 3224 divinatione,
1064 3179 1091 3218 et
1105 3167 1208 3217 occidet

225 3237 260 3285 sol
270 3252 351 3300 super
363 3237 516 3299 prophetas,
531 3246 558 3284 et
569 3235 701 3296 nigrescet
713 3250 792 3296 super
805 3236 837 3283 iis
849 3235 905 3282 dies
913 3233 927 3252 ¹⁹
939 3234 984 3293 (iii.
999 3247 1021 3293 5,
1033 3235 1073 3296 6);

104 3372 106 3377 ·
143 3355 193 3430 quid
204 3360 272 3428 haec
291 3367 324 3428 in
343 3386 447 3428 sensu
463 3363 630 3446 spirituali
649 3362 857 3445 significant,
878 3363 1034 3425 videatur
1052 3383 1154 3443 supra
1173 3379 1207 3434 (n.

146 3458 225 3530 tino,
241 3460 290 3523 ubi
307 3460 487 3543 explicata
505 3468 596 3521 sunt.
639 3457 746 3540 Apud
763 3457 881 3531 Amos,

178 3591 234 3646 “Fiet
247 3600 268 3648 iu
280 3602 322 3650 die
334 3602 380 3650 illo
383 3638 454 3658 .....
459 3600 580 3649 occidere
591 3598 687 3648 inciam
705 3599 790 3647 solem
809 3598 836 3647 in
855 3598 973 3655 meridie,
987 3607 1014 3647 et
1026 3598 1208 3646 obtenebrabo

232 3673 316 3715 terram
328 3668 355 3715 in
368 3667 411 3716 die
423 3666 490 3715 lucis
498 3664 511 3684 ''
524 3665 587 3728 (viii.
599 3667 640 3728 pl:

149 3799 186 3860 l‘r
198 3788 259 3860 laec
275 3800 479 3883 significatur
494 3799 585 3882 quod
605 3799 638 3862 in
658 3798 802 3862 ecclesia
821 3798 876 3860 ubi
892 3796 1057 3868 Verbum,
1075 3816 1120 3857 ex
1140 3816 1207 3876 quo
1299 3856 1301 3863 ,

148 3880 200 3943 sciri
211 3901 302 3966 potest
316 3897 394 3978 quid
414 3895 541 3958 bonum
560 3905 596 3957 et
613 3913 739 3966 verum,
758 3913 861 3973 usque
878 3910 946 3952 non
963 3891 1007 3952 sit
1028 3890 1089 3952 nisi
1106 3908 1207 3971 quam

149 3973 237 4042 nalum
250 3998 277 4050 et
294 3990 430 4068 falsum;
456 3990 640 4054 “occidere
659 3988 770 4050 iacere
788 3986 906 4058 solem,
928 3995 962 4047 et
983 3984 1207 4047 obtenebrare

149 4073 254 4136 terran'
263 4083 418 4166 significat
432 4083 558 4148 malum
572 4085 663 4146 vitae
676 4093 712 4145 et
727 4081 847 4144 salsum
860 4077 1035 4142 doetrinae
1048 4080 1081 4140 in
1095 4077 1206 4140 eccle·
