2684 4988
384 482 668 545 car.v1.,vr·:ns.
687 482 795 550 5.-N.
813 483 884 551 373·
1131 484 1197 554 7³7

124 651 402 717 seruolumcolores
413 671 531 715 eorum
542 649 1194 735 intellectusejusper“equumrusum”

124 743 256 810 intelleiius
271 747 392 811 Verbi
412 747 609 828 deperditus
627 747 738 828 quoad
758 747 894 822 bonum,
912 758 947 810 et
965 768 1023 828 per
1040 753 1193 831 “equum

103 840 225 920 .oigron”
240 838 447 905 ἰηῖεὶἰεξὶυε
468 840 572 903 Verbi
595 841 789 922 deperditus
811 841 922 923 quoad
946 860 1073 914 verum,
1094 861 1194 922 supra

126 944 245 998 ostensum
267 944 344 998 est:
372 935 435 998 sed
459 935 536 1017 quia
558 954 660 1015 aegre
683 935 757 1016 capi
785 944 902 1017 potest
924 935 1014 1016 quod
1040 935 1194 997 “sedens

125 1045 186 1108 super
204 1028 313 1111 equis”
343 1027 517 1110 significet
544 1027 706 1102 Verbum,
733 1031 810 1110 quia
837 1050 896 1110 per
925 1035 1058 1110 “equos
1087 1028 1193 1091 rufum

124 1124 283 1204 etnigrum”
299 1122 515 1205 significatur
533 1120 726 1186 intellettus
745 1123 850 1186 Verbi
869 1124 1063 1204 deperditus
1082 1123 1194 1205 quoad

123 1216 205 1280 bonon
221 1230 253 1281 et
277 1219 393 1300 quoad
412 1237 540 1290 verum,
561 1237 663 1299 quare
686 1218 817 1280 dicetur
834 1218 1006 1300 quomodo
1028 1237 1104 1280 cum
1128 1217 1193 1280 hoc

122 1311 236 1374 sehabet
247 1311 457 1374 :-Verbum
475 1311 509 1374 in
532 1332 569 1375 se
587 1321 640 1374 est
664 1312 772 1393 ipsum
797 1311 955 1374 Divinum
976 1311 1114 1383 Verum,
1134 1309 1194 1374 sed

121 1403 268 1469 intelletius
295 1405 368 1487 ejus
395 1415 449 1468 est
476 1406 661 1468 secundum
688 1416 816 1469 statum
844 1406 989 1469 hominis
1016 1407 1071 1487 qui
1099 1404 1194 1485 legit.

123 1496 200 1562 Homo
219 1501 271 1582 qui
295 1519 366 1562 non
389 1501 423 1561 in
447 1499 538 1562 bono
561 1509 625 1574 est,
649 1499 732 1562 nihil
755 1499 834 1562 boni
857 1500 901 1561 ibi
925 1500 1131 1580 appercipit;
1159 1509 1194 1563 et

121 1590 191 1654 hono
206 1595 256 1675 qui
275 1613 344 1656 non
364 1594 397 1655 in
414 1593 503 1655 veris
519 1603 572 1656 est
592 1592 673 1655 nihil
690 1595 759 1655 veri
778 1593 822 1655 ibi
838 1593 951 1669 videt;
975 1613 1077 1675 quare
1094 1613 1196 1656 causa

121 1698 221 1750 nonest
243 1688 274 1749 in
295 1687 414 1750 Verbo
437 1686 498 1749 sed
521 1687 554 1749 in
578 1685 715 1767 legente
738 1686 830 1750 illud.
877 1687 961 1750 Inde
985 1696 1081 1769 patet
1104 1687 1195 1769 quod

121 1798 192 1860 usque
221 1781 370 1844 “sedens
404 1800 505 1862 super
537 1782 630 1863 equis
663 1779 831 1862 significet
861 1781 1023 1854 Verbum,
1055 1782 1194 1844 tametsi

124 1875 214 1955 ‘'equi''
240 1875 433 1956 significant
464 1873 675 1938 intelleetum
706 1875 811 1938 Verbi
840 1876 1053 1958 deperditum
1082 1877 1194 1958 quoad

123 1965 212 2030 bonum
229 1980 260 2032 et
279 1970 390 2052 quoad
411 1990 537 2032 verum.
583 1969 683 2050 Quod
702 1971 853 2032 “sedens
877 1991 976 2053 super
991 1991 1078 2052 equo
1094 1969 1196 2033 albo”

124 2061 248 2211 {gnificet
274 2063 439 2138 Verbum,
464 2072 603 2127 constat
633 2064 812 2128 manifeste
841 2066 875 2127 in
901 2064 1115 2146 Apocalypsi,
1140 2065 1195 2128 ubi

140 2165 217 2228 intur,

157 2294 247 2348 Vocatur
258 2315 356 2349 nornen
369 2300 491 2349 sedentis
503 2315 583 2363 super
595 2315 663 2363 equo
676 2300 723 2350 illo
738 2300 880 2350 “Verbum
894 2300 944 2350 Dei
952 2300 966 2320 ''
976 2300 1043 2364 (cap.
1053 2301 1106 2352 xlx.
1119 2300 1167 2365 13).
1194 2301 1197 2364 2

127 2431 194 2512 Quod
207 2461 255 2522 per
272 2446 467 2507 “stateram
477 2443 492 2467 ”
507 2463 565 2506 seu
584 2449 603 2476 “
615 2442 729 2507 lances
737 2444 753 2469 ”
766 2443 973 2525 significetur
989 2446 1195 2521 aestimatio,

127 2536 265 2692 {3qu
278 2537 371 2623 justa
391 2538 573 2612 ordinatio,
594 2558 680 2620 quae
698 2537 735 2601 fit
754 2558 813 2620 per
832 2559 922 2613 vera,
943 2548 1081 2603 constat
1105 2541 1193 2622 apud

150 2642 201 2688 one
253 2681 260 2705 ,

160 2755 260 2822 Allpantit
270 2765 403 2827 scriptura
415 2764 443 2812 in
454 2763 555 2826 pariete
565 2780 653 2813 coram
667 2764 841 2815 Belschazare
851 2781 913 2827 rege
925 2766 1040 2822 Babells,
1053 2782 1113 2816 cum
1123 2767 1197 2828 bibe·

215 2839 249 2877 rat
257 2845 290 2878 ex
299 2830 372 2878 vasis
383 2830 443 2879 auri
453 2839 480 2878 et
489 2830 593 2891 argenti
603 2829 709 2893 Templi
721 2830 971 2894 Hierosolymitani,
988 2836 1002 2857 ‘¹
1013 2832 1094 2881 Mene
1105 2832 1194 2890 Mene,

214 2893 319 2953 Thekel,
339 2905 366 2944 et
385 2894 525 2953 Peterin,''
537 2896 588 2944 hoc
600 2905 649 2953 est,
670 2895 832 2946 Numeratus
851 2897 1021 2955 Numeratus,
1041 2898 1194 2961 Appensua,

139 3010 143 3017 ,
215 2957 327 3009 Divisus.
366 2964 383 2983 “
394 2959 470 3008 Haec
484 2961 668 3023 interpretatio
686 2962 793 3010 illorum
806 2965 948 3010 verborum
967 2974 1023 3013 est:
1044 2963 1133 3021 Mene,
1148 2978 1197 3012 nu-

213 3027 321 3075 metavit
334 3025 409 3074 Deus
423 3040 534 3086 regnum
553 3035 627 3074 tuum
640 3036 667 3075 et
679 3027 765 3075 linivit
782 3027 863 3084 iltud;
886 3027 997 3086 Thekel,
1014 3043 1149 3090 appensus
1167 3043 1196 3078 es

213 3089 237 3136 in
254 3091 355 3139 trutina
371 3100 399 3140 et
416 3091 599 3153 deprehensus
618 3091 762 3149 deficiens3
787 3092 876 3151 Perea,
891 3093 1006 3143 divisum
1024 3105 1066 3144 est
1081 3109 1196 3157 regnum

213 3163 292 3214 tuum,
306 3166 333 3204 et
347 3157 440 3205 datum
456 3155 537 3204 Medo
551 3166 578 3205 et
594 3156 712 3206 Persae”
724 3159 760 3219 (v.
773 3160 877 3220 25-28):

124 3285 278 3363 describitur
296 3322 357 3383 per
375 3302 441 3365 hoc
462 3301 659 3366 historicum
679 3304 711 3365 in
731 3324 831 3366 sensu
852 3305 986 3367 interno
1006 3306 1196 3386 profanatio

125 3380 175 3452 boni
194 3405 223 3457 et
247 3398 328 3470 veri,
354 3417 440 3478 quae
473 3395 681 3477 significatur
707 3418 767 3480 per
791 3398 963 3476 “Babel;”
992 3400 1197 3463 Belschazar

123 3481 180 3547 enin
194 3501 258 3554 erat
278 3512 340 3554 rex
361 3493 394 3554 in
415 3491 551 3565 Babele,
573 3502 607 3554 et
628 3513 686 3572 per
707 3498 850 3573 “regem
860 3494 875 3517 ”
894 3496 927 3556 in
947 3494 1064 3557 Verbo
1083 3495 1193 3558 simile

124 3573 287 3654 significatur
306 3586 398 3667 quod
418 3607 475 3666 per
492 3587 599 3666 ipsam
615 3596 755 3666 gentem
775 3598 832 3649 aut
853 3609 912 3669 per
928 3590 1035 3668 ipsum
1052 3609 1196 3669 regnum

122 3671 155 3730 coi
171 3690 310 3755 praeest!
335 3680 526 3762 profanatio
549 3680 630 3754 boni
652 3689 687 3743 et
707 3682 776 3744 veri
800 3681 965 3745 ecclesiae
988 3682 1197 3763 significatur

122 3778 159 3838 por
171 3773 245 3850 quod
266 3774 419 3837 “biberit
438 3795 483 3837 ex
502 3776 591 3837 vasis
611 3775 681 3837 auri
699 3785 734 3837 et
754 3777 889 3856 argenti
912 3775 1048 3857 Templi
1073 3776 1196 3838 Hiero·

121 3858 284 3943 solymitani,
310 3879 346 3932 et
370 3868 469 3931 simul
498 3867 686 3931 laudaverit
713 3869 796 3932 deos
823 3872 903 3942 auri,
928 3872 1072 3951 argenti,
1097 3871 1195 3942 aeris,

122 3947 179 4029 loni,
194 3960 267 4043 ligni
290 3974 325 4026 et
350 3962 472 4045 lapidis
480 3963 495 3987 ”
514 3962 613 4045 (vers,
633 3962 693 4046 [3‚]
710 3981 733 4042 4
750 3964 831 4046 ibi);
856 3984 915 4046 per
933 3972 1041 4027 “vasa
1061 3965 1197 4046 Templi

123 4039 384 4137 Hierosolymitani
403 4077 505 4120 aurea
524 4067 559 4121 et
578 4058 766 4140 argentea'’
786 4057 995 4139 significatur
1013 4059 1141 4121 bonum
1159 4068 1196 4122 et

121 4155 202 4211 veron
227 4152 308 4215 caeli
342 4162 377 4216 et
408 4150 583 4227 ecclesiae,
615 4172 675 4234 per
705 4153 874 4215 “aurum’'
903 4154 1040 4228 bonum,
1072 4162 1107 4217 et
1138 4173 1197 4234 per

122 4237 288 4322 “argentum
297 4246 313 4271 ’⁹
334 4266 474 4324 verum;
505 4255 540 4310 et
564 4267 623 4329 per
648 4253 667 4321 ‘.‘
677 4247 814 4310 laudare
837 4248 921 4311 deos
944 4249 1024 4321 auri,
1049 4247 1194 4328 argenti,

121 4333 272 4414 aeriorem,
290 4342 372 4425 ligni
391 4352 426 4405 et
444 4340 593 4423 lapidis”
610 4340 818 4423 significatur
834 4340 946 4405 cultus
963 4341 1196 4404 idololatricus

123 4432 200 4493 onois
222 4439 357 4516 generis,
388 4438 438 4500 ita
464 4436 576 4500 cultus
606 4447 770 4500 externus
797 4437 924 4519 absque
948 4435 1018 4497 ullo
1049 4436 1195 4507 interno,
