2684 4988
108 471 172 553 948
420 486 668 538 arocsuvrsrs
691 487 917 539 rxeucarn.

160 655 283 705 “Servus
296 670 372 706 meus
382 655 471 706 David
488 658 540 713 erit
553 657 610 706 Rex
621 671 703 720 super
714 657 784 716 iilos,
797 667 829 708 nt
847 657 945 708 Pastor
956 671 1027 709 unus
1043 658 1075 708 sit
1088 657 1161 708 omnin

239 720 294 770 illis
302 720 317 740 '⁹
328 722 439 784 (xxxvii.
452 726 507 784 nal:
1002 721 1004 725 ⁴

108 852 193 917 haec
209 852 253 916 de
270 853 401 917 Davide
416 852 507 918 mita
519 863 598 918 sunt
614 863 692 937 post
709 853 797 917 illius
809 864 977 937 tempora,
991 857 1045 937 qui
1056 874 1161 937 nusquu

109 944 353 1011 resurreiiurus
375 949 439 1010 erit
463 950 619 1031 princeps
641 949 674 1011 in
695 949 809 1012 medio
830 949 964 1011 illorum
988 958 1024 1012 et
1045 969 1099 1012 rex
1114 967 1161 1028 supi

110 1039 198 1104 illos.
243 1039 346 1123 Apud
365 1040 516 1117 Esaiam,

160 1165 178 1187 ‘⁸
186 1163 329 1226 Protegam
342 1165 435 1213 urbem
448 1164 517 1214 hane
530 1165 564 1213 ad
577 1165 739 1214 servandum
752 1181 813 1214 eam
825 1176 937 1229 propter
948 1165 996 1215 Me
1009 1174 1036 1215 et
1047 1161 1161 1229 propterll

238 1229 328 1278 videm
341 1230 453 1279 Servum
466 1244 554 1279 meum
563 1229 577 1248 ''
589 1231 700 1292 (xxxvii.
713 1231 767 1292 39:

108 1339 197 1425 apud
215 1340 391 1416 Davidem,

159 1452 304 1518 ‘'¹¹¹Pepigi
317 1455 413 1523 foedus
426 1452 519 1504 Elet‘lo
529 1470 600 1512 meo.
610 1455 698 1519 juravi
711 1455 809 1505 Davidi
819 1456 905 1506 Servo
913 1471 985 1514 meo,
997 1457 1024 1505 in
1034 1466 1161 1505 aetemnnr

239 1534 291 1583 que
300 1520 413 1597 firmabo
423 1535 516 1569 semen
526 1532 602 1570 tuum
612 1536 629 1580 ;.
640 1559 646 1571 .
656 1560 662 1571 .
673 1522 776 1571 ‚inveni
791 1521 921 1570 Davidem
932 1522 1043 1571 Servum
1052 1535 1133 1574 meum.
1141 1519 1161 1566 ol

239 1582 391 1635 sanilrtaus
404 1600 480 1634 meae
492 1587 557 1636 unxi
571 1586 639 1636 Eum
646 1587 660 1606 '’
672 1586 727 1648 (Ps.
738 1587 838 1636 lxxxix.
848 1601 873 1648 a„
886 1599 910 1646 5,
922 1600 951 1635 21
964 1586 1010 1652 [B.
1019 1591 1042 1636 A
1047 1624 1052 1636 .
1064 1579 1158 1647 3,ωοῦ

108 1717 221 1798 agitur
239 1717 272 1778 in
292 1727 369 1780 toto
385 1717 444 1780 illo
464 1718 597 1800 psalmo
613 1718 655 1781 de
674 1719 833 1794 Domino,
851 1720 906 1800 qui
922 1739 983 1801 per
1002 1716 1161 1781 “Davidem

109 1811 155 1874 ibi
174 1811 383 1892 intelligitur.
429 1811 533 1895 Apud
553 1814 710 1887 eundem,

161 1947 274 2009 “Elegit
290 1946 421 1996 Davidem
435 1948 546 1997 Servum
561 1964 640 1998 suurn
643 1985 713 2005 .....
718 1963 735 1997 a
752 1957 814 2010 post
831 1945 964 1997 lailantes
981 1948 1088 1997 adduxit
1102 1957 1161 1994 euml

239 2014 403 2074 pascendum
409 2012 541 2077 Jacobum
548 2015 677 2076 populum
683 2028 770 2069 suurn.
780 2025 807 2062 et
816 2013 944 2062 lsraelem
952 2013 1161 2062 nerediutensuu

239 2078 284 2141 qui
294 2079 369 2140 pavit
381 2094 429 2127 eos
442 2078 468 2126 in
479 2078 631 2140 integritate
641 2078 729 2128 cordis
741 2079 792 2135 sui,
804 2088 831 2127 et
843 2080 870 2127 in
881 2076 1082 2127 reelitudinibus
1090 2086 1161 2125 matut

239 2152 353 2192 suarum·
361 2143 437 2192 duxit
450 2158 497 2192 eos
507 2143 520 2161 ''
533 2144 589 2204 (Ps.
601 2144 703 2194 lxxviii.
716 2144 822 2205 70-72):

112 2283 246 2355 praeter
264 2272 352 2337 alibi.
397 2271 498 2354 Quod
523 2273 688 2337 Dominus
706 2274 817 2357 quoad
838 2274 998 2336 Divinum
1017 2273 1161 2351 Verunp

111 2364 310 2427 “Davidem
320 2364 335 2387 '’
354 2366 387 2426 in
408 2365 526 2427 Verbo
544 2365 770 2446 intelligatur,
789 2366 946 2428 videatur
968 2385 1066 2446 supra
1087 2375 1161 2438 (ηοξ

112 2465 147 2520 et
170 2476 304 2539 quoque
327 2457 417 2539 quod
444 2458 477 2518 in
502 2457 567 2520 illis
594 2457 687 2520 locis.
733 2457 899 2520 Dominus
926 2458 1029 2519 etiarn
1049 2453 1161 2518 “servus

110 2552 233 2614 dicitur
263 2553 295 2613 in
326 2551 455 2627 Verbo,
490 2553 544 2615 ubi
577 2572 636 2633 per
665 2551 881 2614 “Israelem'’
910 2543 1161 2632 intelligitur:-l

111 2645 201 2726 apud
219 2644 373 2720 Esaiam,

156 2771 174 2793 “
182 2768 281 2818 Servus
294 2783 369 2817 meus
382 2769 433 2825 Tu,
449 2768 541 2827 lsrael,
557 2769 585 2818 in
602 2783 657 2832 quo
668 2768 805 2831 gloriosus
816 2769 916 2817 reddar
924 2784 942 2821 :.
953 2805 959 2817 .
969 2806 992 2818 ..
1005 2768 1064 2818 leve
1078 2775 1115 2815 ml
1126 2771 1161 2812 ut

243 2835 310 2883 Mihi
330 2834 428 2882 Servus
442 2835 476 2882 ad
493 2835 652 2896 erigendum
664 2835 748 2883 tribus
762 2833 867 2897 jacobi,
880 2845 908 2883 et
926 2844 1049 2883 servatos
1068 2828 1155 2882 Israelis

241 2900 430 2956 reducendum,
445 2899 492 2947 sed
509 2900 570 2947 dedi
585 2899 624 2947 Te
642 2900 668 2947 in
684 2899 769 2948 lucem
787 2901 922 2962 gentibus,
935 2909 965 2948 ut
977 2899 1016 2948 sis
1027 2899 1096 2947 salus
1107 2907 1153 2944 um

240 2965 439 3014 extremitatem
452 2976 539 3013 terrae
549 2964 562 2982 ”
574 2965 648 3026 (xlix.
663 2978 686 3024 3,
698 2966 732 3026 6).

111 3096 197 3155 (Quod
209 3096 328 3142 Dominus
344 3097 368 3140 in
379 3109 491 3154 supremo
506 3109 577 3141 sensu
593 3095 737 3154 intelligatur
747 3109 790 3153 per
801 3099 814 3119 '‘
823 3094 959 3148 lsraelem‚''
970 3095 1076 3140 videatur
1085 3094 1105 3138 in
1114 3091 1161 3136 Aru

113 3168 261 3218 Caelesn'bus,
273 3181 296 3211 n.
306 3169 378 3221 4286;
395 3175 417 3211 et
428 3168 494 3223 quod
502 3172 515 3188 '⁸
525 3167 597 3224 Lapis
608 3167 700 3212 Israelis
707 3167 719 3180 '¹
731 3167 760 3211 sit
772 3167 891 3211 Dominus
902 3167 985 3222 quoad
1002 3165 1109 3210 Divinum
1118 3161 1161 3204 Vel

110 3256 133 3288 n.
148 3243 279 3300 omisi.)
322 3224 493 3305 Quoniam
517 3225 685 3287 Dominus
708 3225 819 3306 quoad
843 3224 1005 3286 Divinum
1028 3222 1161 3285 Verum<

111 3318 326 3381 inserviendo
342 3318 375 3378 in
392 3316 508 3379 Verbo
524 3317 646 3379 dicitur
664 3316 845 3389 “Servus’'
861 3318 940 3378 ideo
954 3316 1003 3378 illi
1018 3317 1062 3379 ibi
1081 3322 1161 3374 “serv

110 3414 266 3476 dicuntur
282 3413 336 3493 qui
356 3413 387 3473 in
406 3411 529 3473 Divino
550 3411 641 3474 Vero
660 3432 679 3472 a
699 3411 847 3473 Domino
866 3421 945 3473 sunt
965 3430 1004 3473 ac
1024 3431 1083 3492 per
1097 3401 1161 3470 idai

111 3508 308 3580 inserviunt,
326 3507 412 3568 sicut
429 3505 626 3587 prophetae,
644 3506 677 3568 in
694 3505 746 3568 his
763 3505 844 3567 locis
856 3504 1015 3587 2-Apud
1027 3497 1161 3577 Jeremt'al

162 3637 266 3687 “Misit
278 3637 399 3702 Jehovah
415 3638 448 3686 ad
463 3652 512 3686 vos
524 3652 620 3686 omnes
632 3652 726 3687 servos
738 3652 802 3686 suos
815 3637 986 3700 prophetas”
996 3634 1092 3699 (¹¹lxxv.
1101 3635 1136 3694 ul:

110 3753 199 3836 apud
218 3753 335 3827 Amos,

243 3868 261 3894 '¹
271 3868 411 3917 Revelavit
424 3883 551 3917 areanum
565 3882 643 3917 suum
656 3868 742 3918 servis
752 3866 809 3916 suis
820 3867 960 3930 prophetis
967 3866 983 3887 '⁹
996 3867 1044 3931 (iii.
1057 3867 1093 3929 7):

110 3983 200 4065 apud
219 3981 401 4055 Danielem,

162 4100 179 4118 ¹¹
191 4096 277 4221 lietid}t
288 4110 379 4222 cogam
393 4092 500 4143 l⁸lnobis
520 4107 569 4156 per
585 4102 696 4141 manum
714 4104 854 4140 servorum
876 4104 990 4138 suorum
1014 4089 1161 4153 prophetam

109 4274 188 4338 inde
207 4295 339 4358 quoque

226 4388 317 4437 Moses
331 4397 441 4434 vocatur
456 4387 579 4434 “Servus
594 4383 736 4449 Jeltovae''
747 4382 874 4445 (Malach.
885 4382 922 4433 iii.
936 4396 968 4431 22
982 4381 1029 4448 [B.
1040 4387 1074 4432 A.
1085 4383 1116 4432 iv.
1125 4372 1161 4441 41)

224 4453 294 4502 Tum
309 4452 402 4501 Esaias
417 4453 497 4514 (apud
511 4453 594 4509 illum,
606 4466 664 4513 cap.
676 4448 745 4499 1⁴¹xx.
758 4462 786 4510 3:
805 4446 921 4511 cap.1⁶11.
937 4451 993 4512 10);
