2716 4986
191 478 272 542 1260
497 491 748 543 APOCALYPSIS
770 493 998 543 EXPLICATA.

186 681 322 739 verum;
347 661 476 745 “piscis
484 662 499 685 ”
515 673 568 726 est
588 662 822 737 scientificum,
842 669 957 746 “aqua
965 663 981 688 ”
997 672 1051 727 est
1069 681 1195 737 verum,
1214 668 1298 746 “pu-

186 756 358 819 trescere''
374 768 426 819 est
444 759 549 820 emori
564 757 677 840 quoad
693 759 800 821 vitam
816 757 1039 840 spiritualem.
1077 755 1194 820 Simile
1213 758 1298 839 quod

185 851 239 913 hic
264 851 386 913 dicitur
409 851 451 914 de
474 854 568 923 mari,
589 853 678 934 quod
700 853 832 916 “tertia
855 872 933 933 pars
955 851 1026 932 ejus
1049 848 1139 914 faita
1162 853 1206 915 sit
1225 871 1298 914 san·

185 944 289 1025 guis,''
312 955 348 1007 et
371 945 461 1027 quod
486 946 593 1008 “inde
616 955 750 1008 mortua
773 947 817 1009 sit
842 939 947 1009 tertia
969 955 1298 1028 pars·creaturarum

185 1038 295 1113 inibi,”
322 1041 427 1103 etiam
453 1040 576 1103 dicitur
602 1040 645 1102 de
672 1038 850 1122 Aegypto,
880 1041 969 1123 quod
1001 1039 1074 1120 ejus
1102 1039 1238 1114 flumen,
1265 1051 1298 1103 et

185 1152 304 1197 omnes
320 1154 427 1215 aquae
443 1131 551 1196 saitae
570 1135 639 1196 sint
657 1136 807 1215 sanguis,
824 1145 860 1198 et
879 1134 969 1217 quod
987 1135 1066 1198 inde
1086 1135 1197 1217 pisces
1213 1153 1297 1197 mor·

185 1229 235 1291 tui
252 1227 387 1302 suerint,
407 1229 495 1311 apud
514 1228 641 1301 Mosen,

240 1371 315 1423 Dixit
329 1371 422 1421 Moses
434 1373 468 1420 ad
488 1372 670 1429 Pharaonem,
685 1373 757 1436 quod
769 1388 857 1436 equae
875 1372 994 1422 fluminis
1007 1381 1179 1422 verterentur
1196 1373 1224 1422 in
1241 1386 1298 1421 sen·

314 1438 432 1498 guinem,
445 1447 472 1486 et
484 1439 557 1500 quod
569 1439 631 1487 inde
644 1439 725 1500 piscis
739 1449 896 1497 moreretur,
907 1448 934 1487 et
946 1438 1047 1488 flumen
1059 1437 1166 1496 leteret,
1177 1452 1261 1501 usque
1271 1446 1297 1485 ut

314 1503 525 1563 defatigarentur
535 1504 663 1566 Aegyptii
675 1505 768 1553 bibere
780 1519 865 1567 equas
876 1519 911 1553 ex
922 1503 1034 1552 flumine
1044 1517 1050 1561 ;
1068 1504 1142 1567 quod
1154 1504 1236 1553 etiam
1247 1503 1296 1551 lac·

314 1577 370 1616 tum
384 1578 426 1617 est
437 1583 497 1616 cum
511 1569 586 1617 omni
598 1583 668 1632 equa
680 1569 707 1617 in
722 1570 846 1632 Aegypto
858 1568 952 1631 (Exod.
963 1569 1010 1618 vii.
1025 1569 1132 1630 17-25);

183 1698 226 1760 de
244 1717 310 1779 qua
328 1718 364 1760 re
382 1698 487 1761 etiam
507 1699 595 1780 apud
616 1699 793 1773 Davidem,

234 1830 348 1880 “Vertit
366 1845 450 1954 aquas
462 1845 555 1880 eorum
574 1831 601 1880 in
620 1832 793 1894 sanguinem,
808 1841 836 1882 et
853 1832 951 1882 occidit
969 1832 1069 1895 piscem
1089 1829 1231 1883 [ῐῐροτιτιττη
1242 1831 1294 1894 (Pe

312 1910 354 1945 cr.
367 1908 398 1958 29
410 1933 416 1945 .

183 2036 284 2122 Quod
304 2041 412 2103 simile
431 2043 463 2102 in
481 2039 648 2122 Aegypto
666 2039 790 2104 fastum
810 2043 865 2114 sit,
883 2052 936 2104 est
953 2043 1030 2124 quia
1049 2063 1109 2125 per
1127 2040 1293 2123 “Aegyp

182 2134 279 2197 tum”
298 2134 506 2216 significatur
526 2135 690 2198 naturalis
714 2136 818 2199 homo
836 2137 948 2218 quoad
973 2134 1198 2199 scientificum
1217 2134 1293 2215 ejus,

182 2249 241 2291 seu
274 2228 495 2292 scientificum
530 2230 619 2310 quod
653 2230 816 2292 naturalis
850 2230 1018 2307 hominis;
1056 2251 1117 2313 per
1148 2229 1293 2293 “flumen

182 2322 338 2404 Aegypti
346 2322 361 2346 '’
380 2322 590 2403 significatur
609 2324 839 2406 intelligentia
859 2335 1058 2406 comparata
1082 2346 1142 2407 per
1161 2323 1292 2387 scienti·

181 2415 263 2493 fica;
296 2418 385 2499 quod
415 2418 567 2480 “flumen
595 2415 719 2481 sadium
748 2420 791 2482 sit
820 2418 982 2500 sanguis”
1009 2418 1181 2500 significat
1209 2418 1292 2501 quod

180 2512 238 2574 illa
257 2533 301 2574 ex
322 2513 421 2574 meris
440 2512 552 2587 falsis;
576 2523 610 2574 et
632 2513 722 2594 quod
744 2514 877 2594 “piscis
897 2523 1085 2576 moreretur
1095 2513 1110 2535 ”
1129 2511 1292 2594 significat

180 2608 270 2689 quod
294 2606 479 2668 scientifica
502 2627 581 2668 vera
607 2608 754 2688 perirent
779 2628 837 2689 per
860 2606 965 2669 salsa:
998 2606 1186 2670 scientifica
1209 2607 1291 2668 enim

179 2702 297 2762 vivunt
316 2721 373 2781 per
389 2721 478 2772 vera,
493 2711 528 2762 at
547 2711 686 2781 pereunt
706 2721 763 2782 per
778 2700 882 2777 salsa;
906 2720 1008 2763 causa
1024 2711 1089 2776 est,
1103 2704 1182 2784 quia
1198 2721 1292 2764 omne

179 2794 352 2875 spirituale
371 2814 486 2856 verum
507 2804 559 2856 est
579 2796 711 2869 vivum;
736 2795 814 2856 inde
834 2804 886 2856 est
906 2796 1016 2856 omnis
1036 2797 1119 2867 vita,
1136 2795 1191 2858 vel
1210 2797 1292 2857 sicut

179 2890 302 2959 anima,
319 2909 405 2969 quae
425 2887 617 2950 scientificis
637 2889 745 2963 inest;
769 2909 871 2970 quare
890 2888 1017 2970 absque
1034 2888 1201 2969 spirituali
1217 2908 1291 2951 vero

179 2993 231 3045 est
252 2981 473 3044 scientificum
494 2991 673 3043 mortuum.
721 2981 823 3063 Apud
843 2981 1056 3056 Ezechielem,

230 3132 247 3152 ‘⁸
257 3128 314 3191 Ego
327 3139 421 3177 contra
435 3138 461 3177 te
477 3129 592 3185 Pharao,
608 3143 656 3177 rex
670 3129 797 3191 Aegypti,
811 3139 870 3178 cete
882 3143 988 3190 magne,
1004 3130 1048 3191 qui
1061 3131 1143 3179 cubat
1160 3131 1189 3178 in
1207 3130 1290 3179 medin

309 3195 451 3243 fluviorum
465 3209 592 3251 suorum,
610 3195 654 3257 qui
669 3194 745 3250 dixit,
764 3194 841 3243 Meus
854 3194 951 3243 fluvius
963 3209 1047 3252 meus,
1062 3205 1090 3243 et
1104 3210 1157 3257 ego
1172 3196 1288 3245 ieci‘me:

309 3270 450 3322 propterea
458 3260 528 3308 dabo
538 3260 633 3307 hamos
643 3259 669 3307 in
683 3259 805 3307 maxillas
815 3268 882 3316 tuas,
894 3269 921 3307 et
930 3259 1076 3308 adhaerere
1086 3260 1185 3309 faciam
1196 3261 1289 3324 piscem

309 3326 452 3374 fluviorum
469 3335 575 3373 tuorum
594 3325 714 3386 squamis
733 3324 793 3379 tuis,
808 3335 835 3372 et
853 3325 950 3373 faciam
969 3325 1119 3373 ascendere
1133 3335 1161 3374 te
1175 3342 1191 3374 e
1205 3326 1289 3375 medio

309 3391 450 3439 fluviorum
470 3400 584 3446 tuorum,
601 3401 630 3438 ut
648 3389 737 3437 omnis
756 3390 837 3451 piscis
851 3389 992 3438 fluviorum
1008 3401 1116 3438 tuorum
1133 3392 1160 3438 in
1176 3391 1289 3454 squamis

308 3453 386 3569 guis]
400 3457 526 3510 baereat:
543 3465 570 3503 et
587 3455 770 3517 derelinquam
784 3464 810 3503 te
822 3455 850 3502 in
861 3455 979 3511 deserto,
994 3465 1020 3503 te
1032 3464 1060 3503 et
1072 3469 1183 3504 omnem
1196 3457 1289 3519 piscem

326 3522 449 3570 uviorum
462 3530 568 3569 tuorum
576 3519 590 3538 ”
602 3520 684 3580 (xxix.
696 3522 769 3579 3-5):

177 3693 236 3754 per
261 3672 525 3735 “Pharaonem'‘
548 3671 757 3753 significatur
784 3670 893 3734 simile
916 3672 1006 3754 quod
1034 3692 1094 3752 per
1120 3672 1288 3755 “Aegyp-

99 3773 104 3785 '
177 3766 279 3836 tum,’'
290 3764 398 3827 simile
411 3767 500 3827 enim
514 3787 573 3847 per
584 3765 752 3847 “regem”
763 3767 852 3847 quod
867 3786 925 3847 per
940 3772 959 3797 ‘⁴
969 3765 1163 3846 populum,”
1174 3787 1288 3849 nempe

177 3858 340 3921 naturalis
368 3859 472 3921 homo
495 3870 530 3922 et
554 3859 776 3922 scientificum
800 3859 865 3936 ibi;
897 3880 1001 3941 quare
1023 3861 1130 3923 etiam
1153 3874 1289 3924 vocatur

176 3963 272 4016 cetus
297 3972 450 4033 magnus,
472 3973 530 4034 per
551 3954 718 4017 “cetum’'
737 3954 826 4016 enim
851 3974 909 4016 seu
935 3953 1145 4018 “balaenam
1155 3955 1170 3978 ”
1189 3956 1287 4037 signi·

176 4046 295 4109 ficatur
325 4046 546 4110 scientificum
580 4048 612 4110 in
646 4049 838 4124 communi;
873 4057 909 4110 et
942 4048 1020 4111 ideo
1050 4051 1176 4113 dicitur
1204 4048 1287 4132 quod

178 4140 409 4203 “extrahetur
428 4161 446 4203 e
470 4141 634 4215 flumine,”
653 4152 688 4205 et
712 4153 793 4205 tunc
816 4142 945 4224 “piscis
968 4143 1171 4208 adhaerebit
1194 4163 1287 4226 squa-

176 4235 238 4296 mis
262 4233 362 4314 ejus‚”
386 4255 445 4315 per
467 4237 557 4317 quod
583 4235 791 4317 significatur
818 4235 907 4318 quod
935 4237 1084 4317 peritura
1112 4238 1157 4300 sit
1184 4236 1286 4301 omnis

176 4327 415 4409 intelligentia,
435 4338 471 4391 et
490 4329 580 4410 quod
600 4331 753 4404 scientia,
774 4351 860 4412 quae
879 4328 956 4392 loco
974 4328 1056 4410 ejus,
1077 4332 1142 4394 erit
1162 4332 1197 4394 in
1214 4349 1285 4394 sen·

175 4421 259 4485 suali
279 4423 415 4486 homine
434 4423 561 4505 absque
580 4425 672 4487 vita:
697 4424 730 4486 in
749 4423 896 4488 sensuali
913 4424 1063 4502 homine,
1082 4428 1141 4509 qui
1163 4437 1217 4491 est
1239 4426 1285 4489 in·
