2684 4988
108 448 179 527 946·
421 458 669 511 APOCALYPSIS
691 460 917 513 Exeucm.

239 629 364 691 gentibus
377 626 518 693 proteret}
559 630 688 694 ...Quis
700 645 795 681 caecus
808 631 859 681 nisi
872 631 973 680 Servus
982 646 1066 688 meus.
1076 640 1116 680 aut
1126 632 1171 680 surd

240 694 307 742 sicut
317 695 439 772 Angelus
449 711 525 745 meus
534 711 612 800 quem
622 697 717 746 mitto?
728 697 789 776 quis
795 711 892 745 caecus
899 698 970 746 sicut
977 708 1165 754 consummatus,

240 773 335 808 caecus
348 770 416 809 sicut
429 762 528 809 Servus
548 759 719 824 ¹1Jeh0vaer'
732 762 799 823 (xlm
812 774 835 819 1,
848 773 879 824 19
887 766 905 824 τ)

110 898 193 961 haec
225 899 267 961 de
298 898 457 971 Domino,
485 900 527 962 de
555 921 622 983 quo
651 901 685 962 in
712 910 789 964 toto
819 900 879 966 illo
908 903 1023 984 capite
1049 903 1171 984 agitur,=

111 991 277 1055 Dominus
310 994 355 1055 ibi
388 994 500 1076 quoad
535 993 695 1058 Divinum
730 992 928 1059 Humanum
963 1016 1059 1058 suum
1086 1003 1171 1057 vocat*

99 1085 294 1159 '‘¹Servus‚”
317 1088 393 1168 quia
417 1089 591 1151 inservivit
620 1088 711 1152 Patri
740 1109 801 1152 suo
828 1089 985 1152 iaciendo
1016 1090 1169 1152 voluntate

111 1181 230 1263 Ipsius,
246 1191 282 1243 ut
296 1181 419 1264 pluries
436 1182 538 1258 dicit;
558 1203 618 1265 per
629 1183 720 1266 quod
736 1183 940 1265 intelligitur
952 1185 1043 1267 quod
1060 1185 1171 1264 redegu

110 1277 224 1338 omnia
247 1277 280 1338 in
304 1270 431 1339 mundo
455 1276 621 1358 spirituali
644 1278 677 1339 in
701 1279 866 1352 ordinem,
891 1287 926 1342 et
954 1278 1051 1342 simul
1075 1279 1171 1341 docuu

111 1370 265 1433 homines
282 1372 370 1433 viam
390 1372 433 1432 ad
449 1371 592 1434 caelum.
639 1371 703 1434 Est
719 1373 834 1455 itaque
852 1372 1014 1436 Divinum
1032 1373 1169 1436 Humanu

109 1466 200 1548 quod
223 1464 425 1546 intelligitur
447 1486 507 1546 per
527 1464 697 1529 “Servum
722 1486 834 1531 meum
858 1468 890 1530 in
914 1488 1017 1549 quem
1041 1468 1171 1531 incumbo

110 1569 145 1621 et
165 1579 225 1641 per
242 1556 427 1622 “Eledtum
449 1579 561 1622 meum
580 1561 613 1623 in
633 1581 700 1643 quo
719 1560 972 1642 beneplacitum
993 1562 1093 1625 habet
1111 1562 1171 1624 auin

112 1653 215 1716 mea.’'
257 1651 409 1717 “Servus
417 1653 432 1676 ”
451 1655 574 1717 dicitur
593 1675 637 1717 ex
659 1654 783 1717 Divino
800 1654 893 1718 Vero
913 1677 973 1737 per
991 1657 1079 1738 quod
1100 1653 1171 1717 efferi

111 1758 145 1811 et
167 1745 357 1811 “Uedius''
376 1769 421 1811 ex
442 1747 566 1811 Divino
586 1748 694 1811 Bono.
740 1749 841 1830 Quod
862 1749 930 1831 Ipsi
950 1749 1050 1812 fuerit
1068 1748 1171 1811 Divinu:

111 1842 250 1915 Verum,
276 1863 335 1924 per
360 1843 450 1925 quod
474 1835 596 1916 effecit,
622 1842 825 1924 intelligitur
847 1865 906 1927 per
928 1844 1045 1906 “Dedi
1068 1843 1171 1924 Spiritu

111 1957 222 1998 meum
243 1957 342 2018 super
361 1936 472 2008 Illum,
487 1936 648 2017 judicium
664 1938 827 2018 gentibus
844 1937 992 2020 proferet
1006 1938 1032 2015 ;”
1056 1936 1171 2018 “Spiriu

109 2030 282 2112 Jehovae'’
301 2041 353 2093 est
373 2030 532 2093 Divinum
552 2030 691 2105 Verum,
712 2040 747 2094 et
769 2030 954 2112 “judicium
975 2031 1115 2113 proferre
1129 2047 1171 2111 ger

111 2126 200 2188 tibus
209 2125 223 2148 ”
246 2135 299 2187 est
322 2126 488 2188 instruere
501 2147 509 2202 ;
533 2126 623 2207 quod
647 2126 779 2188 dicatur
803 2126 977 2211 “caecus”
998 2138 1032 2189 et
1052 2124 1171 2187 “surdus

111 2229 163 2282 est
180 2221 257 2302 quia
274 2218 440 2282 Dominus
456 2231 509 2282 est
525 2221 612 2282 sicut
633 2240 701 2282 non
714 2221 829 2283 videat
848 2231 883 2283 et
903 2222 1066 2303 percipiat
1082 2224 1171 2301 percat

111 2313 305 2390 hominum;
330 2314 422 2377 ducit
442 2315 532 2377 enim
552 2314 707 2378 homines
728 2315 861 2388 leniter,
881 2335 961 2377 nam
981 2311 1082 2378 fleuit
1099 2324 1128 2375 et
1143 2329 1171 2372 nu

111 2408 247 2488 frangit,
277 2409 323 2470 sic
355 2409 557 2471 abducendo
587 2430 607 2471 a
631 2409 728 2472 malis
759 2421 794 2472 et
821 2411 978 2473 ducendo
1009 2411 1051 2473 ad
1079 2410 1171 2471 bunun

111 2522 213 2582 quare
234 2521 295 2564 nec
316 2503 465 2583 castigat
485 2513 520 2566 et
544 2504 641 2585 punit
661 2504 748 2566 sicut
772 2505 827 2585 qui
846 2504 966 2566 videns
986 2515 1038 2566 est
1061 2513 1093 2564 et
1113 2517 1169 2583 perc

112 2599 224 2678 piens;
250 2598 314 2659 hoc
334 2597 535 2677 intelligitur
551 2618 610 2679 per
628 2596 741 2677 “Quis
760 2618 881 2661 caecus
901 2599 963 2659 nisi
981 2596 1098 2661 Servus
1113 2612 1169 2657 meu

111 2702 169 2753 aut
186 2692 305 2754 surdus
318 2693 404 2753 sieut
419 2691 575 2771 Angelus
590 2712 683 2755 meus
696 2691 726 2753 ?”
772 2700 791 2722 “
801 2692 931 2756 Caecus
939 2692 953 2714 ’¹
966 2693 1085 2755 dicitur
1096 2702 1124 2752 et
1135 2684 1171 2749 ind

113 2787 279 2848 “servus”
298 2807 342 2848 ex
364 2785 487 2848 Divino
504 2784 608 2859 Vero,
626 2797 661 2848 et
683 2787 830 2849 “surdus
839 2786 853 2808 ”
870 2797 904 2848 et
922 2787 1001 2849 inde
1019 2781 1171 2865 “Angelus

111 2901 155 2942 ex
180 2880 303 2942 Divino
328 2880 435 2953 Bono,
461 2900 539 2943 nam
565 2888 715 2944 “caecus
726 2880 741 2904 '’
765 2901 801 2943 se
825 2881 926 2944 refert
949 2881 993 2942 ad
1018 2872 1171 2943 intelletlu

111 2986 145 3037 et
163 2975 240 3036 inde
254 2976 519 3055 perceptionem,
533 2994 572 3036 ae
589 2975 736 3037 “surdus
747 2974 762 2998 ’'
775 2975 817 3037 ad
832 2976 1084 3056 perceptionem
1097 2983 1125 3033 et
1136 2965 1171 3030 ini

111 3069 344 3142 voluntatem;
368 3069 412 3130 ibi
433 3069 546 3151 itaque
566 3069 655 3150 quod
675 3071 761 3132 sicut
782 3089 849 3131 non
866 3070 982 3132 videat
1003 3066 1127 3132 tametsi
1143 3061 1171 3141 lp

112 3164 270 3226 Divinum
291 3163 418 3226 Verum
438 3184 456 3226 e
476 3184 543 3246 quo
566 3163 727 3244 intelligit
747 3164 871 3236 omnia,
892 3174 927 3226 et
952 3183 1020 3226 non
1043 3158 1171 3225 seeundu

7 3338 11 3345 .
111 3259 201 3341 quod
229 3260 370 3340 percipit
394 3258 488 3332 velit,
514 3259 653 3321 tametsi
681 3258 749 3340 Ipsi
777 3257 937 3320 Divinum
965 3257 1093 3320 Bonum
1113 3275 1127 3315 e
1144 3267 1171 3331 ql

110 3354 224 3416 omnia
243 3362 369 3434 potest.
415 3351 519 3434 Apud
539 3352 696 3426 eundem,

162 3493 228 3542 “Ex
241 3495 334 3542 labore
342 3494 450 3542 animae
464 3508 530 3541 suae
542 3493 653 3550 videbit,
668 3493 838 3550 saturabitur,
851 3507 898 3553 per
909 3493 1051 3542 scientiam
1063 3502 1128 3541 sunm
1136 3484 1171 3547 just

241 3560 330 3608 fieabit
340 3560 428 3620 justus
444 3559 542 3607 Servus
553 3573 628 3607 meus
643 3559 752 3616 multos,
766 3573 799 3609 eo
811 3559 884 3621 quod
893 3558 1050 3621 iniquitates
1059 3547 1171 3610 eorumll‘

241 3625 389 3687 portaverit
398 3624 411 3643 ''
423 3625 480 3686 (liii.
495 3626 551 3685 11);

110 3758 195 3821 haec
215 3779 348 3840 quoque
371 3758 414 3820 de
439 3757 598 3829 Domin0,
618 3757 661 3818 de
684 3778 751 3837 quo
767 3757 800 3818 in
820 3765 898 3818 toto
916 3758 1031 3838 capite
1050 3749 1171 3819 manisesl

110 3855 232 3934 agitur,
248 3864 282 3914 et
296 3853 430 3933 quidem
444 3852 487 3914 de
505 3852 629 3912 Divino
644 3850 804 3913 Humano
818 3850 945 3932 Ipsius:
970 3871 1101 3932 pugnae
1115 3841 1171 3926 lpsi¹

110 3966 187 4009 cum
204 3946 339 4009 infernis
356 3956 390 4008 et
408 3945 600 4025 subjugatio
616 3965 731 4006 eorum
748 3943 957 4025 significatur
974 3966 1034 4027 per
1050 3943 1171 4005 “laboret

110 4042 243 4102 animae
258 4040 394 4122 lpsius‚”
407 4050 442 4102 et
459 4060 518 4121 per
530 4039 620 4119 quod
635 4040 858 4120 “iniquitates
871 4059 988 4102 eorum
1007 4029 1167 4120 portaverit

110 4153 169 4214 per
183 4134 408 4213 “iniquitates
422 4152 538 4194 eorum
555 4142 691 4213 portare
699 4131 713 4153 ’¹
727 4150 795 4192 non
811 4129 1014 4210 intelligitur
1030 4128 1114 4212 quod
1127 4113 1171 4186 inf

110 4227 322 4289 transtulerit
339 4248 407 4299 eaS,
425 4227 484 4289 sed
501 4226 591 4306 quod
607 4225 782 4287 admiserit
798 4225 830 4287 in
851 4221 894 4286 Se
912 4223 1002 4287 mala
1019 4244 1101 4306 quae
1114 4218 1149 4283 ab
1160 4212 1171 4273 ἰῒ

109 4321 209 4384 ternis
229 4332 265 4385 ut
285 4320 480 4402 subjugaret
500 4320 577 4395 illa;
603 4319 666 4380 hoc
688 4320 802 4400 itaque
821 4317 1024 4399 intelligitur
1044 4339 1100 4399 per
1118 4320 1171 4394 “pc

109 4427 182 4479 tare
202 4416 399 4498 iniquitates
410 4414 437 4477 :''
456 4414 601 4477 salvatio
618 4413 696 4476 inde
715 4432 831 4475 eorum
848 4412 903 4494 qui
920 4412 953 4475 in
971 4411 1039 4477 fide
1055 4410 1171 4496 spiritua
