2684 4988
111 473 190 536 1082
417 482 667 535 arocnuvrsn
690 481 916 533 anacteam.

108 663 143 718 et
167 652 261 726 fides,
286 662 320 716 et
345 673 404 734 per
429 657 593 717 “montes
602 652 617 677 ’'
640 651 885 733 intelliguntur·
900 651 988 713 bona
1008 643 1169 713 amoris:illi

108 722 163 829 qul
182 748 214 809 in
234 746 401 809 charitate
418 756 507 819 sunt,
526 757 692 810 vocantur
709 742 837 808 “electi
850 745 876 822 ;”
898 755 934 808 et
952 744 997 806 illi
1011 745 1061 826 qui
1076 744 1103 804 in
1114 739 1172 802 veris

108 861 153 903 ex
170 840 260 903 bono
277 841 411 914 amoris,
425 850 592 903 vocantur
606 846 625 871 ‘⁴
635 840 722 903 servi
734 839 760 916 ;”
778 860 883 923 quare
898 838 1018 902 dicitur
1031 844 1088 898 “ut
1101 834 1174 918 possi·

108 934 213 996 deant
233 954 309 996 eum
329 931 439 1009 electi,
459 943 496 997 et
516 934 603 997 servi
627 934 692 996 mei
715 933 874 997 habitent
896 931 968 994 ibi.''
1011 929 1103 1013 Apud
1120 926 1177 991 uze-
1228 972 1230 1001 ,

18 1071 21 1082 ·
108 1026 250 1100 chielcm,

160 1159 306 1225 “Jehudeh
319 1170 346 1209 et
358 1170 429 1209 terra
442 1159 550 1209 Israelis
561 1160 669 1210 luerunt
682 1160 863 1222 negotiatores
876 1159 913 1208 tul
930 1159 955 1207 in
968 1159 1059 1208 criticis
1069 1155 1182 1206 minnitlet

238 1227 487 1352 fffiffisst-meue'
498 1238 524 1275 et
531 1227 593 1275 oleo
599 1237 626 1275 et
633 1227 763 1284 balanum,
773 1226 904 1274 dedemnu
912 1218 1182 1287 negotiationum*

109 1414 193 1478 haec
221 1412 312 1478 dicta
339 1424 418 1478 sunt
446 1416 488 1478 de
511 1415 615 1496 Tyro,
640 1435 823 1497 perquam
851 1412 1059 1496 significatur
1079 1408 1186 1475 ecclesia

109 1509 220 1590 quoad
244 1510 459 1591 cognitiones
477 1511 545 1572 veri
569 1520 605 1573 et
628 1510 718 1582 boni,
739 1509 817 1571 inde
840 1510 945 1571 etiam
968 1529 1029 1591 per
1047 1500 1187 1586 “Tyrum''

110 1601 341 1684 significantur
353 1605 568 1685 cognitiones
580 1605 649 1666 veri
666 1613 701 1667 et
717 1604 797 1665 boni
809 1624 896 1685 quae
909 1602 1090 1677 ecclesiae;
1107 1599 1188 1680 agitur
1228 1626 1230 1631 .

110 1697 153 1759 ibi
173 1696 215 1760 de
234 1699 432 1760 mercaturis
455 1708 489 1760 et
514 1698 803 1779 negotiationibus
821 1697 903 1777 ejus,
924 1718 984 1778 per
1002 1716 1082 1778 quas
1097 1691 1189 1757 descri-

110 1791 199 1854 bitur
210 1792 383 1873 quomodo
397 1793 613 1873 cognitiones
629 1793 706 1856 illae
722 1802 973 1873 comparantur,
989 1791 1042 1853 hic
1057 1803 1187 1871 quaenam
1215 1822 1222 1833 ·

110 1897 350 1966 comparantur
368 1907 412 1949 ex
434 1886 567 1967 Jehuda
589 1897 624 1949 et
647 1907 693 1949 ex
716 1897 806 1949 terra
830 1885 984 1962 Israelis;
1010 1896 1045 1947 et
1066 1884 1133 1966 quia
1149 1897 1189 1961 per

113 1979 328 2060 “jehudam”
347 1979 555 2061 significatur
573 1981 698 2043 bonum
717 1981 852 2054 amoris,
873 1990 908 2042 et
933 2000 992 2061 per
1012 1970 1189 2041 “Israelem''

110 2092 225 2136 verum
247 2094 291 2136 ex
315 2073 373 2137 illo
396 2075 497 2148 bon0,
518 2075 595 2138 ideo
614 2074 771 2137 dicuntur
790 2075 1045 2155 negotiationes
1062 2071 1123 2152 ejus
1137 2086 1188 2131 csse

113 2168 175 2229 “in
192 2168 312 2230 triticis
330 2169 474 2231 minnith
492 2179 527 2231 et
547 2188 695 2249 pannag,
712 2177 747 2232 et
767 2169 800 2229 in
818 2167 919 2230 melle
936 2178 971 2230 et
990 2169 1023 2229 in
1044 2166 1113 2228 oleo
1128 2159 1188 2226 etin

112 2261 294 2334 balsamo,”
305 2263 382 2343 quia
395 2283 454 2343 per
465 2269 485 2294 ⁴⁶
495 2263 608 2325 tritica
621 2263 766 2325 minnith
778 2272 813 2325 et
827 2261 986 2344 pannag’'
998 2258 1189 2343 significantur

111 2376 190 2418 vera
213 2367 248 2419 et
271 2357 361 2419 bona
384 2355 550 2419 ecclesiae
573 2357 683 2419 omnis
707 2357 851 2437 generis
877 2377 936 2438 per
959 2354 1078 2419 “mel''
1097 2355 1189 2415 bonurn

112 2451 235 2512 amoris
255 2450 452 2513 innaturali
474 2450 621 2524 homine,
642 2470 701 2533 per
721 2449 864 2513 “oleum
873 2450 887 2473 ”
906 2451 1033 2512 bonum
1052 2447 1155 2512 amoris
1167 2443 1189 2502 in

112 2546 275 2626 spirituali
299 2545 446 2617 homine,
467 2556 502 2609 et
526 2566 585 2628 per
605 2545 822 2608 “balsamum
833 2544 847 2569 ’'
865 2566 946 2608 vera
964 2566 1050 2626 quae
1069 2564 1108 2606 ex
1127 2541 1190 2602 bono

112 2644 212 2714 grata
230 2645 321 2695 Sunt.
357 2651 484 2706 (Videatur
494 2664 572 2708 supra.
582 2664 606 2696 n.
618 2649 740 2713 375‚ubi
751 2651 810 2694 haec
821 2650 925 2707 amplius
935 2648 1126 2706 explicatam.)
1151 2623 1189 2687 EX

113 2728 309 2789 mercaturis
335 2727 367 2789 in
392 2748 433 2788 eo
456 2728 568 2808 capite
592 2727 799 2799 memoratis,
824 2735 858 2789 et
886 2727 919 2787 in
944 2745 1044 2787 sensu
1066 2713 1190 2804 spirituali

112 2818 304 2893 intellectis,
320 2820 497 2883 manifeste
511 2831 607 2902 patet
620 2820 698 2902 quid
714 2839 772 2900 per
785 2821 894 2882 varias
906 2829 1031 2900 gentes
1043 2819 1083 2880 ibi
1095 2829 1190 2877 meno·

112 2925 203 2977 ratas
227 2914 445 2994 significatur,
471 2915 518 2977 ita
542 2915 620 2996 quid
644 2935 702 2995 per
727 2912 946 2994 “Jehudam”
970 2924 1005 2976 et
1029 2934 1085 2994 per
1105 2908 1190 2970 “lsra-

112 3009 198 3072 elem
213 3009 238 3083 ;”
262 3019 471 3071 mercaturae
490 3009 579 3071 enirn
599 3009 642 3070 ibi
662 3007 824 3070 indicant.

174 3099 242 3183 [ὠ]
268 3099 369 3180 Quod
382 3120 441 3180 per
453 3099 662 3180 “Jehudam”
673 3118 741 3160 non
754 3098 971 3179 intelligatur
982 3092 1190 3179 gensJudaica

113 3204 269 3256 constare
294 3194 396 3255 etiam
425 3201 539 3274 potest
567 3192 656 3273 apud
682 3189 885 3253 Ezechielem
910 3190 999 3273 (cap.
1019 3185 1137 3267 xlviii),
1155 3177 1191 3242 ubl

114 3289 225 3367 agitur
241 3287 284 3349 de
305 3307 393 3347 nova
409 3298 499 3348 terra
515 3306 601 3367 quae
618 3285 849 3348 distribuenda
866 3286 929 3347 erit
947 3287 1036 3348 inter
1052 3275 1191 3345 duodecin

114 3381 218 3443 tribus
239 3380 384 3454 lsraeliS,
405 3401 491 3461 quae
511 3380 617 3442 tribus
636 3380 740 3442 etiam
763 3379 807 3441 ibi
827 3381 1055 3453 nominantur,
1074 3386 1105 3439 et
1121 3383 1191 3455 quam

114 3485 244 3555 partem
270 3485 379 3537 terrae
404 3475 608 3556 unaquaevis
637 3495 832 3555 possessura
855 3484 929 3549 est;
958 3484 993 3535 et
1017 3474 1059 3535 ibi
1085 3467 1190 3533 multum

113 3570 155 3631 de
172 3569 259 3630 tribu
274 3568 436 3648 Jehudae‚
451 3580 487 3632 et
504 3569 594 3650 quod
612 3565 846 3630 Sanctuarium
863 3569 896 3628 in
913 3567 1027 3629 medio
1044 3566 1106 3646 ejus
1122 3561 1189 3642 (vem

113 3664 209 3744 8—22)
225 3685 231 3739 ;
249 3685 293 3725 ex
304 3664 422 3744 quibus
434 3663 611 3726 manifeste
623 3673 719 3744 patet
730 3662 819 3743 quod
834 3682 893 3742 per
904 3661 1057 3724 “tribus’'
1067 3649 1190 3722 ibinoni·

113 3770 212 3822 natas
232 3779 299 3820 non
319 3759 557 3838 intelligantur
576 3759 682 3820 tribus
702 3755 791 3826 illae.
812 3756 946 3819 suerunt
966 3758 1056 3820 enim
1075 3745 1192 3817 undecim

113 3853 294 3934 dispersae,
322 3872 359 3914 ac
389 3850 498 3915 factae
526 3862 658 3933 gentes,
686 3873 706 3913 a
733 3851 851 3932 quibus
879 3871 948 3913 non
976 3852 1192 3932 dignoscuntur.

113 3947 244 4008 suerunt
269 3948 358 4008 enim
384 3948 416 4008 in
441 3957 640 4028 perpetuum
665 3945 804 4008 exilium
825 3942 1012 4009 abductae:
1039 3958 1106 4009 tum
1122 3938 1194 4004 etiam

113 4052 210 4122 patet
238 4043 327 4123 quod
358 4063 417 4123 per
442 4041 619 4105 “terram''
647 4041 691 4103 ibi
720 4060 786 4102 non
815 4039 1029 4121 intelligatur
1056 4043 1138 4103 terra
1157 4024 1196 4092 sed

114 4135 268 4208 ecclesia,
299 4137 439 4216 proinde
470 4157 529 4217 per
549 4134 712 4197 “tribus'’
739 4134 782 4196 ibi
813 4135 1007 4197 nominatas
1038 4133 1199 4210 taliaque

114 4241 191 4292 sunt
209 4231 386 4303 ecclesiae,
404 4250 442 4292 ac
464 4252 522 4311 per
541 4228 757 4309 “jehudam”
774 4229 817 4290 ibi
837 4229 983 4291 ecclesia
1000 4228 1150 4292 caelestis
1161 4237 1204 4284 seu

113 4324 256 4386 ecclesia
280 4345 365 4404 quae
394 4325 426 4385 in
454 4344 568 4386 amore
597 4325 628 4386 in
658 4308 852 4394 Dominum,
879 4323 911 4385 in
936 4344 1003 4404 qua
1029 4324 1150 4385 idcirco
1169 4322 1209 4379 est

113 4415 356 4480 Sanctuarium.
402 4416 517 4480 Simile
534 4439 593 4499 per
608 4416 824 4499 “jehudam”
841 4428 876 4480 et
895 4424 914 4448 ‘⁴
925 4417 1089 4481 Israelem
1100 4417 1114 4441 '¹
1130 4411 1213 4480 intel·
