2684 4988
402 489 497 540 cnr.
516 488 576 550 vr,
593 487 695 538 vans.
712 475 822 537 8.-u.
841 473 965 559 386[b].
1184 490 1246 561 793

130 681 184 743 per
195 659 437 724 “Menasclreh
453 657 612 721 comedet
626 657 844 739 Ephraimum
861 668 895 721 et
913 656 1114 739 Ephraimus
1128 657 1246 721 Mena·

135 754 229 816 scheri
240 752 264 831 ;''
280 770 363 826 (quoa
378 764 394 781 ‘⁴
405 766 580 813 Menanter·
591 767 621 811 sn
634 767 745 811 voruntas
758 766 823 818 bour,
835 779 863 811 ac
875 762 887 778 ··
898 766 1011 823 Ephraim
1019 766 1033 781 ··
1045 766 1178 811 interiectus
1191 766 1248 818 vac

140 849 342 906 marnam,
355 845 844 905 5354.⁶2²2.⁶2³4.⁶²38.⁶²⁶7.629⁶:l
866 830 956 910 quod
980 829 1065 891 haec
1088 829 1155 890 illis
1177 830 1247 894 sint

146 927 240 1006 quiin
263 925 361 987 malis
391 935 428 986 et
460 922 562 995 falsis,
591 921 791 1003 intelligitur
818 941 876 1003 per
905 926 924 952 “
937 941 1002 984 una
1029 921 1075 983 illi
1103 919 1247 984 contra”

151 1015 322 1098 ¹¹¹Jehovam,
340 1038 424 1080 narn
446 1036 521 1078 cum
538 1015 694 1078 voluntas
714 1017 746 1077 in
766 1016 856 1077 bono
872 1024 924 1077 est
943 1035 982 1078 ac
1002 1013 1200 1078 intellectus·
1212 1016 1245 1077 in

157 1131 224 1183 uero,
243 1124 318 1175 tunc
343 1132 423 1174 curn
447 1110 599 1191 Jehovah
622 1119 711 1182 sunt,
731 1110 808 1191 quia
832 1119 1008 1190 utrumque
1031 1110 1074 1171 ab
1098 1109 1186 1191 Ips0,
1209 1120 1246 1173 at

161 1207 373 1269 tunvoluntas
390 1206 422 1266 in
441 1203 532 1266 malo
546 1214 599 1265 est
616 1214 650 1266 et
667 1201 860 1266 intelledtus
876 1204 908 1264 in
924 1202 1019 1277 salso,
1034 1214 1114 1265 tunc
1127 1213 1247 1266 contra

164 1296 287 1377 lehovam
305 1310 398 1361 sunt.
445 1298 548 1379 Apud
567 1298 721 1371 eundern,

98 1433 100 1462 ³
197 1440 248 1490 “lle
259 1441 375 1497 laeteris,
392 1440 557 1488 Philistbaea
571 1448 634 1496 tota,
649 1439 721 1502 quod
735 1436 821 1488 frasta
833 1440 868 1488 sit
880 1439 955 1500 virga
970 1439 1120 1501 percutiens
1134 1449 1169 1496 te,
1183 1453 1246 1489 nam

255 1521 273 1555 a
284 1507 371 1554 radice
381 1506 515 1567 serpentis
526 1504 606 1552 exibit
616 1504 763 1561 basiliscus,
774 1503 850 1566 cujus
861 1502 962 1553 irudlus
975 1515 1077 1566 prester
1086 1506 1181 1554 volans
1191 1520 1209 1561 ;.
1218 1540 1242 1556 ..

257 1572 377 1620 occidam
390 1571 463 1619 lame
473 1571 588 1618 radicem
597 1579 679 1627 tumn,
691 1579 718 1618 et
730 1570 851 1618 residuos
862 1579 922 1618 tuos
931 1570 1034 1618 occidet
1041 1569 1055 1587 '¹
1065 1571 1128 1631 (xiv.
1139 1583 1178 1632 ap,
1189 1570 1246 1632 sol:

165 1699 250 1766 sinilia
270 1723 378 1784 paene
401 1722 461 1783 per
484 1701 567 1764 baec
590 1702 623 1763 in
642 1721 742 1763 sensu
765 1700 899 1764 interno
921 1701 1165 1782 intelliguntur,
1185 1703 1245 1765 sed

162 1797 242 1873 agitur
255 1798 306 1860 hic
323 1798 367 1859 de
382 1796 449 1858 illis
465 1797 519 1877 qui
535 1795 677 1858 credunt
693 1794 802 1858 solum
815 1797 921 1857 visum
938 1797 1130 1858 interiorem
1148 1807 1246 1859 natu·

159 1889 214 1953 ralis
226 1893 367 1955 bominis
378 1910 455 1952 esse
472 1888 583 1962 fidem,
596 1900 632 1951 et
649 1889 807 1971 perhanc
824 1910 882 1952 seu
898 1890 1062 1972 perillum
1075 1889 1247 1970 justificari

154 1991 179 2042 et
192 1986 313 2060 salvari,
331 1994 499 2064 negantes
518 1985 563 2046 sic
582 1984 673 2065 quod
692 1984 817 2046 bonurn
837 1982 1010 2046 charitatis
1030 1984 1153 2066 aliquid
1173 1984 1261 2063 elli·⁴

151 2074 221 2155 o'at3
242 2080 287 2142 illi
305 2080 361 2160 qui
380 2079 468 2140 tales
486 2088 565 2139 sunt
583 2077 818 2158 intelliguntur
837 2098 895 2159 per
912 2078 1193 2151 “Philisthaeos,'⁰
1210 2088 1246 2142 et

147 2177 250 2231 coetus
259 2188 378 2232 eorum
392 2189 452 2250 per
465 2176 486 2201 “
496 2169 742 2231 philisthaeum
751 2169 766 2192 ”
780 2185 899 2242 (videatur
907 2199 930 2230 τι.
940 2198 1007 2242 34¹2·
1015 2199 1082 2243 3413.
1090 2188 1245 2244 8093,8313).

145 2249 232 2334 Quod
254 2263 450 2343 principium
474 2261 508 2322 id
531 2260 660 2334 salsum,
680 2262 770 2343 quod
794 2272 846 2324 est
870 2261 943 2324 sola
965 2260 1058 2332 fides
1083 2282 1141 2323 seu
1164 2261 1246 2324 fides

142 2365 284 2435 separata
299 2375 319 2416 a
334 2356 513 2427 charitate,
527 2355 680 2418 destruat
696 2375 796 2418 omne
812 2355 937 2417 bonum
954 2365 988 2418 et
1005 2375 1120 2417 verurn
1137 2353 1246 2420 eccle·

140 2444 214 2519 siae,
229 2449 426 2528 intelligitur
445 2469 504 2531 per
521 2447 577 2510 “A
597 2449 707 2510 radice
726 2450 891 2529 serpentis
909 2450 1016 2511 exibit
1036 2448 1208 2511 basiliscus
1220 2448 1246 2526 ;”

139 2538 255 2604 “radix
274 2541 466 2624 serpentis”
485 2553 536 2604 est
560 2543 755 2623 principium
778 2542 859 2605 illud
883 2542 1012 2615 salsum,
1032 2553 1067 2605 et
1088 2543 1245 2605 “basilis-

134 2635 216 2696 cus''
231 2649 280 2699 est
302 2633 488 2698 destructio
511 2636 589 2697 boni
613 2646 648 2699 et
671 2636 739 2698 veri
762 2635 925 2699 ecclesiae
949 2656 1007 2717 per
1031 2636 1130 2699 illud:
1155 2637 1245 2718 quod

131 2718 213 2791 inde
235 2733 360 2792 oriatur
387 2731 603 2793 ratiocinatio
631 2750 675 2792 ex
705 2731 805 2792 meris
834 2731 934 2804 salsis,
962 2731 1160 2811 intelligitur
1187 2753 1246 2813 per

131 2817 158 2845 ⁸·
170 2822 251 2903 cujus
267 2822 392 2887 studius
410 2834 540 2904 prester
557 2824 675 2886 volans
687 2823 713 2900 ;'’
733 2831 892 2905 “prester
911 2825 1052 2887 volans'’
1069 2836 1122 2888 est
1143 2829 1245 2890 ratio·

123 2913 255 2981 cinatio
269 2940 314 2981 ex
330 2918 441 2980 salsis:
466 2918 654 2999 deprivatio
669 2921 778 2980 omnis
795 2921 864 2981 veri
883 2929 918 2982 et
937 2921 1014 2981 inde
1031 2922 1139 2982 omnis
1155 2922 1245 2996 boni,

123 2999 330 3095 intelligitur
357 3035 416 3096 per
441 3011 633 3076 “Occidam
660 3014 747 3077 lame
775 3015 921 3078 radicem
949 3025 1052 3089 tuam,
1080 3027 1115 3079 et
1141 3017 1246 3081 fames

121 3107 280 3170 residuos
295 3121 371 3170 tuos
388 3108 522 3170 occidet
534 3107 559 3183 ;”
579 3108 736 3170 “sames’'
748 3120 801 3172 est
818 3110 1004 3191 deprivatio
1021 3112 1139 3174 veriet
1156 3113 1245 3188 boni,

121 3206 180 3259 et
194 3202 331 3264 “residui
341 3201 355 3224 ’⁹
371 3211 451 3263 sunt
470 3202 583 3263 ornnia
602 3222 686 3283 quae
704 3223 749 3264 ex
768 3224 810 3265 eo
829 3205 991 3285 principio
1008 3204 1246 3269 excluduntur.

122 3282 234 3370 Quod
249 3296 331 3359 haec
351 3295 596 3375 intelligantur,
618 3299 726 3378 patuit
744 3299 848 3359 etiarn
867 3299 909 3360 ab
927 3299 999 3379 ipsa
1018 3300 1246 3379 experientia;

124 3373 191 3446 illi
204 3391 251 3469 qui
269 3391 301 3451 in
320 3391 485 3471 principio
503 3388 545 3450 de
564 3389 636 3451 sola
651 3389 717 3452 lide
735 3411 771 3453 se
790 3389 1073 3454 confirmaverunt
1093 3390 1248 3454 doftrina

125 3488 183 3539 et
194 3483 262 3557 vita,
275 3485 306 3545 in
324 3485 452 3545 mundo
469 3483 630 3563 spirituali
647 3485 705 3545 visi
722 3496 800 3548 sunt
817 3487 903 3548 sicut
919 3486 1074 3557 basilisci,
1091 3497 1126 3549 et
1143 3488 1246 3550 ratio·

127 3573 316 3640 cinationes
331 3597 448 3641 eorum
467 3579 554 3640 sicut
574 3589 740 3659 presteres
757 3578 922 3643 volantes.
967 3580 1069 3661 Apud
1088 3581 1245 3657 eundern,

199 3717 240 3781 Qui
253 3721 347 3770 format
358 3722 449 3777 deum,
464 3730 491 3770 et
504 3721 583 3770 iusile
596 3721 689 3779 tundit,
703 3733 730 3771 et
743 3739 796 3771 non
812 3724 920 3785 prodest
922 3761 992 3780 .....
1000 3724 1135 3774 “fabricat
1147 3726 1247 3774 ferrum

261 3786 368 3848 ioroipe,
386 3797 415 3836 et
431 3796 560 3849 operatur
576 3789 698 3846 carbone,
717 3798 744 3837 et
761 3790 866 3837 malleis
883 3790 967 3837 acutis
987 3789 1085 3838 iormat
1106 3791 1184 3839 illud:
1209 3792 1247 3840 sic

261 3862 385 3913 operatur
402 3852 469 3900 illud
487 3866 535 3913 per
551 3853 686 3901 brachium
706 3855 808 3902 roboris
826 3855 875 3910 sui,
891 3855 971 3902 etiam
987 3856 1069 3903 esurit
1086 3855 1247 3918 usquedum

262 3931 314 3965 non
326 3919 416 3975 robur,
431 3931 518 3980 neque
530 3917 606 3966 bibit.
617 3933 744 3981 ...usque
755 3920 818 3967 dum
831 3919 978 3981 fatigatur”
990 3921 1063 3981 (xliv.
1077 3933 1113 3977 ro,
1127 3920 1180 3980 tal:

150 4057 208 4118 ΡΠ
228 4047 299 4113 haec
327 4051 527 4114 describitur
553 4051 709 4115 formatio
735 4050 908 4115 dodtrinae
937 4074 981 4115 ex
1013 4055 1146 4134 proprio
1175 4064 1246 4117 tarn

156 4131 307 4207 intelletlu
327 4165 428 4227 quarn
453 4165 589 4224 amore;
617 4167 675 4228 per
699 4146 871 4208 “formare
894 4147 1017 4208 deum''
1041 4147 1248 4228 significatur

160 4225 287 4299 doctrina
305 4260 349 4301 ex
372 4239 508 4322 proprio
531 4238 716 4314 intellectu,
736 4251 770 4302 et
795 4261 852 4321 per
872 4240 1038 4303 “sundere
1062 4240 1180 4303 susile''
1200 4263 1246 4304 ex

169 4330 271 4404 proprio
290 4352 420 4397 amore:
450 4354 510 4415 per
534 4336 701 4398 “fabricat
729 4335 848 4396 serrum
876 4334 999 4415 sorcipe
1027 4345 1062 4397 et
1089 4347 1248 4416 operatur

174 4417 303 4486 cubuc?
319 4426 527 4509 significatur
548 4427 666 4491 salsum
685 4429 775 4510 quod
799 4438 899 4491 vocat
919 4448 1044 4504 verum,
1065 4440 1099 4492 et
1121 4429 1246 4492 malurn
