2684 4988
112 459 177 541 674
421 472 672 526 arocntrests
695 474 920 526 nxrucnrn.

114 650 204 715 sunt,
217 656 276 723 per
285 643 306 675 '⁶
318 659 422 725 equos
430 643 445 666 ’'
456 641 663 725 significatur
676 640 868 706 intellectus
880 642 959 717 veri,
974 663 1032 725 per
1045 627 1223 707 “currum''

114 733 268 799 dob'trina
282 738 363 807 veri,
381 755 440 818 per
457 738 607 800 “rhedas
622 746 811 801 cameratas
819 737 834 761 ”
849 739 1063 818 cognitiones
1076 738 1153 811 veri,
1164 750 1219 818 per

115 829 273 894 “mulos'’
292 831 458 895 rationale
477 833 646 896 internum
666 832 756 915 quod
774 832 958 912 spirituale,
976 842 1011 895 et
1028 852 1087 913 per
1104 838 1213 894 “vere-

113 923 247 986 darios‘'
263 924 427 987 rationale
443 938 623 988 externum
639 926 730 1008 quod
747 925 921 1003 naturale;
944 935 979 988 et
999 946 1058 1008 per
1077 921 1212 987 “Hieru-

114 1018 303 1099 solymam”
326 1019 533 1099 significatur
560 1016 703 1082 ecclesia
734 1020 788 1082 ubi
815 1017 968 1082 doilrina
998 1018 1110 1082 Divini
1134 1018 1214 1090 Veri,

112 1134 198 1195 quac
217 1119 341 1175 “mons
360 1111 573 1176 sanctitati?
588 1113 711 1176 dicitur
728 1126 773 1175 ex
790 1132 905 1176 amore
925 1115 1002 1176 veri·
1048 1113 1105 1176 Ex
1122 1112 1215 1194 signi·

112 1205 270 1270 fluctione
295 1213 476 1270 “curruum
485 1208 499 1231 ”
518 1218 553 1271 et
574 1214 592 1240 “
602 1228 764 1290 equorum
773 1208 788 1231 ''
810 1220 968 1272 constare
992 1219 1121 1290 potest,
1140 1208 1218 1271 unde

112 1310 166 1363 est

167 1435 246 1499 Quod
257 1434 329 1484 Elias
338 1445 366 1484 et
379 1435 499 1485 Elisaeus
511 1433 574 1484 dicti
584 1436 683 1484 luerint
694 1439 812 1485 “currus
823 1435 930 1485 Israelis
942 1446 968 1484 et
981 1435 1085 1499 equites
1093 1436 1153 1498 ejus
1163 1434 1184 1493 3⁸⁶
1199 1442 1223 1484 et

244 1501 314 1563 quod
328 1514 411 1563 puero
427 1501 524 1549 Elisaei
537 1502 610 1549 visus
628 1503 663 1550 sit
674 1516 754 1550 mons
767 1502 862 1564 plenus
874 1503 949 1564 equis
966 1512 993 1550 et
1007 1503 1130 1550 curribus
1144 1501 1223 1564 igneis

244 1566 342 1614 circum
356 1566 490 1615 Eliseeum
503 1567 528 1627 (2
540 1567 601 1629 Reg.
612 1567 638 1615 it.
650 1579 688 1624 11,
701 1578 746 1624 τις
764 1570 821 1629 cap.
832 1567 866 1616 vi.
879 1578 925 1626 ης
942 1581 1000 1629 cap.
1009 1567 1065 1616 xiii.
1077 1567 1132 1627 14):

112 1714 285 1767 causaest
309 1706 385 1786 quia
404 1717 554 1786 uterque,
576 1714 646 1767 tam
670 1703 764 1767 Elias
786 1725 887 1786 quam
911 1705 1076 1779 Elisaeus,
1095 1725 1224 1788 reprae²

111 1808 288 1862 sentarunt
307 1799 487 1862 Dominum
504 1800 616 1880 quoad
633 1798 795 1872 Verbum,
813 1810 848 1863 et
867 1821 926 1881 per
943 1808 1086 1863 “currus
1095 1801 1110 1825 ''
1126 1803 1225 1883 signi·

111 1889 232 1955 ficatur
254 1889 409 1953 doctrina
432 1911 450 1952 e
474 1889 604 1965 Verbo,
628 1900 670 1952 et>
689 1911 750 1971 per
774 1890 962 1972 “equites’'
984 1891 1226 1974 intelligentia.

112 1982 196 2089 (Quod¹
205 1983 269 2090 fliius
278 1990 301 2027 et
310 1982 417 2026 Elisaeus
425 1981 650 2040 repraesentaverint
660 1980 790 2027 Dominum
800 1983 881 2039 quoad
890 1983 1006 2036 Verbum,
1015 1983 1125 2028 videatur
1132 1997 1156 2029 n.
1165 1985 1227 2042 7⁶⁴3·

110 2051 178 2107 ⁸0²9·
198 2054 293 2107 ’93721-

174 2127 242 2209 [d.]
275 2127 376 2208 Quod
405 2127 573 2189 “currus''
596 2136 631 2189 et
660 2128 766 2209 “equi
777 2127 793 2150 ’'
818 2127 1011 2209 significent
1036 2125 1227 2191 doctrinam

112 2229 147 2284 et
170 2217 381 2283 intellectum
400 2219 480 2300 ejus,
501 2219 609 2282 adhuc
629 2230 787 2282 constare
810 2230 924 2301 potest
947 2241 967 2282 a
990 2239 1090 2283 sensu
1114 2238 1227 2284 eorum

112 2316 281 2396 opposito,
301 2315 334 2375 in
358 2334 425 2396 quo
445 2313 613 2376 “currus''
636 2324 671 2376 et
696 2315 800 2394 “equi
809 2313 824 2337 ”
843 2312 1034 2393 significant
1059 2312 1229 2377 doctrinas

111 2408 184 2471 falsi
203 2419 238 2470 et
256 2406 439 2469 scientifica
458 2407 542 2469 lalsa
561 2428 605 2469 ex
626 2406 847 2470 intellectuali
868 2427 1044 2488 perverso:
1071 2408 1229 2490 pleraque

112 2503 201 2564 eninr
229 2502 262 2562 in
287 2500 403 2562 Verbo
427 2502 619 2582 oppositum
643 2520 778 2563 sensum
798 2501 936 2571 habent,
961 2522 1005 2563 ex
1035 2523 1102 2584 quo
1126 2502 1228 2565 videri

112 2605 227 2677 potest
255 2596 334 2676 quid
362 2596 479 2657 eadem
509 2597 541 2657 in
569 2596 717 2675 genuino
741 2615 841 2658 sensu
869 2594 1070 2676 significant.
1126 2595 1226 2677 Quod

112 2696 253 2753 “currus
261 2689 276 2712 ”
295 2700 329 2751 et
351 2691 454 2770 “equi
463 2689 477 2712 '¹
497 2690 529 2751 in
554 2689 612 2751 illo
631 2709 730 2751 sensu
747 2690 828 2751 talia
847 2688 1048 2770 significent,
1069 2701 1228 2754 constare

110 2790 224 2864 potest
244 2795 289 2845 ex
308 2784 525 2865 sequentibus
544 2783 595 2846 his
614 2783 697 2846 locis
709 2783 867 2865 z-Apud
886 2782 1099 2859 Ezechielem,

161 2925 178 2947 ‘⁴
186 2922 254 2972 Ecce
265 2921 427 2973 adduclurus
439 2920 534 2973 cont'ra
545 2924 659 2987 Tyrum.
670 2961 692 2975 ..
703 2940 805 2986 ,regern
819 2924 926 2973 Babelis
938 2940 955 2973 3
966 2925 1152 2987 septentrione
1155 2963 1224 2982 .....

240 3004 299 3037 curn
318 3003 387 3051 equo
405 2998 431 3037 et
449 3004 509 3037 curn
527 3004 613 3047 curru,
627 2999 726 3039 etcum
745 2989 1023 3052 equitibus:....lilies
1037 2992 1097 3039 ruas
1115 2991 1143 3040 in
1162 3005 1227 3053 agro

239 3054 329 3115 gladio
338 3054 440 3103 occidet
449 3071 467 3103 :.
478 3092 484 3103 .
495 3092 500 3103 .
511 3069 586 3116 ,prae
598 3055 764 3104 abundantia
772 3070 901 3118 equorum
911 3055 970 3116 ejus
981 3057 1089 3116 obteget
1102 3065 1129 3105 te
1140 3056 1227 3119 pulvis

240 3134 342 3177 eorurn,
357 3134 420 3181 prae
432 3134 498 3167 voce
512 3120 608 3182 equitls
623 3126 650 3169 et
667 3131 742 3169 rotae
759 3131 786 3169 et
800 3134 892 3168 currus
906 3122 1149 3169 commovebuntur
1162 3121 1229 3170 muri

240 3184 279 3233 tui
281 3221 350 3242 .....
357 3198 403 3246 per
421 3184 535 3246 ungulas
552 3199 681 3248 equorum
700 3200 809 3233 suorum
827 3185 993 3234 conculcabit
1010 3200 1106 3234 omnes
1125 3187 1228 3249 plateas

239 3256 315 3308 tum
333 3249 461 3312 populum
472 3250 562 3312 gladio
574 3250 676 3299 occidet
685 3249 698 3269 ’'
710 3251 792 3312 (xxvi.
804 3263 826 3309 7,
838 3251 861 3308 8,
874 3263 911 3307 ro,
926 3250 980 3311 til:

109 3407 168 3469 per
188 3386 344 3467 “Tyrum
352 3386 367 3411 '’
385 3386 594 3467 significatur
611 3388 755 3451 ecclesia
773 3387 885 3469 quoad
905 3388 1119 3469 cognitiones
1138 3390 1228 3466 veri;

109 3492 145 3546 et
163 3502 222 3563 per
242 3480 560 3562 “regem‘Babelis”
580 3479 765 3544 destructio
783 3483 852 3544 veri
875 3502 934 3563 per
952 3481 1035 3544 falsa
1058 3493 1093 3544 et
1117 3482 1228 3564 prola-

111 3577 224 3652 nati0;
258 3595 317 3656 per
341 3574 636 3655 “septentrionem
646 3575 661 3599 ”
683 3596 703 3639 3
732 3596 800 3657 quo
823 3585 996 3649 venturus,
1020 3574 1230 3656 slgnificatur

111 3669 200 3732 unde
212 3681 313 3731 ornne
328 3668 458 3742 salsum,
472 3669 505 3731 in
521 3670 633 3750 specie
648 3669 811 3731 infernum
828 3690 872 3732 ex
889 3690 956 3751 quo
968 3671 1122 3750 exsurgit
1138 3691 1145 3746 ;
1170 3691 1229 3752 per

111 3763 303 3836 “currum,”
327 3762 483 3844 “equos'’
506 3773 541 3825 et
566 3763 755 3846 “equites”
780 3760 1011 3844 significantur
1040 3761 1229 3827 doctrinale

109 3857 181 3920 salsi
200 3867 235 3920 et
255 3857 531 3920 ratiocinationes
550 3878 594 3920 ex
613 3858 698 3935 illls;
722 3878 781 3940 per
801 3857 914 3920 “filias
925 3856 939 3882 ”
958 3875 1041 3940 quas
1061 3859 1124 3920 “in
1144 3879 1229 3941 agro

108 3949 223 4032 gladio
242 3951 406 4025 occidet,”
424 3951 656 4032 significantur
674 3949 869 4016 affectiones
885 3953 954 4015 veri
969 3964 1053 4034 quas
1068 3968 1129 4035 per
1145 3947 1229 4018 salsa

109 4046 319 4127 exstinguet,
341 4044 456 4107 “filiae
465 4045 480 4069 ”
499 4046 588 4108 enirn
607 4057 685 4109 sunt
704 4044 899 4110 affectiones
918 4049 998 4120 veri,
1020 4052 1131 4128 “ager
1141 4048 1157 4072 ”
1175 4059 1228 4112 est

111 4139 253 4202 ecclesia
272 4140 326 4202 ubi
346 4138 433 4212 illae,
455 4144 473 4171 ‘⁴
485 4139 617 4220 gladius
625 4140 641 4165 ''
659 4150 711 4203 est
735 4162 848 4222 pugna
869 4141 942 4203 salsi
961 4151 1080 4203 contra
1099 4160 1227 4216 verum,

109 4242 145 4295 et
162 4233 345 4296 “occidere
353 4233 368 4257 ’'
386 4240 438 4296 est
455 4235 694 4314 exstinguere;
717 4235 796 4297 inde
812 4245 907 4316 patet
924 4234 1002 4317 quid
1019 4233 1228 4314 significatur

110 4347 168 4408 per
179 4333 199 4360 ‘⁴
209 4348 288 4409 prae
298 4328 505 4390 abundantia
514 4349 675 4410 equorum
686 4329 755 4409 ejus
765 4330 908 4409 obteget
920 4340 954 4391 te
967 4328 1075 4410 pulvis
1086 4350 1201 4393 eorum
1211 4332 1227 4357 ’'

112 4419 286 4502 (“pulvis”
304 4431 357 4484 est
384 4421 509 4484 malurn
536 4422 646 4504 salsi):
678 4443 737 4504 per
763 4422 928 4485 “muros“
954 4424 1009 4505 qui
1036 4444 1116 4504 prae
1140 4445 1225 4489 voce
