2684 4988
118 478 199 561 1036
410 492 659 544 nrocaavesm
683 493 907 545 axnucnrn.

114 661 216 742 Quod
237 662 419 745 Templum
438 663 622 726 secundum
643 662 763 744 plagas
781 661 886 744 (apud
902 661 1109 742 Ezechielem)
1124 678 1189 748 men·

113 767 266 819 suratum
288 759 344 831 sit,
368 769 404 821 et
426 759 518 840 quod
544 768 634 821 terra
657 758 843 820 secundum
871 756 990 838 plagas
1014 758 1096 818 inter
1115 754 1203 817 tribtw

113 851 296 914 distributa
321 849 425 933 (apud
452 850 608 924 eundem,
632 862 668 914 et
691 871 825 933 quoque
849 852 938 932 apud
962 849 1126 929 Josnam),
1144 857 1203 911 tum·

113 946 204 1027 quod
232 944 289 1008 filii
319 945 453 1008 Israelis
477 946 661 1008 secundum
690 943 810 1027 plagas
836 945 1072 1008 castrametati
1096 944 1155 1005 sint
1170 950 1206 1004 et.

114 1060 247 1121 quoque
268 1039 389 1103 eodem
413 1040 530 1102 ordine
554 1036 704 1120 proiecti,
724 1050 798 1103 erat
818 1040 895 1120 quia
914 1041 1028 1101 omnia
1046 1037 1208 1100 secundun·

114 1132 234 1214 plagas
262 1134 295 1195 in
323 1135 450 1195 mundo
473 1134 638 1215 spirituali
665 1133 823 1196 ordinata
850 1144 941 1205 sunt,
965 1153 1034 1195 non
1061 1132 1199 1195 solumin

113 1229 295 1301 communi,
316 1228 376 1290 sed
400 1222 504 1290 etiam
527 1229 560 1290 in
584 1226 799 1308 particulari;
824 1228 857 1290 in
879 1229 1049 1290 communi
1072 1226 1201 1289 habitant

113 1341 232 1383 omnes
249 1321 362 1402 angeli
379 1331 414 1384 et
430 1322 567 1403 spiritus
580 1321 765 1384 secundum
781 1331 894 1383 status
910 1321 989 1383 boni
1006 1331 1041 1384 et
1058 1322 1122 1383 veri
1135 1318 1202 1401 apud

114 1413 190 1477 illos
214 1416 246 1476 in
271 1415 381 1496 plagis
399 1414 753 1496 correspondentibus,
774 1425 811 1478 ut
835 1435 934 1496 supra
953 1411 1080 1478 ditium
1098 1414 1201 1488 est;in

114 1509 307 1591 particulari
331 1509 440 1572 simile
462 1509 511 1584 fit,
534 1511 567 1572 in
591 1510 747 1572 omnibus
769 1511 858 1572 enim
882 1510 1105 1572 conventibus
1125 1510 1200 1571 sorti·

114 1612 214 1665 untur
233 1603 291 1678 illi,
312 1605 367 1685 qui
391 1604 434 1665 ibi
459 1613 548 1677 sunt,
570 1603 645 1666 loca
667 1605 700 1666 in
725 1603 834 1685 plagis
852 1624 938 1686 quae
962 1603 1200 1685 correspondent

113 1698 260 1760 statibus
276 1699 367 1761 vitae
383 1717 519 1761 eorum:
544 1698 577 1760 in
594 1697 731 1779 templis
748 1698 792 1760 ibi
808 1697 963 1761 similiter
978 1699 1108 1770 sedent,
1121 1698 1198 1759 etiam

114 1791 145 1853 in
165 1792 321 1854 domibus
345 1792 499 1855 similiter
522 1791 700 1869 habitant;
724 1792 828 1855 verbo
847 1793 960 1854 omnia
979 1801 1015 1854 et
1035 1790 1153 1872 singula
1166 1787 1197 1851 ibi

113 1885 269 1947 ordinata
288 1896 365 1948 sunt
385 1885 570 1948 secundum
590 1885 710 1968 plagas
725 1886 821 1961 caeli,
839 1886 945 1949 forma
963 1886 1053 1950 enim
1072 1883 1146 1948 caeli
1159 1890 1196 1944 est

114 2083 231 2154 potest
251 2075 330 2157 quid
349 2074 558 2155 significatur
577 2095 635 2157 per
654 2075 885 2137 ordinationes
904 2075 1087 2137 secundum
1106 2074 1193 2155 plagas

114 2169 147 2230 in
164 2168 291 2242 Verbo,
305 2180 340 2233 et
357 2189 490 2251 quoque
507 2190 565 2252 per
581 2168 701 2251 plagas
717 2169 901 2231 secundum
915 2190 999 2251 quas
1015 2167 1191 2231 aedificatum

114 2272 167 2325 est
178 2262 461 2332 Tabernaculum.
473 2274 507 2325 et
519 2284 651 2346 quoque
662 2264 846 2325 secundum
857 2284 940 2345 quas
950 2262 1147 2325 aedificatum
1155 2267 1190 2320 est

113 2356 295 2438 Templum
314 2379 333 2419 a
352 2355 556 2431 Salomone;
581 2367 715 2438 praeter
733 2357 809 2419 alia.

176 2447 236 2530 [6.]
269 2448 365 2511 Haec
382 2449 424 2510 de
441 2448 552 2530 plagis
571 2451 603 2509 in
619 2468 756 2528 genere.
801 2447 903 2528 Quod
921 2447 1084 2509 “oriens'’
1097 2439 1189 2524 signifi·

113 2550 168 2602 cet
190 2540 372 2602 Dominum
390 2541 501 2621 quoad
523 2540 680 2601 Divinum
699 2539 874 2612 Amorem,
892 2549 926 2602 et
947 2540 1025 2601 inde
1044 2538 1124 2620 apud
1138 2534 1190 2598 illos

113 2635 168 2714 qui
188 2636 351 2715 recipiunt
372 2635 497 2696 bonum
516 2636 639 2696 amoris
663 2635 695 2696 in
720 2633 915 2707 Dominum,
936 2644 1089 2696 constare
1106 2636 1189 2713 potest

113 2748 132 2789 a
152 2729 370 2809 sequentibus
388 2728 470 2790 locis
483 2726 639 2808 :-Apud
659 2726 871 2801 Ezechielem,

164 2862 308 2911 Deduxit
318 2864 403 2911 mead
414 2872 518 2923 portam
526 2862 681 2923 ''Templi“
689 2877 757 2924 quae
767 2860 892 2922 spectans
900 2877 994 2911 versus
1004 2863 1136 2914 orientem
1149 2866 1190 2904 cum

243 2943 303 2976 ecce
315 2928 401 2989 gloria
415 2928 464 2975 Dei
479 2927 587 2976 lsraelis
597 2928 671 2976 tenit
684 2943 700 2974 a
709 2928 753 2974 via
762 2928 883 2983 orientis
895 2939 923 2975 et
933 2942 986 2975 vox
1000 2927 1083 2989 lpsius
1094 2926 1191 2974 sicutrox

243 3007 371 3055 aquarum
386 2993 537 3047 multarum,
552 3003 578 3041 et
592 3002 661 3041 terra
674 2993 833 3040 illustrataa
847 2993 934 3053 gloria
950 2992 1044 3053 lpsius.
1072 2983 1191 3041 ...moria

242 3058 376 3121 Jehovae'
371 3059 479 3106 rntravit
488 3058 515 3106 in
527 3058 675 3106 Domum'
651 3073 695 3105 via
704 3069 795 3119 portae
804 3058 880 3119 cujus
888 3057 971 3106 iacies
980 3072 1070 3105 versus
1078 3056 1189 3104 orientem

243 3136 305 3171 tunc
318 3124 425 3200 sustulit
438 3139 481 3171 me
494 3123 613 3200 spiritus,
628 3133 654 3171 et
668 3123 816 3170 introduxit
829 3137 871 3169 me
885 3123 910 3170 in
924 3123 1022 3171 atrium
1036 3121 1140 3175 interius,
1148 3126 1190 3164 cum

112 3315 223 3395 agitur
246 3315 289 3375 ibi
314 3315 357 3375 de
378 3310 630 3375 constructione
654 3313 732 3374 novi
756 3312 885 3393 templi,
907 3333 966 3393 per
989 3312 1076 3395 quod
1096 3300 1189 3389 signifi·

113 3421 207 3471 catur
227 3429 314 3470 nova
334 3408 478 3471 ecclesia
497 3429 516 3470 a
541 3407 688 3469 Domino
707 3407 947 3483 instauranda;
972 3417 1008 3470 et
1026 3408 1098 3489 quia
1114 3406 1189 3465 intro·

112 3500 225 3564 dudlio
245 3501 281 3564 fit
301 3523 360 3583 per
378 3502 503 3564 bonum
523 3503 647 3563 amoris
665 3502 699 3562 in
720 3500 902 3562 Dominum
919 3511 954 3563 et
972 3521 1031 3581 per
1050 3513 1145 3561 verum
1158 3507 1189 3551 ex

111 3595 170 3657 illo
193 3595 294 3667 bon0,
316 3595 391 3657 ideo
415 3596 486 3655 visa
509 3601 592 3656 est‘
599 3600 714 3675 ‘porta
737 3614 823 3673 quae
846 3593 1027 3674 spectabat
1051 3593 1188 3654 orientem

110 3698 145 3750 et
174 3687 266 3750 Deus
296 3688 429 3749 Israelis
452 3689 591 3750 veniens
619 3708 639 3748 a
666 3688 719 3748 via
747 3685 925 3761 orientis?
956 3706 1016 3767 per
1044 3669 1189 3784 “zportm

110 3780 319 3861 significatur
352 3778 557 3843 introductio
586 3791 621 3843 et
656 3781 778 3853 aditus,
810 3800 868 3860 per
900 3779 1040 3842 “Deum
1072 3761 1189 3838 Israelis

110 3874 313 3954 intelligitur
344 3874 520 3946 Dominus,
550 3895 608 3954 per
636 3871 857 3935 “orientem”
883 3872 1009 3934 bonum
1037 3856 1189 3935 amorisab

110 3968 217 4049 Ipso
209 3988 241 4028 m
263 3969 387 4048 Ipsum,
409 3978 443 4029 et
464 3989 522 4049 per
543 3967 738 4047 “gloriam''
757 3979 873 4028 verum
893 3987 938 4027 ex
962 3964 1021 4028 illo
1040 3965 1136 4035 bono
1155 3954 1190 4015 ln·

109 4071 178 4123 trat
195 4063 284 4123 enim
307 4062 496 4123 Dominus
490 4081 522 4122 m
542 4060 673 4122 caelum
690 4070 725 4122 et
750 4060 858 4122 inde
851 4078 883 4120 m
903 4058 1082 4121 ecclesiam
1100 4074 1137 4118 ex
1150 4045 1192 4110 Di·

108 4153 188 4213 vino
207 4172 268 4212 suo
288 4151 430 4223 Amore,
450 4153 505 4232 qui
528 4153 560 4212 in
580 4151 684 4212 caelis
704 4161 847 4232 apparet
871 4159 906 4211 ut
930 4147 990 4212 Sol
1010 4153 1194 4221 (utsupmdilluu

107 4258 173 4317 esu;
204 4240 281 4301 inde
305 4250 357 4301 est
381 4260 482 4302 omne
507 4240 667 4301 Divinum
691 4238 824 4300 Bonum
847 4257 887 4299 ac
915 4237 1076 4299 Divinum
1098 4234 1196 4296 veruo

108 4332 170 4393 ibi:
198 4332 306 4393 simile
330 4331 538 4412 significatur
562 4352 620 4411 per
643 4330 733 4411 quod
753 4331 824 4391 visa
845 4327 983 4410 “gloria
1003 4328 1145 4410 Jehovae
1162 4321 1198 4382 in·

107 4436 196 4488 trare
220 4427 252 4487 in
278 4425 425 4487 Domum
444 4426 497 4486 via
521 4435 639 4507 portae
659 4424 751 4504 cujus
773 4422 874 4486 facies
894 4444 1012 4486 versus
1032 4410 1201 4489 orientem,''
