2716 4986
122 455 201 534 1248
429 467 679 520 APOCALYPSIS
702 469 929 520 EXPLICATA.

117 658 177 720 per
196 637 286 720 quod
306 636 540 719 significantur
559 638 769 703 hostilitates
788 650 824 703 et
844 660 980 723 pugnae
1003 640 1093 705 inter
1112 640 1231 703 malum

118 743 154 796 et
177 732 303 795 bonurn
326 753 366 796 ac
389 734 478 796 inter
496 733 617 796 salsum
640 744 676 797 et
695 754 832 812 verum;
857 755 936 798 nam
955 746 1143 818 antequam
1167 735 1229 798 Do·

118 827 228 889 minus
247 828 280 888 in
300 828 461 890 mundum
481 830 586 901 venit,
606 828 739 892 fuerunt
762 831 795 891 in
815 829 961 893 ecclesia
980 849 1073 894 mere
1096 830 1180 893 falsa
1201 840 1232 893 et

118 921 218 994 mala,
243 922 385 1002 proinde
408 942 476 984 non
500 943 614 1004 pugna
636 923 726 986 inter
747 923 806 986 illa
828 933 864 988 et
894 925 985 987 bona
1007 945 1047 988 ac
1071 946 1172 1000 vera;
1201 935 1233 987 at

118 1026 301 1097 postquam
328 1037 347 1078 a
375 1016 525 1079 Domino
551 1028 670 1099 aperta
697 1018 830 1081 fuerunt
854 1040 935 1082 vera
961 1029 996 1083 et
1025 1021 1128 1094 bona,
1157 1029 1232 1082 tunc

118 1110 262 1190 primum
276 1111 424 1172 existere
441 1120 626 1191 potuerunt
642 1131 797 1192 pugnae3
821 1122 856 1176 et
870 1113 998 1195 absque
1015 1114 1139 1196 pugnis
1152 1114 1235 1175 inter

119 1203 176 1265 illa
197 1203 288 1265 nulla
307 1203 521 1267 reformatio:
546 1204 612 1268 lroc
632 1207 747 1288 itaque
766 1216 820 1269 est
843 1207 933 1289 quod
956 1207 1163 1288 intelligitur
1180 1227 1234 1289 per

118 1298 208 1379 quod
224 1297 356 1360 “vellet
378 1307 415 1360 ut
430 1296 501 1379 jam
520 1300 608 1380 ignis
627 1319 792 1364 accensus
811 1300 931 1365 esset.'’
965 1299 1069 1383 Quod
1089 1302 1118 1364 is
1136 1301 1233 1365 intel-

120 1388 226 1454 ledtus
245 1412 359 1453 eorum
380 1394 558 1455 verborum
578 1395 633 1468 sit,
654 1404 751 1476 patet
771 1416 791 1457 a
814 1396 1035 1476 sequentibus
1054 1396 1111 1470 ibi,

168 1524 247 1589 Quod
257 1527 360 1574 venerit
369 1527 403 1575 ad
413 1527 528 1575 dandam
536 1528 698 1576 divisionem
709 1544 715 1585 ;
726 1531 743 1552 “
750 1538 829 1578 erunt
838 1544 954 1593 namque
961 1545 995 1578 ex
1004 1545 1077 1578 nunc
1085 1530 1200 1593 quinque
1209 1531 1233 1578 in

249 1591 330 1639 domo
346 1606 400 1639 una
413 1593 491 1641 divisi
501 1607 519 1648 ς.
530 1630 536 1642 .
546 1630 552 1641 .
563 1593 707 1643 dividetur
719 1605 794 1656 pater
807 1605 901 1643 contra
915 1595 1007 1653 filium,
1023 1607 1050 1644 et
1063 1595 1133 1644 filius
1147 1606 1234 1644 contra

251 1666 363 1718 patrem.
378 1667 464 1706 mater
476 1668 570 1706 contra
582 1659 663 1708 filiam
676 1670 703 1708 et
716 1660 770 1709 filia
781 1671 876 1708 contra
888 1671 1001 1709 matrem
1010 1660 1025 1678 ”
1037 1659 1120 1720 (vers.
1133 1662 1232 1721 51-53l:

120 1813 179 1875 per
197 1798 359 1873 “patrem
375 1804 496 1856 contra
512 1793 638 1857 filium”
654 1805 689 1858 et
708 1816 768 1877 per
786 1795 919 1859 “filium
936 1807 1058 1860 contra
1076 1794 1233 1880 patrem,”

120 1887 323 1969 intelligitur
339 1888 465 1951 malum
485 1899 604 1952 contra
620 1910 736 1953 verum
755 1910 794 1953 ac
812 1911 928 1954 verum
947 1902 1071 1955 contra
1090 1891 1232 1968 malum;

121 1991 156 2044 et
176 2002 235 2065 per
256 1987 429 2045 “matrem
450 1995 570 2046 contra
589 1983 715 2047 liliam”
734 1996 769 2048 et
793 2006 853 2067 per
873 1984 1005 2048 “filiam
1025 1997 1150 2050 contra
1167 2006 1232 2048 ma·

121 2075 233 2138 trem'’
255 2075 458 2158 intelligitur
481 2078 650 2160 cupiditas
673 2078 747 2142 l'alsi
774 2091 895 2144 contra
918 2077 1134 2143 affectionem
1158 2080 1231 2150 veri,

120 2190 161 2233 ac
186 2171 352 2248 vicissim;
389 2173 450 2234 “in
478 2172 582 2236 domo
609 2172 698 2236 una''
724 2184 777 2237 cst
805 2174 895 2256 apud
920 2194 1024 2236 unum
1055 2174 1231 2238 hominem.

123 2261 292 2345 Quoniam
310 2286 368 2347 per
385 2266 524 2329 “lilios‘'
540 2268 572 2329 in
586 2266 703 2330 Verbo
719 2266 953 2349 significantur
964 2288 1046 2331 vera
1062 2269 1231 2339 ecclesiae,

122 2370 156 2423 et
176 2381 236 2442 per
256 2361 369 2423 “filias
377 2361 392 2385 ''
409 2362 498 2424 bona
517 2362 598 2444 ejus,
616 2372 776 2426 constare
795 2372 912 2444 potest
931 2364 1011 2446 quid
1030 2362 1233 2445 significatur

122 2474 180 2535 per
202 2456 428 2518 “comburere
448 2454 533 2518 filios
551 2465 587 2519 et
607 2455 693 2519 filias
701 2456 716 2479 ”
735 2457 825 2538 apud
844 2457 1042 2533 Jeremtizm,

170 2591 187 2610 “
196 2588 377 2637 Aedificarunt
389 2590 495 2638 excelsa
507 2590 642 2652 Tophethi
661 2591 688 2638 in
701 2591 771 2639 valle
785 2587 857 2654 [filii]
873 2590 1015 2649 Hinnomi‚
1030 2593 1065 2641 ad
1083 2593 1232 2641 comburen-

252 2655 314 2702 dum
329 2655 397 2703 tilios
409 2671 473 2704 suos
485 2666 512 2703 et
525 2656 591 2704 filias
604 2671 666 2705 suas
675 2656 689 2673 ''
701 2657 756 2717 (vii.
769 2658 828 2717 31);

122 2768 210 2848 apud
230 2768 387 2842 eundem,

173 2879 191 2900 “
204 2878 298 2926 Audiri
316 2877 410 2926 faciam
425 2888 519 2927 contra
538 2878 660 2926 Rabbath
677 2875 816 2942 [tiliorum]
832 2878 976 2928 Ammonis
994 2879 1149 2943 clangorem
1166 2879 1230 2934 belli,

258 2980 296 2992 ...
308 2955 346 2992 ,et
358 2944 427 2991 filiae
439 2944 498 3005 ejus
511 2945 573 3005 igne
585 2946 776 2992 comburentur
784 2943 797 2962 ”
811 2944 884 3003 (xlix.
896 2944 937 3004 2);

123 3067 158 3120 et
178 3059 267 3139 apud
287 3056 499 3131 Ezechielem,

175 3170 191 3190 “
200 3168 315 3294 Qua(ndo
330 3168 423 3293 to)llitis
437 3168 508 3215 dona
522 3177 619 3225 vestra.
634 3181 695 3216 cum
713 3168 850 3217 traducitis
866 3167 935 3217 filios
948 3178 1053 3217 vestros
1068 3183 1116 3232 per
1130 3164 1233 3231 ignem¹'

264 3250 307 3282 xx.
320 3246 349 3293 31
373 3248 380 3281 z

124 3386 182 3446 per
201 3364 426 3427 “comburere
445 3362 531 3424 filios
550 3372 584 3425 et
605 3361 688 3424 filias
708 3361 811 3443 igne’'
829 3360 1039 3442 significatur
1055 3384 1116 3445 per
1134 3361 1232 3426 malas

123 3459 328 3541 cupiditates
351 3479 410 3520 seu
430 3478 490 3539 per
509 3456 618 3519 malos
637 3477 770 3519 amores
794 3457 969 3519 destruere
988 3477 1069 3520 vera
1092 3468 1128 3520 ct
1151 3457 1233 3520 bona

123 3554 308 3616 ecclesiae:
334 3554 377 3615 sit
401 3552 490 3633 quod
515 3551 603 3613 tales
622 3551 895 3613 abominationes
913 3550 1067 3625 iecerint,
1089 3572 1148 3633 per
1166 3550 1233 3614 illas

124 3669 228 3730 usque
244 3646 452 3728 significatur
468 3642 653 3708 destructio
672 3646 741 3707 veri
761 3654 796 3707 et
816 3645 896 3707 boni
912 3645 1079 3709 ecclesiae
1096 3667 1155 3728 per
1170 3645 1233 3708 soc·

123 3742 185 3804 das
209 3752 244 3805 et
267 3741 514 3804 abominandas
536 3740 841 3821 concupiscentias,
862 3760 945 3821 quas
968 3760 1028 3821 per
1050 3740 1137 3803 salsa
1159 3759 1233 3804 con-

124 3835 352 3899 firmaverunt.
388 3835 444 3897 Ex
458 3835 509 3897 his
527 3854 613 3896 nunc
631 3843 789 3896 constare
805 3844 921 3915 potest
935 3834 1015 3916 quid
1031 3834 1235 3915 significatur

124 3952 183 4014 per
208 3932 437 4011 “grandinem
468 3940 504 3992 et
531 3931 647 4009 ignem
678 3928 788 3991 mixta
812 3929 988 4008 sanguine,
1013 3938 1050 3991 et
1077 3931 1180 3992 missa
1204 3928 1233 3989 in

124 4036 261 4100 terram,
283 4026 372 4088 unde
396 4025 498 4087 tertia
517 4043 595 4105 pars
614 4023 770 4086 arborum
794 4023 974 4085 combusta
993 4032 1058 4098 est,
1080 4034 1117 4087 et
1139 4041 1233 4086 omne

123 4140 264 4203 gramen
288 4121 393 4182 viride
417 4119 633 4182 combustum
657 4127 710 4180 est
723 4117 749 4195 ;''
768 4136 901 4199 nempe,
921 4117 1012 4199 quod
1032 4118 1235 4200 significetur

125 4216 269 4279 influxus
293 4237 311 4277 e
335 4213 441 4287 caele,
463 4223 498 4276 et
522 4213 629 4295 prima
648 4213 726 4275 inde
745 4213 892 4275 mutatio
910 4221 992 4275 ante
1015 4211 1173 4277 ultimum
1188 4210 1234 4293 ju·

124 4312 266 4374 dicium:
287 4309 366 4392 quid
383 4317 497 4370 autern
510 4327 569 4388 per
584 4307 767 4369 “arborem
776 4306 790 4330 ”
800 4316 835 4369 et
853 4326 912 4387 per
924 4311 1097 4387 “gramen
1114 4307 1214 4370 viride
1222 4301 1235 4328 ’⁸

124 4401 343 4486 significatur,
364 4402 396 4464 in
421 4399 641 4484 sequentibus
660 4400 801 4464 dicetur.
847 4398 964 4463 Simile
983 4401 1089 4464 etiarn
1114 4398 1233 4464 dictum
