2716 4986
373 506 454 558 can.
470 506 530 570 vn,
547 506 651 558 vans.
668 506 777 557 a-n.
795 490 928 576 355[J].
1125 491 1205 588 ·68r

98 673 219 757 equis;”
243 695 305 757 per
327 681 348 708 ‘⁴
358 674 580 757 hyacinthum
590 675 605 699 ”
627 697 694 759 quo
717 676 833 738 vestiti
857 640 1208 757 significaturialsum

97 788 257 851 apparens
276 771 367 832 sicut
383 791 510 842 verum,
528 770 620 853 quod
638 770 676 832 fit
692 771 856 852 imprimis
871 790 931 852 per
943 769 1208 851 applicationem

96 882 206 925 sensus
225 863 364 926 litterae
382 863 487 926 Verbi
506 866 548 927 ad
568 865 731 947 principia
751 863 834 926 salsi.
880 863 983 945 Apud
1000 862 1195 957 Jeremtitm,

139 995 190 1045 “A
203 996 282 1045 Dane
294 997 402 1046 auditus
414 1006 455 1046 est
468 998 602 1046 rhonchus
614 1012 744 1061 equorum
758 997 826 1059 eJ'us,
840 1012 857 1045 a
868 1011 934 1045 voce
948 997 1099 1044 hinnituum
1113 996 1208 1044 robus·

218 1072 307 1110 torum
326 1062 386 1124 ejus
403 1063 563 1111 contremuit
581 1072 638 1112 tota
655 1072 735 1121 terra,
748 1072 775 1111 et
787 1072 921 1111 venerunt
938 1071 966 1110 et
982 1068 1208 1122 consumpserunt

218 1137 317 1177 terram
328 1139 355 1176 et
364 1129 556 1190 plenitudinem
567 1128 635 1190 ejus,
649 1125 768 1193 [urbem]
779 1138 805 1176 et
814 1128 965 1176 habitantes
975 1126 1001 1174 in
1014 1125 1067 1175 ea''
1077 1126 1141 1187 (viii.
1152 1125 1206 1187 tol:

92 1253 165 1334 quid
178 1274 238 1335 per
251 1258 271 1285 ⁴‘
283 1255 417 1316 Danem
428 1254 443 1279 '³
459 1254 673 1337 intelligitur,
687 1276 787 1337 supra
797 1256 830 1318 in
844 1253 909 1317 hoc
923 1253 1067 1316 articulo
1080 1250 1206 1315 dietum

92 1357 150 1422 est,
170 1349 263 1430 quod
287 1369 411 1430 nempe
430 1369 546 1412 verum
570 1352 603 1412 in
624 1371 685 1413 suo
705 1350 846 1426 ultimo;
870 1349 935 1412 hoc
955 1369 1070 1412 verum
1093 1349 1126 1410 in
1149 1366 1206 1410 ec-

92 1439 190 1503 clesia
209 1452 262 1504 est
282 1444 372 1524 quod
397 1444 591 1506 continetur
609 1445 642 1506 in
666 1465 766 1506 sensu
786 1444 923 1506 litterae
942 1442 1069 1519 Verbi;
1093 1443 1149 1524 qui
1170 1442 1219 1516 in,

92 1533 151 1598 ltoc
174 1536 250 1598 solo
277 1547 429 1611 manent,
454 1548 489 1600 et
517 1557 586 1599 non
613 1539 646 1600 id
678 1538 796 1619 legunt
824 1558 869 1600 ex
892 1534 1047 1600 doctrina
1070 1536 1206 1617 genuini

92 1630 164 1703 veri,
195 1651 283 1711 quae
316 1632 419 1694 ducat
447 1642 482 1695 et
514 1632 673 1706 illustret,
707 1633 741 1695 in
775 1633 885 1695 omnis
914 1632 1049 1712 generis
1077 1650 1207 1693 errores

92 1723 203 1786 auferri
234 1735 399 1806 possunt;
434 1725 468 1788 hi
498 1728 553 1807 qui
579 1727 773 1789 auferuntur
804 1728 836 1789 in
864 1745 995 1789 errores
1022 1746 1081 1787 seu
1109 1725 1206 1800 salsa,

92 1816 323 1898 intelliguntur
341 1819 394 1881 hic
415 1840 474 1901 per
495 1820 688 1893 “Danem'’
707 1818 922 1883 confirmatio
945 1819 1108 1881 salsorum
1126 1819 1206 1882 inde

92 1931 144 1991 per
163 1912 388 1975 “rhonchum
412 1931 575 1995 equorum
599 1914 699 1994 ejus,”
722 1925 757 1978 et
781 1912 1036 1978 falsificationes
1056 1914 1124 1976 veri
1147 1933 1207 1994 per

93 2011 236 2069 “vocem
260 2005 450 2069 hinnituum
470 2009 686 2071 robustorum
710 2008 780 2090 ejus
797 2009 823 2086 ;”
848 2008 1006 2071 “robusti
1015 2007 1030 2031 ”
1049 2008 1207 2071 dicuntur

90 2119 129 2161 ex
151 2098 284 2174 fiducia,
305 2103 383 2183 quia
405 2122 449 2164 ex
473 2122 574 2164 sensu
602 2103 737 2165 litterae
754 2101 870 2176 Verbi,
894 2102 985 2183 quod
1016 2101 1138 2164 salsum
1161 2102 1206 2164 sit

91 2213 218 2256 verum:
250 2196 342 2277 quod
365 2196 443 2258 inde
466 2195 611 2259 ecclesia
631 2198 743 2278 quoad
765 2196 836 2276 ejus
855 2217 935 2258 vera
957 2207 993 2258 et
1017 2196 1107 2257 bona
1126 2215 1203 2258 vas·

90 2297 185 2362 tetur,
206 2288 417 2370 significatur
433 2311 492 2371 per
512 2293 748 2355 “contremuit
773 2302 849 2353 tota
868 2300 968 2363 terra,
986 2301 1020 2352 et
1038 2299 1204 2352 venerunt

90 2391 120 2442 et
131 2394 415 2463 consumpserunt
429 2395 555 2445 terram
569 2395 604 2446 et
620 2384 866 2465 plenitudinem
878 2384 949 2464 ejus
962 2395 997 2446 et
1008 2380 1204 2447 habitantes

90 2475 118 2536 in
139 2496 199 2552 ea;
230 2484 350 2539 “terra
362 2477 376 2500 ”
399 2487 452 2540 est
476 2478 633 2551 ecclesia,
660 2479 869 2560 “plenitudo
892 2478 962 2558 ejus
974 2479 988 2502 ”
1011 2489 1089 2541 sunt
1113 2499 1203 2553 vera,

89 2579 120 2630 et
139 2569 368 2633 “habitantes
387 2572 420 2633 in
439 2593 479 2634 ea
490 2571 506 2596 ”
525 2583 604 2635 sunt
624 2573 723 2635 bona.
770 2572 875 2654 Apud
895 2572 1047 2646 Esaiam,

135 2713 273 2762 “Sustulit
291 2715 398 2775 signum
419 2716 543 2776 gentibus
556 2731 571 2763 e
583 2715 741 2778 longinquo,
755 2725 782 2764 et
800 2716 917 2764 sibilavit
936 2716 972 2764 illi
989 2717 1024 2763 ab
1036 2716 1203 2766 extremitate

214 2788 310 2837 terrae,
325 2790 351 2828 et
369 2795 430 2828 ecce
447 2781 501 2828 cito
513 2782 593 2829 velox
606 2782 731 2829 adveniet
744 2795 761 2837 ;.
772 2818 778 2830 .
789 2818 795 2829 .
805 2781 892 2843 ‚cujus
904 2782 958 2829 tela
969 2792 1055 2839 acuta,
1069 2791 1095 2830 et
1108 2796 1203 2831 omnes

211 2859 289 2893 arcus
302 2845 361 2906 ejus
376 2846 454 2902 tensi,
468 2846 586 2907 ungulae
599 2861 728 2909 equorum
741 2846 802 2907 ejus
820 2847 887 2895 sicut
902 2862 980 2909 rupes
999 2857 1162 2910 reputantur,
1176 2855 1204 2896 et

212 2921 288 2959 rotae
300 2911 359 2972 ejus
371 2912 438 2959 sicut
452 2911 570 2973 procella
577 2910 590 2929 '⁸
603 2912 639 2972 (v.
651 2911 690 2968 26,
701 2911 756 2973 adl:

87 3048 185 3111 etiam
199 3048 253 3111 hic
266 3049 379 3130 agitur
391 3048 433 3112 de
447 3049 512 3111 illis
521 3050 576 3131 qui
589 3050 623 3112 in
637 3049 763 3112 ultimis
772 3060 850 3113 sunt
864 3050 975 3133 quoad
989 3047 1202 3113 intellectum

86 3144 150 3205 veri
180 3153 216 3206 et
247 3143 360 3226 quoad
390 3145 646 3226 perceptionem
676 3144 779 3220 boni;
810 3145 929 3206 ultima
956 3144 1014 3207 illa
1036 3154 1203 3213 vocantur

86 3234 266 3308 sensualia,
277 3255 364 3317 quae
380 3244 460 3297 sunt
473 3235 595 3296 ultima
608 3235 774 3296 naturalis
787 3234 934 3297 hominis
946 3251 1084 3308 (dequibus
1095 3251 1204 3295 numiui

86 3338 107 3382 rn
120 3341 239 3385 Donum
247 3341 330 3385 Novae
339 3341 521 3397 Hierosolyma,
532 3337 648 3398 annot:
672 3345 717 3386 ex
733 3324 800 3385 illis
813 3326 982 3404 separatis
998 3345 1017 3385 a
1034 3319 1201 3404 spirituali

86 3415 219 3479 homine
238 3419 426 3479 scaturiunt
445 3419 559 3480 omnia
577 3417 668 3479 mala
686 3427 721 3481 et
740 3416 824 3479 salsa
843 3438 929 3498 quae
949 3418 980 3478 in
1000 3417 1147 3478 ecclesia
1164 3426 1200 3478 et

86 3508 114 3571 in
130 3510 199 3592 ejus
216 3507 369 3573 doctrina
384 3532 392 3587 ;
417 3511 506 3573 mala
521 3511 600 3574 inde
620 3509 851 3591 significantur
867 3530 926 3591 per
944 3517 1096 3590 “gentes
1113 3530 1199 3591 quae

86 3605 220 3666 venient
239 3624 257 3665 e
278 3604 495 3686 longinquo,”
514 3614 548 3666 et
567 3603 652 3666 salsa
672 3624 731 3685 per
748 3603 842 3665 illum
859 3604 915 3684 qui
934 3604 1058 3664 “venit
1078 3603 1121 3665 ab
1137 3623 1200 3686 ert·

86 3697 256 3760 tremitate
280 3707 391 3759 terrae
406 3698 432 3774 ;'’
458 3705 476 3728 ‘¹
489 3696 733 3779 longinquum”
749 3707 784 3759 et
807 3697 1041 3759 “extremitas
1066 3705 1176 3759 terrae
1186 3694 1202 3718 ‘¹

85 3790 274 3872 significant
291 3790 350 3853 illa
366 3811 452 3873 quae
468 3801 601 3854 remota
617 3798 696 3853 sunt
713 3791 832 3852 averis
848 3800 884 3851 et
901 3791 997 3851 bonis
1014 3789 1199 3852 ecclesiae:

85 3904 139 3964 per
155 3886 257 3948 “tela
275 3906 362 3967 quae
378 3885 509 3959 acuta,'’
522 3895 557 3948 et
577 3905 636 3966 per
651 3890 778 3946 “arcus
796 3885 851 3965 qui
871 3883 989 3958 tensi,‘'
1006 3881 1199 3963 significan-

84 3987 133 4042 tur
154 3980 240 4043 ialsa
268 3977 444 4043 doetrinae
472 3989 592 4061 parata
619 3979 661 4040 ad
689 3977 935 4040 destruendum
959 3997 1058 4053 vera;
1084 3985 1118 4038 et
1142 3995 1201 4056 per

86 4075 254 4157 “ungulas
266 4095 429 4156 equorum
442 4095 527 4157 quae
541 4075 628 4136 sicut
642 4093 739 4154 rupes
749 4070 978 4152 reputantur,”
994 4081 1030 4132 et
1043 4089 1102 4150 per
1116 4075 1200 4130 “ro-

84 4176 131 4232 tas
162 4170 235 4252 ejus
265 4189 353 4251 quae
383 4170 470 4230 sicut
505 4165 685 4248 procella,''
719 4163 952 4245 significantur
982 4163 1102 4224 ultima
1132 4162 1201 4223 veri

82 4265 186 4345 qualia
209 4272 293 4327 sunt
312 4283 399 4344 quae
419 4263 451 4324 in
471 4282 573 4324 sensu
597 4260 734 4322 litterae
751 4257 868 4333 Verbi,
888 4278 927 4319 ac
952 4255 1200 4337 argumentati-

82 4379 156 4423 ones
175 4370 212 4425 et
230 4356 512 4422 confirmationes
528 4355 601 4417 falsi
621 4374 680 4435 per
697 4353 754 4415 illa
767 4352 792 4430 ;’'
817 4350 993 4432 “ungulae
1012 4347 1200 4430 equorum”

80 4465 151 4521 sunt
170 4455 298 4520 ultima
317 4447 522 4526 intellectus,
540 4449 594 4512 hic
614 4444 808 4512 intellectus
826 4445 985 4528 perversi,
1003 4444 1079 4526 quia
1097 4460 1196 4522 sepa·
