2684 4988
366 485 452 536 can.
468 485 527 549 v1.,
544 485 648 538 vens.
669 489 797 555 14-rt.
812 492 886 558 404
1125 497 1191 565 90¹.

104 654 150 716 rod
171 675 235 716 non
259 657 485 738 recipiantur,
509 668 545 722 et
568 659 595 722 si
623 661 831 742 recipiuntur
853 661 962 726 solum
985 665 1189 746 recipiantur

104 751 217 812 emoria
229 760 264 812 et
278 771 352 814 non
364 752 468 814 corde
480 773 488 815 ε
508 754 599 834 quod
611 755 802 818 “decidant
813 756 893 819 dum
906 760 1189 823 commoventur”

104 843 222 922 gnificat
245 845 340 927 quod
366 865 436 909 non
462 847 553 911 bona
576 850 644 912 sint
669 851 808 913 tametsi
831 863 996 932 apparent
1023 863 1059 914 ut
1087 854 1186 925 bona,

104 940 137 999 ria
150 933 227 1003 sunt
245 942 448 1022 “primitiae
460 942 487 1018 ;”
508 953 544 1007 et
562 950 691 1026 “super
709 966 748 1007 os
767 947 980 1009 comedentis
989 947 1003 969 ''
1019 948 1187 1028 significat

104 1053 128 1093 ·n
149 1036 396 1115 receptionem,
421 1038 622 1119 nequidem
647 1042 832 1102 memoria:
860 1040 951 1121 quod
976 1048 1046 1104 “os
1070 1062 1185 1105 come·

104 1127 192 1190 ntis'¹
214 1127 387 1208 significet
411 1149 478 1192 non
504 1133 664 1213 recipere,
689 1144 827 1196 constat
850 1154 895 1195 ex
921 1137 1128 1216 apparentiis
1152 1138 1186 1198 in

104 1221 185 1283 undo
206 1222 386 1302 spirituali,
410 1236 577 1305 apparent
600 1227 690 1288 enim
718 1228 868 1307 recipere
894 1248 952 1291 ore
979 1230 1033 1309 qui
1061 1228 1185 1310 aliquid

104 1317 241 1377 emoriae
258 1317 423 1392 tradunt;
446 1338 548 1399 quare
566 1325 694 1401 “super
712 1341 750 1381 os
769 1319 842 1400 ejus
857 1322 1003 1384 cadere”
1018 1322 1185 1402 significat

104 1410 255 1491 :quidem
276 1413 444 1473 memoria
464 1414 622 1494 recipere,
641 1413 701 1476 sed
725 1415 830 1476 modo
852 1417 978 1490 audire,
999 1426 1034 1477 et
1053 1436 1185 1497 quoque

109 1505 280 1586 recipiunt,
298 1506 391 1586 quod
411 1507 514 1569 modo
531 1509 693 1570 memoria
712 1518 747 1570 et
768 1529 836 1570 non
853 1511 975 1572 corde:
1001 1530 1060 1590 per
1077 1510 1186 1575 “licus

104 1619 137 1661 nn
158 1601 336 1681 primitiis'’
355 1602 459 1663 etiam
484 1600 629 1682 intelligi
653 1614 795 1683 possunt
818 1604 909 1666 bona
931 1606 1088 1685 genuina,
1109 1624 1184 1666 curn

104 1693 177 1756 ribus
195 1695 303 1757 simile
323 1694 361 1758 fit
381 1695 470 1777 apud
489 1695 566 1758 illos
585 1696 640 1776 qui
659 1697 692 1756 in
712 1695 803 1758 falsis
822 1695 902 1759 mali
920 1708 1009 1760 sunt.

122 1815 223 1884 404.
245 1816 326 1876 [Vm.
338 1818 386 1876 14]
408 1801 493 1864 ’ΜΗ
508 1802 628 1863 ceolum
646 1801 803 1865 abcessit
822 1808 965 1886 tunquam
985 1803 1063 1864 libor
1077 1822 1186 1866 convo·

104 1889 318 1972 lvt.''-Quod
338 1890 510 1972 significet
529 1891 621 1972 quod
633 1891 837 1972 spiritualis
854 1885 948 1953 homo
961 1891 1108 1954 occlusus
1125 1894 1183 1968 sit,

104 1994 194 2045 instat
211 2005 255 2046 ex
276 1983 525 2064 significatione
543 1984 687 2056 “caeli’'
705 1985 797 2066 quod
817 1986 860 2046 sit
877 1984 1019 2047 ecclesia
1037 1986 1070 2047 in
1091 2005 1184 2047 com·

104 2078 153 2138 runi
170 2089 203 2139 et
223 2079 256 2140 in
280 2077 485 2159 particulari,
505 2096 585 2139 nam
605 2078 752 2140 ecclesia
770 2089 824 2140 est
844 2077 974 2140 caelum
995 2078 1131 2140 Domini
1150 2081 1183 2141 in

104 2172 168 2245 nris,
184 2173 288 2234 etiam
307 2170 451 2233 ecclesia
470 2191 572 2232 unum
589 2171 669 2234 iacit
688 2191 764 2234 cum
784 2171 881 2234 caelo
900 2191 959 2254 per
975 2170 1183 2252 conjundtio·

104 2285 160 2327 ern:
184 2264 301 2348 (quare
318 2284 395 2327 cum
412 2265 445 2326 in
460 2263 577 2327 Verbo
590 2265 712 2328 dicitur
725 2265 886 2327 “caelum
903 2277 937 2328 et
954 2276 1044 2328 terra
1055 2265 1070 2288 '⁸
1082 2266 1183 2329 intel·

104 2360 174 2438 gitur
185 2359 330 2422 ecclesia
346 2361 480 2421 interna
495 2370 530 2421 et
547 2371 703 2433 externa,
717 2361 887 2422 internum
903 2361 993 2422 enim
1010 2361 1184 2424 hominum

104 2452 220 2516 telesiae
243 2465 297 2516 est
322 2453 454 2516 caelum
478 2454 567 2536 apud
591 2454 678 2528 illos,
701 2465 735 2516 et
759 2465 940 2517 externum
964 2466 1017 2517 est
1041 2457 1184 2518 mundus

104 2547 153 2626 pud
176 2548 270 2610 illos:
298 2558 335 2610 et
363 2548 440 2629 quia
467 2569 526 2629 per
550 2548 711 2611 “caelum
738 2558 774 2610 et
802 2559 926 2611 terram
936 2548 951 2572 '’
978 2547 1184 2630 significatur

104 2639 202 2704 telesia
220 2644 355 2704 interna
374 2652 409 2704 et
428 2653 585 2717 externa,
604 2642 682 2705 inde
702 2662 835 2723 quoque
855 2641 1061 2723 significatur
1080 2644 1182 2727 homo

104 2743 210 2798 aternus
225 2748 261 2799 et
277 2748 453 2809 externus,
468 2757 526 2797 seu
539 2737 643 2798 homo
655 2736 836 2818 spiritualis
851 2746 887 2799 et
904 2736 1064 2799 naturalis
1077 2759 1085 2814 ;
1105 2757 1182 2799 nam

104 2846 168 2890 ionio
184 2840 234 2892 est
253 2829 410 2903 ecclesia,
428 2831 544 2910 inquo
562 2830 689 2891 bonnm
709 2831 832 2892 amoris
851 2839 886 2893 et
905 2829 981 2892 fidei
1000 2841 1064 2904 est,
1081 2852 1182 2912 quare

104 2940 122 2982 >x
134 2922 311 2987 hominibus
329 2926 361 2986 in
376 2925 494 3007 quibus
509 2935 561 2986 est
578 2923 732 2997 ecclesia,
746 2925 864 2986 existit
880 2923 1024 2987 ecclesia
1040 2927 1072 2986 in
1089 2946 1182 2988 corn-

104 3018 174 3080 uuni:
196 3019 272 3081 inde
290 3030 387 3101 patet
401 3019 490 3081 unde
504 3019 659 3100 estquod
676 3039 734 3100 per
748 3024 767 3049 ‘⁴
778 3017 931 3080 caelum''
944 3019 995 3080 hic
1013 3019 1182 3100 intelliga-

104 3130 130 3174 ur
143 3113 236 3176 horno
253 3114 408 3176 internus
426 3133 484 3175 seu
503 3112 704 3194 spiritualis:
729 3113 833 3174 homo
851 3112 1032 3194 spiritualis
1052 3114 1181 3184 dicitur,

104 3207 320 3290 intelligitur
339 3227 435 3269 mens
454 3207 646 3288 spiritualis,
665 3227 751 3288 quae
770 3216 823 3269 est
843 3227 938 3269 mens
957 3208 1106 3288 superior
1124 3228 1182 3269 seu

104 3303 200 3366 nterior
214 3303 380 3378 hominis;
404 3321 500 3364 mens
518 3311 633 3363 autem
652 3300 787 3364 inferior
802 3322 861 3363 seu
878 3303 1029 3364 exterior
1044 3312 1183 3363 vocatur

104 3411 168 3459 tono
181 3396 341 3461 naturalis
352 3394 377 3478 ι)
402 3408 437 3459 et
456 3417 501 3458 ex
520 3393 768 3477 significatione
786 3397 979 3459 “abscessit
996 3398 1080 3458 sicut
1100 3395 1183 3458 liber

104 3491 293 3566 nuvolutus,”
311 3491 403 3573 quod
425 3491 470 3552 sit
488 3490 580 3572 quod
603 3489 759 3553 occlusus
782 3492 847 3568 sit;
870 3511 949 3553 nam
969 3511 1064 3553 mens
1087 3491 1181 3571 spiri·

104 3583 176 3660 ult,
189 3607 273 3668 quae
293 3596 358 3658 est,
376 3595 413 3648 ut
428 3581 566 3660 dietum,
584 3605 680 3647 mens
698 3587 848 3667 superior
864 3606 922 3648 seu
942 3586 1078 3647 interior
1092 3584 1182 3665 apud

104 3679 243 3752 toninem,
262 3679 411 3761 aperitur
433 3698 493 3761 per
513 3699 593 3741 vera
615 3678 785 3762 applicata
808 3681 910 3751 vitae,
930 3681 977 3741 ita
999 3699 1058 3761 per
1080 3679 1181 3750 bona,

104 3775 194 3836 ttvero
208 3773 398 3838 occluditur
413 3793 472 3855 per
490 3773 574 3836 salsa
588 3773 758 3855 applicata
774 3774 875 3845 vitae,
892 3774 940 3836 ita
956 3794 1014 3854 per
1031 3771 1129 3846 mala,
1146 3784 1180 3836 et

104 3864 211 3932 nclusio
227 3879 280 3932 est
300 3870 388 3932 sicut
404 3868 618 3931 convolvitur
633 3867 791 3930 volumen
812 3868 894 3929 libri.
940 3866 1040 3947 Quod
1060 3867 1106 3928 ita
1126 3868 1178 3937 sit.

104 3961 178 4032 vetuit
196 3964 371 4027 manifeste
398 3984 443 4027 ex
466 3963 672 4044 apparentiis
698 3963 730 4024 in
759 3961 886 4024 mundo
909 3960 1081 4043 spirituali,
1106 3979 1180 4022 cum

104 4045 218 4119 ultimum
240 4057 400 4138 judicium
424 4053 549 4120 latium
572 4066 645 4133 est;
672 4056 715 4118 ibi
738 4057 828 4118 enim
852 4067 932 4118 tunc
955 4067 1181 4136 apparuerunt

106 4157 204 4211 montes
224 4163 257 4214 et
279 4152 384 4214 colles
407 4152 610 4234 quandoque
634 4151 791 4214 convolvi
814 4151 900 4213 sicut
924 4150 1080 4212 volumen
1109 4148 1181 4210 libri

108 4243 285 4319 convolvitur,
304 4257 339 4309 et
363 4257 445 4311 tunc
469 4246 516 4308 illi
539 4246 595 4328 qui
618 4266 717 4327 super
737 4247 777 4308 iis
800 4256 897 4308 erant
916 4245 1183 4307 devolvebantur

111 4324 304 4430 {linianum
331 4362 418 4423 quae
442 4342 640 4423 apparentia
662 4340 765 4403 trahit
788 4360 924 4402 causam
947 4362 990 4401 ex
1016 4360 1066 4410 eo,
1091 4337 1180 4419 quod

113 4431 228 4497 nteriora
242 4440 360 4501 mentis
376 4457 505 4511 eorum,
522 4457 580 4519 per
596 4458 680 4519 quae
695 4435 819 4518 aliquid
839 4434 922 4497 lucis
941 4457 959 4498 e
978 4433 1073 4498 caelo
1092 4434 1180 4513 prius
