2684 4988
111 477 193 545 1074
418 474 668 526 APOCALYPSIS
690 475 917 527 EXPLICATA.

107 650 233 713 Divino
259 647 388 710 Amore
416 646 524 728 Ipsius
536 646 562 723 ;”
591 658 626 711 et
653 648 686 710 in
710 650 874 730 sanguine
904 670 1047 713 uvarum
1075 648 1204 712 velamei

107 742 221 807 suum”
236 741 403 822 sIgnificat
424 740 618 803 Humanum
638 741 774 804 Domini
792 743 965 806 internum
985 764 1045 806 seu
1065 741 1204 806 rational

108 834 199 916 quod
223 833 380 896 DivInum
410 833 540 897 Bonum
563 854 609 897 ex
637 834 761 897 DivIno
784 835 914 899 Amore
939 837 1069 918 Ipsius:
1104 836 1204 899 “rubet

108 928 214 991 oculis
233 948 312 1009 prae
331 929 410 991 vino
418 927 433 952 ”
452 927 619 1010 sIgnificat
641 929 732 1013 quod
758 929 954 994 Humanum
978 932 1140 993 internum
1160 950 1204 998 seu

108 1024 273 1086 rationale
294 1044 361 1085 non
380 1025 423 1086 sit
444 1025 505 1086 nisi
520 1024 672 1100 Bonum;
695 1032 761 1087 “et
780 1024 877 1087 albus
900 1026 1062 1088 dentibus
1079 1047 1098 1087 a
1115 1021 1202 1087 lade*

109 1116 277 1197 significat
298 1115 417 1198 [quod]
440 1117 633 1179 Humanum
650 1129 831 1181 externum
847 1139 907 1181 seu
926 1120 1080 1182 naturale
1095 1121 1194 1185 nonsit

111 1210 173 1273 nisi
191 1210 321 1272 Bonum
339 1210 430 1273 Veri.
475 1211 531 1273 Ex
547 1211 686 1292 singulis
705 1212 737 1274 in
753 1212 983 1292 descriptione
999 1213 1056 1275 illa
1070 1220 1189 1275 constare

111 1314 226 1384 potest
242 1305 332 1387 quod
349 1325 408 1386 per
422 1305 638 1386 “Jehudam”
651 1325 719 1369 non
735 1307 948 1388 intelligatur
958 1307 1077 1388 Judah,
1089 1308 1136 1369 sed
1148 1307 1185 1368 ali·

111 1395 202 1476 quod
224 1397 379 1458 eminens
401 1396 564 1468 caeleste,
583 1398 675 1478 quod
697 1399 746 1461 ita
767 1398 986 1461 describitur.
1029 1413 1184 1471 (senup-

111 1486 176 1530 latIm
187 1487 305 1544 eprIcata
314 1488 439 1532 rideantur
449 1488 472 1532 in
483 1489 588 1533 Arcucis
600 1489 747 1542 Caelestius.
755 1502 771 1534 a
780 1502 804 1536 n.
815 1489 876 1547 6363
887 1491 920 1534 ad
931 1487 1035 1547 1¹16381.)

173 1553 237 1636 [Ia]
268 1554 373 1636 Apud
391 1554 607 1631 Ezechielem,

162 1687 230 1736 “Tu
248 1688 283 1736 fili
301 1687 426 1744 homiuis,
440 1702 517 1737 sume
534 1689 581 1739 tibi
600 1689 702 1751 lignum
714 1703 806 1747 unum,
820 1698 847 1739 et
864 1691 953 1738 scribe
971 1705 1049 1752 super
1060 1690 1121 1746 illud,
1131 1687 1185 1752 Jeht·

241 1754 292 1801 dae
305 1764 333 1802 et
350 1753 412 1801 filiis
427 1753 532 1803 Israelis
546 1764 574 1804 et
587 1755 668 1803 sociIs
679 1755 753 1816 ejus:
771 1755 868 1804 deinde
886 1770 964 1804 sume
982 1757 1079 1818 lignum
1089 1759 1186 1807 ununet

242 1818 327 1867 scribe
339 1832 420 1880 super
432 1819 504 1876 illud,
518 1818 638 1883 Josephi‚
653 1820 754 1881 lignum
769 1819 896 1883 Ephraim
909 1830 936 1869 et
949 1821 1038 1869 omnis
1049 1821 1130 1868 domus
1141 1817 1187 1866 Ian·

242 1883 336 1932 elis...
347 1920 353 1932 .
367 1898 373 1939 ;
384 1894 532 1946 posteacon
535 1884 617 1946 junge
624 1885 677 1941 illa,
687 1900 768 1933 unum
775 1899 834 1933 cum
841 1886 927 1934 altero
934 1885 982 1934 tibi
991 1886 1017 1934 in
1026 1886 1115 1948 lignum
1122 1894 1187 1937 unum,

243 1959 273 1997 ut
290 1949 438 1997 sintunum
451 1951 532 1997 ambo
544 1950 571 1999 in
590 1965 672 1999 manu
689 1947 785 1999 l¹lmea.
814 1950 936 2011 ....Ego
955 1962 1101 2013 accepturus
1115 1949 1188 2010 ilgm

243 2013 354 2078 Josephi
364 2014 434 2076 quod
448 2016 474 2062 iu
485 2029 566 2063 manu
580 2014 716 2076 EphraImi
728 2027 755 2065 et
767 2016 883 2064 tribuum
897 2014 1006 2064 Israelis
1015 2016 1133 2064 sociorum
1141 2011 1188 2074 citt.

243 2089 270 2128 et
282 2080 411 2128 adducam
424 2094 504 2142 super
517 2079 562 2128 illo
574 2094 634 2129 cum
647 2081 722 2143 ligno
733 2080 861 2144 Jehudae,
876 2090 903 2129 et
915 2080 1011 2129 iaciant
1024 2095 1069 2129 eos
1080 2080 1103 2128 in
1114 2078 1189 2141 lignun

243 2158 326 2193 unum
333 2181 475 2194 ........
482 2144 541 2206 Ego
557 2155 713 2208 accepturus
731 2145 798 2195 filios
818 2146 927 2195 Israelis
941 2147 977 2194 ab
990 2147 1191 2207 intergenteaqw

243 2210 393 2267 abiverunt,
412 2221 439 2259 et
459 2213 630 2272 congregabo
649 2226 696 2260 eos
717 2226 734 2259 a
751 2211 867 2267 circuitu.
888 2221 915 2260 et
935 2212 1064 2260 adducam
1081 2224 1123 2259 eos
1135 2216 1192 2268 supet

244 2284 341 2323 terram
351 2290 435 2331 suam,
447 2276 577 2324 etfaciam
588 2291 636 2323 eos
646 2277 672 2324 in
682 2285 789 2337 gentem
798 2291 879 2324 unam
890 2291 972 2338 super
980 2285 1050 2325 terra
1056 2276 1080 2324 in
1089 2272 1193 2323 monubts

245 2338 360 2397 Israelis,
375 2351 401 2389 et
420 2340 478 2389 Rex
495 2355 564 2389 unus
581 2342 631 2390 erit
648 2342 773 2390 omnibus
791 2342 843 2389 illis
860 2342 888 2389 In
908 2341 1028 2403 Regem:
1049 2353 1123 2402 neque
1137 2343 1193 2386 emat

243 2405 358 2468 amplius
365 2407 432 2455 duae
439 2416 543 2467 gentes.
553 2421 638 2470 neque
646 2406 797 2455 dividentur
804 2407 920 2468 amplius
929 2407 955 2455 in
964 2408 1018 2456 duo
1028 2405 1193 2467 regnaitenrnt

249 2508 254 2519 .
266 2508 271 2518 .
281 2508 287 2519 .
298 2486 403 2519 ,servus
416 2486 491 2519 meus
506 2470 592 2520 David
607 2471 663 2520 Rex
673 2486 753 2533 super
764 2486 819 2527 eos.
832 2483 860 2520 ut
876 2471 972 2520 Pastor
981 2487 1048 2520 unus
1057 2471 1088 2519 sit
1098 2467 1193 2517 omnibus

244 2536 305 2591 iltis.
318 2547 398 2598 utque
410 2537 437 2584 in
450 2538 557 2598 juditiis
569 2538 636 2585 meis
648 2538 794 2593 ambulent,
808 2547 835 2585 et
847 2547 949 2585 statuta
959 2552 1019 2585 mea
1027 2535 1194 2587 custodiantur

244 2601 342 2650 iaciant
354 2616 400 2655 ea:
419 2613 481 2651 tunc
492 2599 763 2664 1³1habirabunrsuper
773 2613 851 2660 terra,
863 2617 943 2665 quam
954 2604 1014 2652 dedi
1026 2616 1099 2652 servo
1109 2612 1157 2647 meo
1163 2594 1193 2670 Iis

244 2668 319 2721 eobo.
334 2668 360 2714 in
380 2682 431 2729 qua
445 2668 598 2715 habitarunt
611 2677 699 2728 patres
712 2668 802 2724 vestri,
817 2676 844 2715 et
862 2668 1021 2716 habitabunt
1038 2680 1110 2728 super
1120 2664 1156 2711 illa
1168 2658 1193 2708 rllt

244 2740 271 2779 et
284 2731 328 2779 filii
341 2747 443 2788 eorum,
458 2743 484 2781 et
499 2732 545 2781 tilii
558 2732 671 2780 filiorum
685 2746 776 2781 eorum
792 2747 875 2794 usque
890 2732 916 2780 ln
936 2742 1080 2787 aeternum,
1093 2740 1116 2779 et
1132 2722 1194 2776 band

244 2797 342 2845 Servus
352 2813 426 2845 meus
439 2797 565 2859 Princeps
575 2798 626 2845 illis
639 2798 665 2846 in
675 2809 829 2851 aeternum:
847 2806 874 2846 et
888 2812 1004 2858 pangam
1015 2798 1064 2845 illis
1076 2795 1154 2844 Ioedus
1162 2803 1194 2852 pt·

244 2862 290 2916 cis.
306 2863 400 2910 foedus
412 2862 577 2911 aeternitatis
590 2864 640 2910 erit
654 2877 714 2911 cum
733 2862 792 2919 illis,
807 2872 834 2911 et
851 2863 921 2910 dabo
940 2877 996 2919 eos,
1011 2873 1037 2910 et
1049 2857 1194 2920 multiplicabo

244 2941 299 2983 eos,
312 2939 338 2975 et
353 2942 450 2989 ponam
466 2925 646 2976 sanctuarium
663 2942 750 2975 meum
764 2928 791 2976 in
810 2927 901 2975 medio
919 2940 1012 2975 eorum
1032 2927 1057 2974 in
1074 2931 1194 2995 aetemutnj

244 2994 281 3042 sic
296 2994 345 3041 erit
360 2993 539 3041 habitaculum
555 3007 643 3041 meum
658 2992 729 3055 apud
743 2993 813 3050 illos,
829 3003 856 3041 et
870 3007 918 3040 ero
931 2993 984 3041 illis
1000 2993 1026 3040 in
1041 2992 1126 3045 Deum.
1139 2984 1194 3035 etih

243 3069 320 3106 erunt
335 3058 400 3106 Mihi
414 3059 440 3106 in
454 3055 750 3120 populum’'(l⁴1xxxvii.
765 3058 802 3114 to,
817 3069 855 3116 17,
870 3070 908 3119 19,
921 3070 961 3114 21.
973 3069 1013 3115 22,
1029 3052 1091 3121 [ap]
1103 3054 1185 3114 mili

113 3187 192 3269 quid
215 3187 297 3249 haec
322 3184 514 3265 significant
538 3204 638 3247 nemo
657 3185 741 3247 scire
765 3193 881 3263 potest
905 3185 932 3245 si
957 3203 1025 3245 non
1044 3183 1121 3245 sciat
1139 3169 1195 3258 quid

114 3280 318 3362 “Jehudah”
341 3290 376 3342 et
401 3278 564 3352 “Israel”
586 3290 621 3340 et
646 3278 724 3359 quid
750 3277 928 3358 “Joseph”
952 3287 987 3339 et
1016 3264 1195 3356 “Ephraim''

113 3375 323 3456 significant:
356 3373 446 3455 quod
474 3393 541 3434 non
568 3373 721 3453 Jehudah
748 3383 783 3434 et
811 3372 928 3443 Israel,
952 3391 1014 3434 nec
1041 3366 1153 3451 Joseph
1171 3368 1195 3423 el

114 3470 286 3551 Ephraim,
301 3479 395 3548 patet
409 3490 416 3543 ;
442 3486 518 3528 nam
531 3467 652 3528 dicitur
662 3466 751 3548 quod
766 3473 785 3498 ‘⁸
795 3466 900 3528 tribus
915 3465 1049 3527 Israelis
1061 3464 1195 3542 dispersae

113 3566 200 3626 inter
219 3575 340 3643 gentes
360 3570 650 3641 congregarentur
668 3570 703 3622 et
722 3559 970 3621 adducerentur
989 3564 1195 3639 superterram

113 3657 501 3738 Canaanem‚''quodque
513 3655 652 3717 “David
665 3655 728 3717 erit
739 3675 799 3716 rex
811 3663 845 3716 et
859 3655 1017 3733 princeps
1026 3644 1195 3719 illorum,’'tl

112 3754 201 3833 quod
215 3760 232 3782 “
242 3772 317 3813 cum
333 3752 396 3813 Illo
407 3751 619 3812 habitaturae
632 3750 664 3810 in
676 3760 849 3810 aeternum
863 3747 888 3824 ;’'
903 3748 978 3828 quis
989 3767 1056 3809 non
1067 3732 1194 3823 scitquod

113 3847 218 3908 tribus
239 3845 372 3907 Israelis
393 3865 459 3907 non
479 3844 680 3923 congregari
703 3844 845 3922 possint,
865 3851 901 3904 et
920 3842 1013 3923 quod
1033 3837 1136 3903 David
1149 3844 1194 3896 not

111 3940 255 4020 amplius
275 3942 337 4001 erit
357 3961 417 4002 rex
438 3959 537 4017 super
556 3937 644 3999 illis?
689 3935 800 4017 Quare
820 3936 995 3998 sciendum
1014 3945 1077 4009 est,
1096 3925 1193 4015 quidin

112 4054 211 4095 sensu
225 4034 388 4113 spirituali
405 4031 612 4112 significatur
629 4051 687 4112 per
705 4029 928 4111 “Jehudam,”
944 4030 1025 4111 quid
1043 4049 1099 4110 per
1113 4020 1197 4087 “filios

113 4129 275 4201 Israelis,''
299 4140 370 4189 tum
394 4128 472 4209 quid
497 4147 556 4207 per
581 4124 815 4207 “Josephum”
838 4134 873 4186 et
898 4116 1199 4204 “Ephraimum,”et

112 4244 212 4304 porro
237 4224 314 4303 quid
344 4242 401 4302 per
426 4220 650 4292 “Davidem'’
678 4229 713 4281 et
740 4219 818 4300 quid
846 4239 906 4298 per
938 4226 1091 4281 “terram
1117 4214 1202 4279 cana·

111 4317 238 4380 anem.''
295 4317 354 4377 Per
389 4316 605 4395 “Jehudam”
635 4316 666 4375 in
691 4334 791 4375 sensu
824 4313 989 4393 spitituali
1023 4310 1204 4393 significatur

111 4431 252 4493 regnum
290 4410 437 4472 caeleste
473 4410 619 4482 Domini,
655 4429 714 4488 per
748 4406 862 4469 “filios
895 4407 1054 4470 Israelis”
1087 4415 1204 4489 regnum
