2716 4986
124 502 205 568 1240
430 497 679 549 APOCALYPSIS
702 497 929 548 Exmcau.

119 673 162 734 ris
186 682 250 746 est,
275 671 365 753 quod
388 671 423 733 in
446 668 617 733 communi
640 688 797 733 sermone
820 669 954 733 dicatur
976 666 1209 740 “incalescere,'

121 765 319 841 “incendi’'
344 763 546 846 “flagrare''
571 762 851 837 “effervescere’'
876 763 1110 845 “ignescere''
1131 763 1210 826 etsi·

119 860 222 935 milia,
236 879 313 923 cum
331 856 466 941 loquela
482 867 535 922 est
551 858 594 921 de
610 854 844 921 affectionibus
859 878 948 940 quae
964 858 1109 920 amoris:
1131 858 1212 920 etiam

118 955 223 1017 homo
247 975 291 1017 ex
315 972 430 1016 amore
449 971 650 1035 quocunque
674 952 861 1015 secundum
883 951 1030 1033 gradum
1053 951 1122 1032 ejus
1141 952 1213 1014 inca·

119 1047 228 1112 lescit.

190 1151 251 1237 [m]
286 1151 382 1214 Haec
409 1151 452 1213 de
479 1149 729 1231 significatione
760 1149 902 1231 “ignis''
925 1151 959 1212 in
983 1149 1111 1224 Verbo,
1133 1149 1180 1211 ubi
1197 1148 1216 1209 is

119 1248 315 1309 attribuitur
339 1246 498 1317 Domino,
523 1265 562 1308 ac
591 1245 645 1308 ubi
673 1245 796 1309 dicitur
822 1245 865 1309 de
892 1244 992 1308 caelo
1019 1256 1054 1308 et
1085 1244 1217 1308 ecclesia.

119 1341 170 1404 At
195 1341 249 1403 ubi
270 1339 409 1422 “ignis''
433 1341 465 1402 in
487 1337 606 1403 Verbo
629 1340 752 1403 dicitur
774 1341 816 1403 de
839 1338 939 1402 malis
961 1360 1002 1403 ac
1026 1341 1070 1402 de
1093 1338 1217 1408 infernis,

119 1444 200 1498 tunc
228 1436 255 1497 is
282 1433 452 1515 significat
476 1453 627 1497 amorem
651 1435 700 1496 sui
724 1444 759 1498 et
783 1434 909 1506 mundi,
935 1443 971 1496 et
1000 1436 1080 1496 inde
1103 1450 1219 1496 omnem

118 1525 332 1591 affectionem
360 1529 485 1591 malam
513 1538 549 1592 et
581 1528 816 1610 cupiditatem,
843 1548 930 1610 quae
958 1530 1088 1591 cruciat
1119 1527 1221 1608 impios

118 1633 196 1703 post
217 1632 363 1686 mortem
383 1625 415 1685 in
435 1622 582 1685 iniemis.
627 1621 738 1686 Causa
754 1622 844 1704 quod
863 1623 981 1703 “ignis
989 1623 1006 1645 ”
1024 1622 1110 1684 haec
1130 1639 1221 1703 oppo-

118 1717 184 1778 sita
203 1714 383 1796 significet,
401 1726 455 1779 est
471 1717 549 1798 quia
569 1715 712 1778 Divinus
728 1715 849 1790 Amor,
866 1716 1006 1798 quando
1025 1737 1044 1778 e
1064 1715 1160 1779 caelo
1175 1714 1222 1776 de·

118 1810 263 1883 scendit,
288 1829 328 1873 ac
352 1811 385 1872 in
408 1811 594 1873 societates
618 1810 673 1872 ubi
701 1810 781 1872 mali
808 1820 887 1872 sunt
913 1808 1076 1883 illabitur,
1097 1809 1224 1872 vertitur

13 1924 16 1929 ·
118 1905 151 1965 in
175 1924 326 1967 amorem
351 1904 475 1966 Divino
502 1903 623 1966 Amori
652 1904 869 1980 contrarium,
893 1923 934 1993 ες
962 1904 1042 1966 inde
1069 1905 1103 1966 in
1130 1903 1225 1966 varios

118 2001 256 2062 ardores
275 2000 499 2081 cupiditatum
518 2009 553 2062 et
577 1999 941 2080 concupiscentiarum,
960 2009 998 2063 et
1021 1999 1068 2062 sic
1093 2000 1127 2062 in
1150 1995 1225 2060 mala

119 2096 229 2157 omnis
252 2095 407 2176 generis,
440 2103 474 2157 et
503 2094 580 2176 quia
607 2093 698 2155 mala
721 2112 849 2176 poenas
873 2093 953 2157 mali
976 2113 1094 2156 secum
1117 2093 1224 2164 ierunt,

119 2190 223 2251 etiam
243 2191 276 2251 in
295 2190 474 2251 cruciatus.
519 2186 575 2250 Ex
596 2188 818 2251 conversione
838 2187 895 2250 illa
915 2187 1031 2251 Divini
1050 2186 1184 2250 Amoris
1199 2185 1225 2247 in

119 2283 319 2347 infernalem
332 2303 483 2346 amorem
497 2283 585 2366 apud
601 2283 720 2356 malos,
735 2292 902 2364 apparent
918 2283 1061 2357 inferna,
1076 2283 1132 2346 ubi
1144 2301 1225 2345 amo·

118 2398 171 2440 res
188 2379 237 2440 sui
256 2388 291 2441 et
312 2378 426 2440 mundi
446 2387 480 2441 et
500 2378 555 2439 ubi
574 2377 652 2440 odia
670 2386 706 2439 et
725 2373 895 2440 vindictae
913 2387 1074 2458 regnant,
1095 2377 1180 2440 sicut
1198 2375 1225 2436 in

118 2473 286 2546 incendio,
307 2483 378 2535 tam
398 2473 489 2534 intus
508 2491 610 2554 quam
629 2471 754 2534 circum
775 2471 884 2548 circa;
912 2472 1056 2535 tametsi
1078 2493 1098 2534 a
1121 2470 1224 2534 diabo-

118 2565 183 2629 lica
202 2568 311 2642 turba,
332 2588 417 2649 quae
437 2567 516 2629 inibi
540 2576 603 2639 est,
624 2585 693 2628 non
712 2566 895 2648 percipitur
917 2566 1056 2648 aliquod
1080 2566 1223 2648 igneum:

117 2661 222 2723 immo
239 2683 282 2723 ex
299 2661 468 2723 amoribus
487 2660 551 2723 illis
564 2670 705 2742 apparet
722 2659 831 2733 turba,
846 2680 932 2742 quae
948 2661 982 2722 in
997 2660 1124 2725 talibus
1139 2659 1223 2723 inier-

118 2757 180 2828 niS,
201 2754 285 2818 facie
304 2755 514 2817 inflammata
534 2765 569 2817 et
589 2755 732 2817 rubente
752 2755 838 2816 sicut
855 2755 898 2816 ab
917 2755 1008 2834 igne.
1057 2754 1152 2817 Haec
1170 2755 1223 2815 ita·

118 2870 183 2932 que
210 2859 289 2913 sunt
315 2870 401 2931 quae
429 2847 663 2930 significantur
686 2869 745 2930 per
770 2847 937 2929 “ignem''
962 2848 995 2910 in
1020 2848 1224 2931 sequentibus

118 2943 202 3007 locis
215 2944 372 3026 :-Apud
390 2943 543 3017 Esaiam,

169 3092 186 3111 ⁴¹
194 3089 307 3137 Ardebit
319 3089 387 3137 sicut
399 3088 469 3150 ignis
482 3087 592 3144 malitia,
604 3088 763 3136 senticetum
776 3096 803 3134 et
814 3094 953 3148 vepretum
966 3087 1100 3144 comedet,
1112 3096 1138 3136 et
1149 3086 1224 3134 incen-

248 3156 293 3203 det
311 3154 426 3216 implexa
443 3154 535 3209 silvae,
551 3165 581 3202 ut
594 3153 747 3202 eleventse
765 3151 880 3200 elatione
897 3151 965 3201 iumi
976 3168 996 3202 :.
1006 3189 1013 3202 .
1023 3189 1029 3202 .
1040 3162 1080 3203 ‚et
1096 3149 1179 3202 rmus
1192 3155 1224 3198 ert

248 3219 361 3282 populus
373 3220 446 3268 cibus
460 3219 545 3281 ignis;
566 3219 607 3267 vir
618 3218 694 3267 (ratri
705 3232 755 3266 suo
773 3232 828 3265 non
846 3216 979 3280 parcens·
988 3218 1036 3280 (ix.
1051 3231 1090 3279 17.
1104 3219 1133 3268 18
1143 3213 1186 3283 [B.
1194 3213 1221 3263 A.

251 3286 289 3343 18,
304 3281 372 3349 19]);

117 3401 207 3484 apud
227 3401 383 3473 eundem,

165 3519 182 3540 ⁴·
191 3516 287 3644 Ompiss
297 3515 431 3606 populus.
442 3552 448 3563 .
458 3552 464 3563 .
475 3514 536 3563 .erit
553 3513 580 3562 in
598 3512 823 3571 combustionem,
842 3511 930 3561 cibum
948 3511 1022 3574 Ignis
1030 3510 1046 3531 '⁹
1059 3512 1106 3574 (rx.
1116 3525 1133 3573 4
1144 3506 1186 3577 [B.
1195 3507 1221 3557 A.

116 3696 207 3779 apud
226 3695 382 3769 eundem,

163 3810 281 3874 Assyrii,
295 3808 453 3870 “concipite
466 3807 629 3870 quisquilias,
641 3806 726 3868 parite
737 3804 872 3867 stipulum,
888 3804 1013 3867 spiritum
1026 3815 1155 3862 vestrum,
1167 3800 1224 3866 iguis

247 3875 370 3924 comedet
384 3888 449 3930 vos;
469 3873 505 3921 ita
514 3882 592 3921 erunt
605 3871 695 3934 populi
707 3871 839 3920 combusti
852 3870 879 3919 in
892 3869 1010 3928 calcem
1029 3871 1126 3933 spinae
1134 3868 1224 3919 excisae

247 3955 315 4004 quae
331 3940 392 4001 igne
407 3938 604 3987 succenduntur
613 3951 631 3993 ;.
642 3974 648 3986 .
658 3974 663 3986 .
675 3937 745 3999 .quis
759 3936 878 3985 manebit
892 3935 972 3983 nobis
986 3936 1050 3998 igue
1066 3929 1226 3985 comedentel

247 4006 305 4069 quis
318 4005 437 4053 manebit
451 4005 529 4053 nobis
544 4003 611 4052 locis
624 4003 792 4052 aeternitatis
798 4001 824 4052 i''
838 4001 941 4064 (xxxiii.
953 4013 994 4059 11,
1009 4013 1048 4059 12,
1062 4015 1094 4062 ¹4
1104 4003 1121 4065 z)

116 4179 176 4240 per
197 4154 412 4236 “Assyrios’'
435 4153 673 4235 intelliguntur
696 4152 751 4235 qui
775 4173 820 4215 ex
843 4150 935 4215 salsis
959 4160 995 4215 et
1019 4151 1162 4215 fallaciis
1181 4168 1225 4212 ra·

116 4251 325 4316 tiocinantur
348 4260 470 4313 contra
493 4269 573 4310 vera
596 4256 632 4311 et
655 4247 746 4310 bona
769 4244 934 4309 ecclesiae
958 4266 1005 4308 ex
1029 4246 1163 4329 propria
1182 4243 1225 4306 in·

118 4346 321 4426 telligentia,
339 4345 387 4406 ita
407 4365 450 4406 ex
472 4361 587 4404 amore
606 4343 676 4418 sui;
700 4341 747 4402 llli
767 4340 821 4402 hic
842 4339 1090 4404 describuntur.
1135 4333 1224 4420 Apud

116 4441 274 4514 eundem,
