2684 4988
114 473 195 540 1216
421 488 671 568 urocaurrsrs
694 489 921 540 sxrmcarr.

109 659 214 723 etiam
241 657 532 722 “holocaustum''
559 657 728 740 significat
757 657 887 722 cultum
915 680 961 724 ex
988 661 1076 723 bono
1097 661 1187 723 amorii

109 753 279 828 caelestis,
300 764 335 816 et
357 751 606 817 “sacrificium''
625 753 754 816 cultum
774 775 819 817 ex
841 754 933 816 bono
952 756 1074 818 amoris
1088 755 1187 836 spiritu·

108 847 190 924 alis;
214 869 300 930 quae
316 847 383 910 duo
399 848 489 911 bona
505 848 610 912 etiam
626 847 861 929 significantur
877 869 938 930 per
954 853 974 880 “
984 847 1152 912 mincham”
1162 856 1185 911 et

110 941 247 1005 “thus’'
292 940 454 1005 Similiter
471 941 659 1005 “mintha”
675 934 710 1005 ei
732 941 1024 1018 “suffimentum”
1040 962 1108 1006 nam
1123 939 1184 1004 suffi-

109 1047 262 1099 mentum
282 1036 440 1118 primario
459 1045 532 1099 erat
551 1056 596 1099 ex
617 1035 886 1119 thure2—Apud
905 1036 1112 1109 Malachiam,

160 1169 217 1219 “in
236 1168 391 1296 {imaginun
408 1170 589 1220 suffimentum
607 1169 719 1219 allatum
737 1170 841 1220 nomini
860 1184 923 1220 meo
941 1179 969 1220 et
986 1171 1089 1220 mintha
1099 1165 1184 1219 muudr”

249 1250 266 1284 ι.
281 1247 308 1283 ιι
329 1251 334 1284 :

108 1350 196 1431 apud
216 1348 391 1424 Davidem,

159 1461 317 1525 “Acceptae
330 1471 392 1512 sunt
405 1477 497 1525 preces
510 1477 595 1521 meae.
610 1463 791 1513 suffimentum
804 1476 896 1512 eoram
909 1462 959 1521 Te,
971 1437 1084 1513 sublatio
1093 1471 1182 1511 numum

239 1541 359 1577 mearum
373 1529 480 1577 mintha
491 1542 622 1590 vesperae
630 1528 645 1547 ”
659 1529 714 1588 (Pr.
725 1529 786 1578 cxii.
799 1530 833 1590 2).

109 1605 193 1668 ideo
258 1628 264 1642 ·
446 1626 463 1657 ·

158 1715 243 1778 Super
255 1716 391 1765 mincham
403 1715 592 1766 effundebatur
604 1717 703 1774 oleum,
718 1726 745 1765 et
757 1717 872 1766 dabatur
884 1717 947 1766 thus
959 1717 1051 1778 (Levit.
1061 1710 1177 1775 ii.r‚t.1si.

108 1857 144 1912 et
167 1848 232 1911 hoc
257 1859 448 1931 propterea,
474 1859 511 1912 ut
534 1869 593 1931 per
616 1848 787 1913 mincham
811 1858 1113 1931 repraesentaretur
1128 1861 1183 1908 con·

106 1940 233 2023 junttio
260 1943 340 2006 boni
367 1943 527 2008 caelestis
555 1953 591 2008 et
618 1944 697 2007 boni
725 1943 919 2027 spiritualis,
949 1941 1103 2007 “oleum''
1123 1936 1184 2002 enin

109 2036 322 2118 significabat
346 2037 473 2101 bonum
497 2037 658 2111 caeleste,
679 2048 715 2101 et
737 2038 847 2101 “thus
857 2037 872 2062 ”
896 2039 1023 2101 bonum
1045 2029 1184 2120 spirituale.

111 2130 194 2194 Ideo
212 2133 317 2195 etiam

158 2265 244 2328 Super
255 2281 340 2328 panes
352 2267 482 2316 facierum
495 2267 523 2315 in
536 2266 724 2317 Tabernaculo
735 2268 852 2316 dabatur
864 2267 926 2317 thus
938 2267 1032 2328 (levit.
1043 2268 1106 2317 xxiv.
1116 2263 1141 2324 7).

109 2410 144 2463 et
160 2398 226 2462 hoc
241 2420 374 2482 quoque
391 2409 530 2482 propter
543 2397 816 2481 conjuntiionem
831 2402 1004 2484 utriusque
1020 2401 1108 2476 boni3
1125 2401 1186 2474 “pa·

109 2512 169 2558 nes
178 2492 193 2516 ”
210 2495 298 2556 enim
319 2494 557 2576 significabant
577 2484 703 2557 bunum
721 2494 881 2568 caeleste,
899 2506 935 2558 et
954 2495 1081 2559 “thus''
1096 2493 1186 2555 bonum

110 2589 283 2669 spirituale
295 2609 302 2666 ;
326 2609 428 2670 quare
441 2609 517 2652 cum
535 2589 614 2651 thus
627 2589 744 2652 datum
758 2599 831 2652 erat
849 2610 950 2671 super
965 2611 1076 2672 panes,
1089 2597 1187 2668 reprae-

109 2683 311 2745 sentabatur
333 2680 526 2762 conjunitio
550 2684 720 2765 utriusque
743 2684 841 2746 boni:
871 2695 1010 2766 propter
1032 2689 1188 2765 repraesen-

110 2777 278 2838 tationem
296 2775 541 2856 conjunitionis
558 2776 637 2839 boni
654 2777 811 2840 caelestis
831 2788 865 2840 et
886 2777 967 2840 boni
986 2775 1154 2860 spiritualis,
1167 2766 1188 2825 iss

111 2868 348 2932 Tabernaculo
372 2873 484 2952 posita
507 2882 579 2934 erat
604 2891 720 2934 mensa
745 2892 805 2953 pro
828 2873 982 2954 panibus,
1003 2881 1038 2936 et
1058 2872 1097 2934 ab
1112 2867 1190 2932 altero

112 2964 218 3027 latere
235 2965 383 3046 positum
402 2976 474 3028 erat
491 2965 599 3027 altare
617 2986 676 3048 pro
693 2966 927 3028 suffitionibus.
974 2966 1042 3030 Ubi
1059 2985 1117 3029 non
1132 2954 1191 3023 min·

110 3058 175 3121 cha
194 3068 229 3120 et
250 3056 329 3121 thus
346 3059 478 3129 dicitur,
497 3060 618 3122 dicitur
636 3060 775 3122 “oleum
795 3070 830 3123 et
847 3058 958 3134 thus,”
974 3081 1013 3124 ac
1032 3067 1157 3123 “aurum
1170 3049 1193 3105 tt

111 3152 219 3225 thus,”
238 3155 396 3234 quoniam
421 3174 480 3234 per
499 3153 663 3217 “oleum’'
682 3165 717 3217 et
737 3160 758 3185 ¹⁸
770 3175 886 3217 aurum
896 3154 911 3178 ”
930 3156 1083 3219 similiter
1102 3173 1136 3216 ac
1154 3152 1194 3225 pet

112 3248 336 3310 “mincham”
355 3248 564 3329 significatur
582 3250 707 3312 bonum
727 3249 887 3313 caeleste.
934 3249 1066 3314 Dicitur
1083 3246 1197 3312 “oltum

109 3352 144 3405 et
165 3341 395 3406 suffimentum
403 3343 418 3366 ”
434 3344 523 3425 apud
542 3340 754 3417 Ezechielem,

161 3475 340 3602 “Sumfisisti(
351 3514 357 3525 .
367 3477 485 3604 .·.olg)um
501 3491 600 3535 meum,
617 3486 644 3526 et
660 3477 842 3526 suffimentum
858 3492 959 3537 meum,
976 3487 1005 3527 et
1021 3477 1117 3528 dedisti
1133 3462 1210 3525 coftm

241 3557 248 3589 ι
271 3556 293 3590 rs
339 3555 417 3591 xvir
457 3559 463 3592 ε

111 3662 259 3718 “aurum
279 3667 314 3719 et
334 3657 445 3731 thus‚”
463 3658 553 3740 apud
572 3655 725 3733 Esaiam,

160 3779 287 3829 “Omnes
299 3795 314 3830 e
328 3780 430 3828 Scheba
442 3781 561 3838 venient,
576 3795 671 3830 aurum
684 3790 711 3830 et
722 3782 785 3831 thus
797 3783 953 3844 portabunt,
965 3791 993 3832 et
1005 3757 1227 3847 luudesJeiw'*⁴

239 3845 461 3894 annuntiabunt''
474 3846 519 3908 (lx.
531 3846 574 3908 6);
782 3851 786 3860 “

108 3968 144 4022 et
164 3959 253 4040 apud
272 3958 492 4035 Mamaeum,

162 4071 303 4133 Sapientes
316 4074 349 4120 ab
362 4073 475 4132 oriente,
491 4074 536 4137 qut
548 4083 683 4124 venerunt
700 4075 734 4124 ad
747 4073 885 4124 Christum
904 4089 1001 4125 recens
1019 4085 1120 4134 nutum,
1134 4058 1227 4135 apd

237 4139 476 4264 guntfhesauros,
488 4148 514 4188 et
525 4140 542 4162 ¹¹
550 4139 707 4189 obtulerunt
716 4154 837 4196 munera.
845 4154 951 4200 aurum,
960 4142 1024 4192 thus
1034 4151 1060 4192 et
1070 4124 1227 4206 myrrha

248 4218 255 4250 1
269 4240 274 4252 .
289 4216 316 4250 11
338 4219 343 4252 :

108 4335 252 4393 “aurum
262 4331 277 4356 ”
289 4332 504 4413 significabat
521 4334 648 4398 bonum
664 4334 825 4410 caeleste,
842 4340 862 4367 “
872 4335 953 4400 thus
961 4334 977 4362 ’'
990 4337 1116 4401 bonum
1131 4307 1227 4415 ⁵123

105 4424 209 4501 tuale‚
229 4437 264 4490 et
287 4427 476 4509 “myrrha’'
499 4429 626 4494 bonum
654 4431 809 4494 naturale
838 4431 939 4511 inde;
971 4432 1022 4496 ita
1048 4433 1113 4496 tria
1137 4425 1227 4494 i7‘
