2716 4986
404 473 961 559 maumites.12.-1u.401[e].
1177 470 1240 555 879'

132 651 172 713 nis
193 660 245 714 est
270 653 502 733 comparative
525 655 612 718 sicut
639 655 698 717 lux
723 653 832 718 noctis
854 677 874 719 a
901 655 979 719 luna
1003 666 1037 719 et
1062 654 1171 719 stellis
1194 653 1237 717 ad

131 743 229 809 lucem
249 747 316 809 diei
340 766 360 808 a
379 747 468 810 sole:
493 750 570 831 quia
589 750 701 830 agitur
719 750 761 812 de
781 753 1039 831 regeneratione
1063 749 1238 812 hominum

129 839 297 913 ecclesiae,
326 841 402 903 ideo
429 843 532 904 etiam
559 844 720 924 sequitur,
751 844 948 907 “Percussit
976 844 1177 924 Aegyptum
1203 843 1237 904 in

128 935 358 1015 primogenitis
377 956 502 1011 eorum,
523 947 558 1000 et
578 938 697 999 eduxit
718 937 877 1003 lsraelem
897 960 915 1000 e
936 939 1047 1001 medio
1066 937 1198 999 illorum
1212 935 1237 1010 ;”

128 1048 178 1108 per
198 1030 431 1111 “Aegyptum
440 1031 455 1054 ”
473 1034 562 1094 enim
587 1032 796 1112 significatur
819 1033 981 1095 naturalis
1005 1033 1108 1094 homo
1129 1030 1237 1113 qualis

126 1134 170 1185 est
198 1144 218 1185 a
248 1125 439 1198 nativitate,
468 1127 558 1208 quod
589 1146 710 1208 nempe
741 1129 773 1188 in
804 1129 903 1189 meris
932 1127 1023 1188 salsis
1053 1148 1097 1189 ex
1125 1124 1236 1201 malo;

127 1219 378 1298 “primogenita
394 1219 486 1299 ejus”
501 1231 581 1283 sunt
597 1242 682 1302 quae
703 1222 878 1302 primaria;
903 1217 1088 1283 destrudtio
1104 1219 1234 1294 horum,

123 1310 196 1373 dum
225 1324 448 1392 regeneratur
474 1313 589 1389 homo,
614 1314 816 1395 intelligitur
841 1335 900 1396 per
923 1315 1013 1396 quod
1042 1314 1236 1395 “percussit

121 1403 323 1487 Aegyptum
343 1407 375 1468 in
395 1409 629 1488 primogenitis
648 1429 763 1471 eorum
775 1409 802 1470 :”
825 1430 884 1490 per
901 1407 1116 1470 “lsraelem''
1132 1407 1236 1487 signi-

119 1495 241 1562 ficatur
264 1501 445 1581 spiritualis
473 1501 598 1578 homo;
630 1513 664 1565 et
693 1523 751 1584 per
776 1503 947 1565 “educere
975 1522 1051 1565 eum
1079 1523 1097 1564 e
1126 1500 1238 1562 medio

115 1593 261 1655 eorum'’
277 1593 485 1675 significatur
500 1598 628 1676 aperire
648 1595 752 1668 illum,
771 1606 806 1659 et
823 1597 869 1658 sic
890 1616 1109 1677 regenerare;
1134 1594 1238 1656 homo

112 1689 208 1749 enim
235 1687 401 1751 ecclesiae
432 1700 652 1771 regeneratur
677 1710 697 1752 a
725 1690 873 1752 Domino
901 1710 959 1771 per
982 1689 1237 1770 dissipationem

109 1779 281 1843 salsorum
305 1802 349 1844 ex
374 1781 470 1844 malis
489 1804 574 1864 quae
597 1784 630 1845 in
655 1783 798 1846 naturali
822 1783 970 1856 homine,
991 1794 1026 1846 et
1050 1803 1109 1863 per
1127 1781 1236 1862 aperi·

109 1876 251 1938 tionem
275 1876 456 1956 spiritualis
480 1877 636 1950 hominis
656 1878 746 1959 quod
770 1877 807 1941 fit
831 1899 851 1940 a
874 1877 1023 1939 Domino
1046 1897 1105 1959 per
1129 1875 1237 1937 lucem

105 1969 342 2052 spiritualem,
362 1990 448 2053 quae
467 1983 520 2034 est
541 1972 700 2033 Divinum
722 1971 859 2034 Verum.

180 2069 246 2154 [e.]
277 2070 406 2134 Similia
425 2072 660 2154 significantur
678 2094 738 2154 per
757 2073 840 2136 haec
860 2073 893 2134 in
914 2072 1045 2171 Genesi,

169 2211 272 2261 “Fecit
294 2210 367 2261 Deus
384 2213 438 2262 duo
456 2213 601 2262 luminaria
618 2228 725 2275 magna,
745 2213 878 2262 luminare
896 2227 1023 2274 magnum
1044 2212 1078 2260 ad
1098 2212 1240 2260 dominun·

252 2278 385 2404 lluT6)die'
405 2287 432 2327 et
450 2278 580 2327 luminare
599 2279 687 2327 minus
705 2279 739 2327 ad
757 2279 952 2327 dominandum
970 2276 1058 2337 nocte,
1078 2287 1105 2325 et
1125 2274 1240 2325 stellas”

108 2477 236 2557 agitur
258 2476 349 2538 enim
375 2475 408 2537 in
435 2496 476 2538 eo
503 2477 615 2557 capite
638 2477 681 2538 de
705 2495 793 2538 nova
816 2476 988 2538 creatione
1015 2495 1074 2537 seu
1097 2492 1239 2554 regene-

110 2571 255 2632 ratione
281 2569 454 2631 hominum
477 2591 522 2632 ex
545 2571 665 2652 quibus
692 2570 847 2632 Ecclesia
871 2569 1129 2651 Antiquissima,
1154 2588 1240 2650 quae

112 2665 325 2727 describitur
341 2665 374 2726 in
390 2684 491 2727 sensu
508 2664 643 2727 litterae
659 2685 719 2746 per
735 2666 943 2726 creationem
961 2663 1045 2725 caeli
1064 2673 1099 2725 et
1119 2673 1239 2724 terrae.

113 2756 253 2820 Similia
271 2759 376 2820 etiam
395 2757 628 2838 significantur
647 2779 706 2840 per
725 2757 809 2820 haec
829 2758 918 2839 apud
938 2757 1136 2831 Jercmiam,

173 2899 242 2949 “Sic
254 2900 321 2948 dixit
333 2897 493 2948 (¹¹Dominus
504 2899 628 2964 Jehovih,
642 2902 711 2949 dans
724 2900 809 2949 solem
822 2900 849 2948 in
869 2899 955 2949 lucem
973 2899 1035 2955 diei,
1050 2908 1150 2948 statuta
1162 2898 1241 2947 lunae

255 2977 282 3014 et
294 2966 431 3015 stellarum
444 2967 471 3014 in
484 2966 570 3014 lucem
583 2963 692 3015 noctis”
705 2965 786 3026 (xxxi.
799 2967 855 3026 35):

121 3115 183 3176 per
199 3100 365 3157 “statuta
384 3092 483 3157 lunae
502 3103 537 3156 et
556 3092 755 3156 stellarum”
774 3091 1007 3174 significantur
1023 3092 1136 3153 omnia
1155 3110 1241 3171 quae

121 3189 156 3251 in
180 3188 328 3251 naturali
351 3188 488 3251 homine
510 3188 696 3250 secundum
721 3186 815 3267 leges
838 3186 964 3249 ordinis
987 3183 1082 3247 fiunt.
1135 3182 1239 3266 Apud

125 3283 302 3357 Davidem,

176 3418 193 3440 '⁴
201 3415 321 3466 laudate
332 3415 464 3480 Jehovam
478 3428 573 3464 omnes
585 3415 674 3477 angeli
695 3413 768 3476 Ejus,
782 3413 889 3462 laudate
900 3412 990 3474 Ipsum
1004 3425 1099 3459 omnes
1111 3410 1243 3459 exercitus

258 3481 332 3543 Ejus,
345 3481 451 3529 laudate
463 3480 554 3543 Ipsum
565 3480 606 3528 sol
617 3491 643 3528 et
653 3479 725 3535 luna,
738 3479 844 3527 laudate
857 3477 947 3539 ipsum
957 3491 1052 3525 omnes
1062 3476 1155 3524 stellae
1164 3475 1240 3531 lucie.

256 3547 362 3596 laudate
377 3546 467 3608 lpsum
480 3546 547 3594 caeli
559 3544 715 3594 caelorum''
728 3545 835 3605 (cxlviii.
849 3545 920 3605 2-4l:

130 3701 185 3762 per
213 3679 381 3743 “laudare
409 3677 599 3760 Jehovam”
628 3676 836 3758 significatur
866 3676 977 3739 colere
1011 3675 1148 3757 lpsum;
1184 3693 1243 3755 per

132 3775 300 3856 “angelos
310 3774 325 3798 ”
338 3773 571 3855 significantur
583 3774 638 3854 qui
655 3774 687 3834 in
705 3771 835 3833 Divinis
848 3773 934 3832 veris
951 3791 995 3832 ex
1013 3771 1103 3831 bono
1119 3770 1243 3830 amoris

131 3881 216 3943 sunt,
234 3870 312 3951 quia
328 3869 376 3931 illi
395 3878 474 3930 sunt
494 3867 627 3947 angeli;
652 3886 711 3947 per
732 3872 880 3927 “omnes
899 3862 1095 3927 exercitus”
1113 3861 1241 3942 signifi-

131 3975 247 4027 cantur
270 3963 359 4026 bona
384 3960 449 4044 [et]
469 3982 548 4024 vera
572 3963 604 4023 in
628 3962 719 4023 omni
739 3959 941 4040 complexu;
969 3979 1028 4039 per
1048 3957 1184 4018 “solem
1207 3965 1242 4019 et

133 4056 242 4120 lunam
250 4057 266 4080 ”
285 4055 495 4136 significatur
514 4056 639 4118 bonum
658 4055 781 4117 amoris
801 4064 835 4116 et
853 4073 968 4115 verum
987 4072 1031 4113 ex
1052 4051 1110 4112 illo
1130 4051 1242 4126 bono;

132 4171 185 4232 per
204 4150 357 4214 “stellas
377 4150 483 4212 lucis''
499 4148 732 4230 significantur
751 4149 965 4227 cognitiones
982 4147 1050 4207 veri
1068 4165 1111 4206 ex
1129 4144 1240 4218 bono;

133 4265 185 4324 per
215 4244 359 4308 “caelos
389 4244 583 4307 caelorum”
614 4241 847 4324 significantur
878 4242 966 4302 bona
997 4249 1031 4301 et
1062 4258 1141 4300 vera
1170 4247 1241 4298 tam

133 4339 259 4402 interna
278 4359 379 4420 quam
399 4350 565 4415 externa;
590 4339 667 4419 quia
688 4338 790 4399 homo
809 4335 891 4397 colit
911 4335 1092 4395 Dominum
1112 4352 1156 4393 ex
1176 4330 1243 4392 illis

134 4451 210 4514 quae
230 4434 321 4516 apud
340 4452 377 4495 se
395 4453 440 4495 ex
460 4432 608 4494 Domino
627 4441 717 4504 sunt,
738 4432 785 4492 ita
804 4450 848 4492 ex
873 4429 969 4491 bonis
992 4438 1027 4490 et
1047 4427 1133 4488 veris
1156 4443 1242 4504 quae
