2716 4986
123 478 203 542 1266
430 491 679 543 nrocnuvvsrs
702 492 927 542 sxrucnri.

117 681 177 744 per
195 670 371 742 capturam
388 661 529 742 piscium
548 681 568 723 a
584 660 756 743 discipulis
772 670 850 743 post
866 658 1144 724 resurreciionem
1159 659 1215 723 Do·

118 756 209 830 mini,
229 755 273 818 de
291 776 356 837 qua
375 776 410 818 re
430 756 477 819 ita
496 755 585 837 apud
604 754 805 831 Jokannem,

168 888 241 939 Dixit
252 889 339 954 Jesus.
352 890 415 938 dum
428 889 610 939 manifestavit
619 889 653 938 Se
667 889 804 951 discipulis
814 889 858 953 qui
872 890 1054 951 piscabantur,
1066 898 1095 939 ut
1104 890 1221 938 mitterent

249 965 304 1004 rete
319 955 345 1004 in
358 956 466 1004 dextras
480 964 569 1016 partes
582 954 698 1016 navigii:
720 965 747 1003 et
763 965 924 1016 acceperunt
940 963 970 1004 ut
988 970 1043 1003 non
1056 954 1167 1016 amplius
1181 962 1222 1001 tn·

248 1021 312 1069 here
324 1019 444 1069 valerent
462 1030 517 1069 rete
536 1034 599 1081 prae
616 1020 787 1069 multitudine
805 1020 927 1081 piscium.
965 1019 1113 1082 Postquam
1130 1019 1223 1068 descen·

248 1085 345 1134 derunt
357 1085 383 1134 ln
400 1094 505 1140 terram.
518 1085 609 1134 vident
621 1085 709 1133 iocum
723 1086 849 1147 positum,
863 1095 890 1133 et
902 1084 1060 1151 pisciculum
1073 1083 1224 1147 superjacen-

248 1160 311 1276 igi
322 1161 475 1275 ptlpppem,
490 1158 516 1198 et
533 1151 607 1199 dedlt
624 1150 677 1199 illis
693 1149 773 1214 Jesus
787 1163 884 1212 panem
901 1159 929 1199 et
947 1150 1104 1211 pisciculum
1120 1148 1225 1198 similiter

119 1337 209 1419 quod
238 1338 403 1400 Dominus
431 1338 697 1402 manifestaverit
727 1337 770 1402 Se
797 1339 877 1402 dum
904 1339 1139 1421 piscabantur,
1165 1347 1225 1401 erat

119 1449 220 1492 causa
243 1432 320 1512 quia
345 1433 519 1513 “piscari''
542 1432 756 1513 significabat
780 1434 904 1496 docere
927 1435 1147 1514 cognitiones
1167 1431 1223 1494 veri

119 1534 154 1586 et
170 1524 260 1598 boni,
275 1537 309 1588 et
327 1528 373 1588 sic
387 1526 588 1603 reformem
612 1526 702 1609 quod
715 1527 849 1607 jusserit
864 1533 884 1558 “
894 1537 930 1590 ut
948 1529 1148 1591 emitterent
1163 1537 1224 1590 rete

120 1619 152 1680 in
172 1619 313 1682 dextras
333 1631 447 1701 partes
467 1621 613 1703 navigii”
630 1620 843 1702 significabat
863 1621 953 1702 quod
971 1642 1017 1683 ex
1037 1623 1130 1685 bono
1145 1642 1226 1685 amo·

120 1713 163 1774 ris
183 1723 218 1775 et
238 1712 414 1776 charitatis
433 1717 557 1789 omnia,
580 1715 771 1778 “dextrum
781 1714 796 1738 ’⁹
815 1716 904 1777 enim
924 1714 1096 1795 significat
1117 1716 1226 1778 bonum

120 1805 202 1868 illud
221 1828 265 1869 ex
285 1828 371 1889 quo;
395 1810 610 1889 cognitiones
627 1811 716 1872 enim
733 1819 898 1891 quantum
915 1829 961 1871 ex
979 1808 1073 1871 bono
1089 1810 1226 1882 trahunt,

121 1910 255 1963 tantum
275 1903 393 1964 vivunt
416 1913 450 1964 et
475 1912 610 1965 tantum
630 1902 919 1983 multiplicantur;
948 1901 1114 1966 dicebant
1137 1903 1227 1966 etiam

120 1994 210 2076 quod
240 2002 343 2057 “tota
372 1994 472 2060 nofle
500 1996 728 2059 laboraverint
755 2006 790 2059 et
819 1996 900 2058 nihil
927 1996 1156 2077 acceperint,”
1178 2015 1227 2078 per

121 2087 211 2170 quod
231 2087 483 2170 significabatur
502 2091 592 2172 quod
615 2110 635 2152 a
654 2101 764 2152 semet
784 2111 843 2152 seu
863 2090 998 2171 proprio
1023 2090 1118 2164 nihil,
1138 2090 1227 2154 seda

121 2180 270 2244 Domino
280 2185 393 2246 omnia
405 2204 412 2244 :
428 2184 536 2247 simile
547 2185 650 2247 etiam
661 2182 914 2265 significabatur
924 2204 984 2265 per
996 2183 1132 2246 “iocum
1143 2201 1228 2265 super

121 2296 188 2358 quo
211 2276 389 2357 pisciculus
397 2276 412 2300 ”
431 2287 466 2340 et
490 2298 548 2359 per
569 2283 719 2359 “panem
732 2277 757 2354 ;”
781 2298 840 2358 per
861 2283 880 2308 “
892 2295 1015 2358 panem
1025 2277 1041 2300 ’'
1059 2278 1150 2340 enim
1169 2277 1227 2356 sig·

122 2368 320 2433 nificabatur
336 2370 501 2434 Dominus
517 2383 552 2434 et
569 2371 694 2434 bonum
708 2372 833 2433 amoris
849 2371 892 2432 ab
909 2370 999 2451 Ipso,
1014 2380 1049 2433 et
1067 2390 1127 2453 per
1140 2375 1159 2402 ‘⁴
1170 2370 1226 2452 pis·

121 2463 264 2526 ciculum
285 2486 383 2546 super
406 2465 541 2527 focum”
559 2466 712 2546 cognitio
731 2466 800 2526 veri
823 2485 867 2526 ex
891 2464 1002 2538 bono;
1032 2485 1092 2545 per
1114 2469 1132 2496 ‘⁴
1141 2463 1226 2546 pisci·

121 2557 232 2620 culum
242 2558 256 2581 ”
266 2561 418 2640 cognitio
429 2561 508 2633 veri,
521 2580 580 2642 per
592 2566 610 2591 ‘⁶
620 2559 729 2622 focum
739 2559 753 2580 ”
763 2579 821 2620 seu
834 2563 853 2588 ‘⁴
863 2559 977 2639 ignem
987 2558 1001 2580 ”
1012 2558 1150 2620 bonum.
1184 2555 1227 2619 Eo

121 2662 275 2732 tempore
300 2672 367 2713 non
388 2664 485 2715 erant
505 2653 606 2735 aliqui
626 2652 817 2734 spirituales
838 2651 1006 2726 homines,
1027 2654 1106 2734 quia
1129 2651 1227 2715 eccle·

122 2746 170 2806 sia
194 2766 328 2826 prorsus
348 2758 483 2808 vastata
506 2746 577 2818 fuit,
598 2747 657 2809 sed
678 2767 797 2808 omnes
822 2745 1014 2822 naturales;
1043 2747 1163 2808 horum
1183 2765 1227 2806 re·

121 2840 279 2902 formatio
296 2842 615 2921 repraesentabatur
632 2862 690 2922 per
707 2843 912 2922 piscaturam
932 2840 1038 2913 illam,
1057 2851 1092 2903 et
1109 2857 1228 2923 quoque

123 2955 182 3016 per
202 2936 328 3015 piscem
348 2955 447 3015 super
466 2934 551 2997 soc0.
597 2935 663 3016 Qui
684 2935 790 2998 credit
810 2935 901 3017 quod
925 2935 1027 3016 piscis
1047 2956 1146 3017 super
1165 2934 1228 2996 loco

122 3040 157 3091 et
182 3031 288 3110 paniS,
310 3031 363 3110 qui
384 3029 455 3091 dati
475 3030 648 3110 discipulis
668 3031 710 3092 ad
734 3029 995 3101 comedendum,
1022 3049 1090 3091 non
1114 3024 1228 3110 signifi·

122 3125 269 3186 cativum
287 3122 424 3202 alicujus
445 3124 490 3185 rei
510 3125 688 3204 superioris
707 3123 816 3192 fuerit,
834 3125 984 3185 maxime
1004 3123 1150 3200 fallitur;
1171 3121 1228 3184 sin·

122 3217 202 3299 gula
221 3219 309 3279 enim
327 3238 412 3299 quae
434 3217 598 3279 Dominus
615 3219 697 3298 egit,
716 3227 751 3280 et
770 3238 855 3299 quae
877 3217 1011 3278 locutus
1031 3227 1096 3290 est,
1114 3211 1228 3297 signifi·

122 3313 233 3374 cativa
248 3311 445 3373 Divinorum
459 3311 657 3373 caelestium
674 3311 816 3382 suerunt,
831 3331 917 3392 quae
931 3312 1028 3372 unice
1040 3321 1161 3391 patent
1180 3326 1228 3390 per

122 3424 256 3469 sensum
278 3405 495 3486 spiritualem.
542 3404 642 3486 Quod
664 3404 809 3467 “focus’'
828 3415 864 3467 et
886 3405 1002 3485 “ignis
1012 3404 1027 3428 ”
1046 3406 1091 3467 sit
1115 3405 1229 3467 bonum

122 3501 255 3571 amoris,
274 3511 308 3561 ct
325 3501 415 3580 quod
434 3501 558 3581 “panis
568 3500 582 3521 ”
598 3501 641 3562 sit
663 3499 829 3561 Dominus
845 3498 957 3580 quoad
976 3498 1009 3560 id
1029 3499 1167 3572 bonum,
1184 3517 1230 3559 su·

122 3616 181 3676 pra
198 3604 372 3655 ostensum
390 3604 461 3668 est;
486 3605 520 3655 et
537 3593 628 3674 quod
647 3594 776 3674 “piscis
784 3592 798 3616 ”
811 3593 854 3654 sit
871 3591 1024 3673 cognitio
1042 3594 1112 3654 veri
1128 3603 1163 3655 et
1175 3589 1230 3653 sci-

122 3686 293 3750 entificum
313 3688 402 3769 quod
423 3687 584 3749 naturalis
604 3687 767 3761 hominis,
788 3706 834 3748 ex
854 3681 952 3748 dietis
975 3694 1012 3748 et
1035 3687 1183 3749 ostensis
1201 3684 1229 3746 in

121 3782 186 3844 hoc
207 3781 350 3844 articulo
370 3792 478 3862 patet.

185 3872 252 3955 [th]
288 3873 380 3935 Dicit
399 3873 504 3934 etiam
525 3872 693 3934 Dominus
712 3871 803 3953 quod

174 4004 322 4067 “Regnum
335 4005 468 4052 caelorum
482 4004 568 4052 simile
581 4003 615 4051 sit
627 4017 743 4064 sagenae
754 3999 842 4064 jactae
857 4002 883 4049 in
899 4016 990 4058 mare;
1011 4012 1038 4050 et
1056 4017 1091 4051 ex
1107 4002 1179 4052 ornni
1194 4013 1232 4063 ge·

254 4085 317 4118 nere
331 4070 443 4132 piscium
456 4069 633 4125 contrahenti,
650 4082 717 4130 quae
729 4077 870 4129 postquam
886 4066 996 4127 impleta
1008 4076 1058 4124 est,
1074 4067 1195 4116 subduxit
1208 4065 1231 4112 in

253 4135 323 4193 litus,
338 4146 364 4183 et
376 4135 484 4194 collegit
496 4136 582 4183 bonos
600 4134 627 4180 in
646 4147 719 4189 vasa,
734 4143 761 4181 et
779 4133 865 4180 malos
883 4132 957 4179 toras
975 4131 1071 4193 ejecit;
1092 4133 1131 4181 sic
1147 4133 1194 4181 erit
1208 4129 1231 4178 in

253 4200 484 4248 consummatione
497 4198 595 4247 saeculi
604 4198 617 4215 ’'
630 4197 738 4258 (Manli.
750 4197 804 4246 xiii.
816 4199 921 4258 47-4pl:

123 4326 294 4408 separatio
317 4326 482 4386 bonorum
507 4334 541 4385 et
566 4322 729 4384 malorum
755 4321 961 4383 assimilatur
984 4320 1040 4383 hic
1063 4326 1231 4401 “sagenae

125 4423 247 4484 missae
271 4422 303 4481 in
323 4439 415 4481 mare
435 4418 653 4480 contrahenti
672 4437 717 4478 ex
736 4417 828 4478 omni
852 4435 979 4497 genere
1003 4414 1175 4497 piscium‚”
1192 4428 1230 4475 ex
