2684 4988
347 485 425 536 cnr.
443 485 626 546 v1.,v1·:ns.
647 472 775 537 16.-n.
791 491 829 554 4¹
840 473 930 576 rm.
1136 494 1196 563 975

104 728 106 733 Ι
139 648 228 724 lierni,
239 663 266 716 et
278 664 383 718 estote
399 655 488 717 sicut
504 653 664 718 columba
680 676 768 737 quae
784 656 935 721 nidificat
948 660 980 720 in
998 661 1197 726 transitibus

135 746 179 808 eris
191 747 310 812 soreres·
352 748 458 831 Apud
477 749 635 823 eundern,

162 880 175 902 ‘¹
180 878 377 1010 l⁰¹(¹¹¹‘.ll“b¹⁸)‘¹¹
385 896 476 931 meum
485 883 553 931 sicut
559 882 654 945 ignia..
665 921 671 933 .
681 892 719 933 ,et
728 883 795 933 sicut
803 885 916 934 malleus
924 885 1053 949 dispergit
1060 898 1163 950 petram
1171 888 1198 940 Υ·

225 958 346 1010 menno:

123 1062 231 1134 lerbum
248 1073 365 1136 dicitur
384 1072 500 1136 “sicut
517 1072 606 1155 ignis
622 1082 657 1136 et
675 1073 762 1137 sicut
780 1072 953 1148 malleus‚'‘
965 1077 1042 1158 quia
1057 1077 1196 1158 “ignis”

116 1166 245 1251 significat
261 1171 387 1235 bonurn
404 1172 540 1245 amoris,
555 1182 590 1235 et
609 1171 804 1235 “malleus‘'
820 1195 935 1237 verum
953 1173 1029 1237 fidei
1044 1197 1051 1251 ;
1066 1179 1098 1208 '⁴‘
1110 1176 1195 1238 mal·

112 1252 180 1327 ltus”
194 1268 279 1329 enim
299 1267 409 1330 simile
429 1266 599 1348 significat
623 1288 663 1330 ac
688 1267 821 1341 ferrum,
843 1279 878 1330 et
899 1268 1073 1332 “serrum''
1090 1271 1195 1352 signi·

107 1350 164 1422 irat
183 1381 293 1424 verum
318 1362 351 1422 in
376 1358 504 1424 ultimis
531 1371 566 1424 et
591 1382 708 1424 verum
732 1360 829 1424 fidei:
863 1360 985 1425 dicitur
1005 1374 1193 1446 utrumque,

104 1468 199 1536 nempe
218 1461 236 1487 ‘⁴
248 1454 358 1537 ignis”
375 1464 410 1517 et
429 1454 632 1530 “malleus''
649 1455 789 1537 proinde
809 1455 935 1517 bonum
955 1466 990 1519 et
1011 1477 1136 1530 verum,
1151 1457 1196 1520 ob

104 1547 267 1630 conjugium
295 1549 376 1611 boni
400 1559 436 1612 et
460 1551 530 1611 veri
557 1551 590 1611 in
615 1548 756 1631 singulis
776 1549 900 1611 Verbi:
933 1569 992 1631 per
1010 1548 1195 1632 “petram”

104 1658 177 1721 quarn
199 1642 365 1724 dispergit
392 1641 603 1723 significatur
625 1642 746 1706 falsum
769 1644 801 1705 in
826 1644 917 1705 omni
941 1644 1134 1726 complexu,
1159 1655 1194 1708 et

104 1733 226 1799 dollrina
253 1737 348 1813 falsi;
378 1738 438 1799 sed
466 1737 631 1819 dispersio
655 1758 715 1800 seu
742 1734 928 1800 destructio
956 1737 1025 1818 ejus
1053 1738 1089 1800 fit
1117 1759 1194 1801 curn

104 1826 191 1906 homo,
209 1832 298 1912 apud
318 1852 420 1913 quern
440 1832 499 1894 illa
517 1843 607 1904 sunt,
625 1831 804 1912 judicatur.
850 1831 953 1913 Apud
974 1831 1120 1906 Nahum,

138 1965 249 2014 '‘Coram
263 1967 449 2028 indignatione
465 1964 551 2028 Ipsius
561 1966 619 2029 quis
630 1967 776 2016 consister?
792 1977 837 2014 aur
850 1967 908 2030 quis
920 1965 1000 2014 stabit
1014 1967 1040 2015 in
1050 1966 1195 2016 excandes-

204 2032 291 2080 centia
310 2033 366 2080 irae
380 2030 486 2094 Ipsius?
520 2031 749 2080 Excandescentla
765 2030 853 2093 Ipsius
865 2031 1010 2081 effunditur
1027 2033 1095 2080 sicut
1113 2033 1192 2094 ignis,

204 2108 230 2146 et
241 2108 334 2160 petrae
346 2108 501 2146 evertentur
512 2111 602 2146 coram
617 2097 680 2160 ipso
688 2097 702 2114 ''
716 2098 743 2158 (i.
755 2098 796 2159 ol:

104 2220 168 2299 qnod
195 2219 447 2302 “indignatio”
475 2220 820 2283 “excandescentia''
848 2230 883 2283 et
912 2220 1011 2284 “ira'’
1041 2220 1193 2300 Jehovae'

104 2312 241 2393 significet
261 2315 418 2378 ultimum
434 2314 594 2395 judicium
611 2326 647 2379 et
663 2325 792 2378 statum
811 2314 1041 2378 damnationis
1059 2315 1192 2378 iliorurn'

104 2409 188 2487 quiin
212 2409 309 2472 malis
333 2420 368 2472 et
392 2409 470 2472 inde
493 2408 586 2472 salsis
609 2418 699 2483 sunt,
724 2408 894 2471 videbitur
916 2410 948 2471 in
973 2411 1191 2490 sequentibus

104 2503 243 2577 nticulis;
269 2504 448 2566 damnatio
472 2503 639 2566 malorum
663 2502 872 2585 significatur
892 2523 951 2584 per
971 2504 1190 2567 “excandesss

104 2597 223 2659 tentiam
251 2597 361 2680 ipsius
387 2617 473 2680 quae
497 2598 584 2660 sicut
612 2599 700 2679 ignis
723 2596 932 2669 effunditur‚”
955 2608 989 2659 et
1014 2598 1190 2661 damnatio

105 2683 234 2755 falsorum
263 2713 307 2756 ex
337 2693 435 2756 malis
463 2713 522 2775 per
551 2693 663 2754 “iram
693 2691 831 2772 Ipsius,”
858 2701 893 2754 et
923 2691 1013 2773 quod
1043 2697 1190 2773 “petrae

105 2795 274 2850 evertentur
306 2807 422 2850 coram
457 2786 576 2869 lpso;”
612 2785 752 2868 “ignis'’
780 2787 869 2848 enirn
903 2783 1070 2866 significat
1102 2787 1192 2849 mala

107 2892 228 2944 anorum
252 2884 302 2944 sui
326 2892 361 2944 et
386 2883 511 2956 mundi,
533 2900 571 2943 ac
594 2880 765 2962 “petrae”
784 2879 977 2960 significant
1000 2878 1084 2942 falsa
1102 2870 1191 2954 inde,

106 2987 133 3032 tc
146 2978 271 3039 “everti
280 2977 295 3000 ''
314 2975 483 3057 significat
508 2978 624 3058 perire.
670 2975 786 3037 Etiam
806 2986 934 3055 petrae,
954 2995 1054 3056 super
1072 2977 1192 3057 quibus

108 3077 163 3131 unt
181 3070 226 3133 illi
254 3072 310 3152 qui
341 3072 375 3133 in
399 3072 569 3153 principiis
597 3068 671 3132 salsi
696 3078 731 3132 et
762 3068 839 3131 inde
866 3069 899 3131 in
923 3071 1032 3132 omnis
1059 3072 1193 3150 generis

109 3154 172 3224 taleis
187 3176 275 3237 sunt,
297 3165 340 3228 ad
360 3167 466 3227 visum
486 3174 686 3228 evertuntur
701 3173 735 3226 et
755 3164 801 3225 sic
818 3163 866 3224 illi
886 3165 941 3244 qui
959 3184 1058 3245 super
1077 3167 1115 3227 iis
1132 3166 1192 3228 de-

108 3248 231 3328 iduntur
250 3261 283 3322 in
308 3259 494 3336 infernum
521 3260 581 3322 sed
605 3258 670 3321 hoc
690 3257 728 3321 fit
751 3258 784 3319 in
804 3259 931 3319 mundo
951 3260 1114 3340 spirituali
1138 3260 1192 3322 ubi

111 3361 196 3414 ⁰nnes
211 3353 370 3416 habitant
390 3352 575 3416 secundum
589 3352 688 3436 quale
704 3352 900 3415 interiorum
920 3372 1054 3415 suorum
1074 3351 1193 3434 quibus

109 3454 222 3512 externa
241 3449 521 3530 correspondent.

142 3536 196 3626 [fi]
226 3542 332 3627 Apud
350 3543 505 3619 Esaiam,

140 3674 205 3739 ‘¹in
223 3676 370 3725 incaluistis
388 3676 480 3725 indiis
497 3678 548 3725 sub
565 3676 639 3724 omni
657 3676 752 3724 arbore
765 3675 851 3733 viridi,
867 3676 910 3738 qui
928 3673 1051 3725 mediatis
1070 3685 1148 3725 natos
1166 3677 1193 3726 ln

206 3740 295 3790 fluviis
307 3743 357 3790 sub
368 3742 485 3804 scopulis
498 3754 632 3804 petrarum
642 3740 655 3759 '¹
668 3741 732 3802 (lvii.
746 3742 785 3801 5);

104 3864 161 3936 inid
183 3869 226 3930 sit
252 3866 489 3930 “incalescere
516 3868 550 3929 in
576 3867 640 3929 diis
663 3866 726 3928 sub
749 3867 841 3928 omni
866 3866 986 3929 arbore
1009 3866 1135 3940 viridi”
1157 3878 1192 3930 et

104 3950 255 4025 '‘nanare
283 3972 385 4023 natos
403 3963 436 4023 in
464 3960 569 4023 fluviis
593 3961 656 4022 sub
685 3961 833 4041 scopulis
864 3960 1066 4041 petrarum,'’
1090 3981 1191 4024 uerno

104 4052 150 4115 trit
163 4056 220 4119 nisi
242 4077 289 4120 ex
314 4075 415 4118 sensu
434 4057 590 4119 interno:
615 4057 647 4118 in
672 4077 714 4117 eo
736 4074 847 4129 sensu,
873 4075 932 4136 per
957 4055 1193 4121 “incalescere

104 4135 194 4213 indiis
216 4152 280 4214 sub
303 4152 397 4213 omni
424 4151 543 4213 arbore
566 4151 685 4212 viridi”
708 4149 919 4230 significatur
942 4150 1053 4212 colere
1081 4151 1191 4214 Deum
1236 4225 1237 4229 η

104 4248 228 4310 exomni
248 4245 338 4309 salso
357 4245 446 4327 quod
467 4245 626 4321 obvenit;
653 4244 888 4307 “incalescere
907 4245 939 4306 in
960 4245 1021 4306 diis
1032 4244 1046 4265 ”
1066 4257 1118 4308 est
1138 4234 1191 4307 ar·'

104 4329 159 4401 lens
180 4341 304 4414 cultus,
329 4341 469 4401 “omnis
488 4340 587 4401 arbor
605 4338 742 4400 viridis''
761 4348 813 4400 est
834 4357 934 4399 omne
957 4338 1076 4400 falsum
1100 4340 1190 4419 quod

104 4429 230 4516 ›brenit3
257 4432 412 4498 “arbor'’
425 4435 515 4496 enim
530 4432 700 4515 significat
717 4434 932 4514 cognitiones
948 4443 982 4495 et
1000 4434 1190 4514 perceptio-
