2684 4988
381 502 458 551 csn.
476 501 566 562 vnn,
583 500 688 550 vans
710 500 838 550 10.-u.
859 485 990 569 518[d].
1167 485 1249 567 1289

125 669 220 733 Mare
236 670 527 742 Philisthaeorum,
541 669 675 732 fluvium
692 669 916 750 Euphratem,
929 678 964 732 et
982 668 1115 731 fluvium
1127 667 1246 749 Jorda·

119 784 213 838 nem,
227 785 313 846 quae
330 774 425 827 erant
443 765 576 827 termini
592 774 701 827 terrae
719 761 906 847 Canaanis;
930 773 966 826 et
982 763 1059 845 quia
1077 762 1224 825 “ultima
1233 762 1248 785 ”

121 859 157 920 in
176 858 295 921 Verbo
314 860 504 939 significant
528 858 651 931 infima,
672 859 793 921 dicitur
815 858 904 939 quod
926 857 1105 938 “Jehovah
1129 856 1247 919 sunda·

121 953 233 1018 verit”
252 964 287 1016 et
305 952 555 1016 “stabiliverit'’
574 972 674 1033 super
696 951 762 1014 illa.
808 950 908 1032 Quod
933 971 1000 1014 non
1024 951 1126 1013 tellus
1149 970 1249 1031 super

125 1048 272 1111 maribus
284 1058 320 1110 et
333 1069 431 1130 super
443 1047 548 1109 fluviis
561 1047 700 1110 lundata
713 1047 768 1121 sit,
782 1055 930 1109 constat.
971 1044 1075 1126 Apud
1090 1045 1246 1117 eundem,

177 1190 337 1239 “Dominus
349 1191 383 1239 ad
396 1191 517 1239 dextram
533 1200 614 1248 tuam,
629 1189 760 1252 percussit
773 1189 801 1238 in
816 1190 858 1238 die
873 1189 928 1239 irae
940 1203 1005 1238 suae
1020 1203 1105 1250 reges,
1120 1187 1248 1251 judicavit

257 1257 327 1305 inter
344 1266 446 1317 gentes
467 1255 586 1317 implevit
604 1255 786 1312 cadaveribus,
807 1255 937 1317 percussit
955 1265 1034 1316 caput
1052 1263 1248 1315 superterram

256 1321 376 1377 multam,
391 1335 406 1370 e
418 1320 527 1369 flumine
540 1321 567 1370 in
581 1321 627 1368 via
640 1321 714 1378 bibit,
729 1329 871 1383 propterea
883 1319 1011 1368 exaltabit
1025 1319 1124 1381 caput''
1136 1318 1193 1380 (Ps.
1204 1332 1246 1368 cx.

257 1388 328 1446 5-7)=

127 1520 208 1584 haec
226 1519 318 1584 dit'ta
333 1530 411 1583 sunt
428 1521 469 1583 de
487 1521 645 1594 Domino,
662 1528 697 1584 et
716 1520 759 1582 de
775 1540 889 1601 pugna
906 1519 1013 1602 Ipsius
1029 1529 1149 1582 contra
1164 1516 1248 1582 salsa

127 1624 160 1676 et
183 1615 274 1677 mala
297 1636 381 1697 quae
405 1636 450 1677 ex
473 1615 618 1687 infernis,
638 1627 673 1677 et
697 1614 739 1676 de
763 1615 881 1677 horum
906 1612 1160 1694 subjugatione:
1188 1633 1249 1695 per

128 1713 252 1789 “reges
261 1707 276 1731 ’⁸
295 1708 530 1789 intelliguntur
549 1708 631 1769 salsa
650 1729 695 1770 ex
715 1708 854 1782 inferno,
874 1728 933 1789 per
953 1705 1127 1788 “gentes''
1145 1706 1247 1769 intel·

127 1798 274 1884 liguntur
294 1802 381 1863 mala
400 1802 497 1877 inde;
526 1801 648 1863 Divina
666 1800 775 1882 Ipsius
797 1802 951 1882 potentia
970 1800 1170 1881 intelligitur
1188 1820 1249 1881 per

127 1896 323 1958 “Dominus
342 1895 384 1956 ad
404 1895 563 1957 dextram
577 1894 602 1970 ;'’
628 1894 786 1957 salsorum
806 1904 841 1956 et
865 1893 1028 1957 malorum
1048 1915 1093 1956 ex
1113 1893 1248 1956 infernis

124 1988 315 2070 subjugatio
331 1999 365 2050 et
391 1986 576 2050 destructio
595 1987 801 2068 significatur
825 2008 884 2069 per
907 1988 996 2069 quod
1017 1988 1247 2068 “percusserit

118 2078 197 2146 illos
218 2084 252 2145 in
272 2083 325 2145 die
342 2084 408 2143 irae
429 2103 518 2150 suae.
532 2081 730 2161 judicaverit
747 2082 835 2145 inter
854 2092 986 2163 gentes,
1004 2091 1038 2145 et
1058 2081 1248 2162 impleverit

114 2176 341 2240 cadaveribus
355 2174 380 2236 :'’
405 2194 463 2255 per
484 2173 644 2255 “caput,”
664 2176 753 2257 quod
777 2176 941 2255 percussit
964 2176 1140 2238 interram
1161 2174 1246 2238 mul-

108 2272 204 2343 tam,
217 2268 417 2348 intelligitur
430 2288 523 2329 amor
537 2269 598 2341 sui,
611 2289 655 2330 ex
668 2285 735 2348 quo
747 2270 858 2331 omnia
870 2269 959 2331 mala
973 2279 1006 2331 et
1019 2268 1121 2344 salsa;
1143 2274 1162 2300 ‘⁴
1172 2288 1246 2349 pcr-

104 2374 238 2426 cutere
258 2362 291 2423 in
311 2372 434 2424 terram
454 2360 618 2424 multam”
634 2361 801 2443 significat
818 2360 1083 2425 destrudlionem
1103 2360 1246 2425 totalem

104 2469 149 2521 et
168 2456 448 2519 damnationem:
474 2475 533 2534 per
550 2462 569 2485 ‘⁴
582 2454 733 2527 flumen,”
749 2476 767 2518 e
784 2476 850 2537 quo
867 2465 967 2536 caput
987 2456 1071 2517 bibit
1091 2465 1126 2519 et
1146 2475 1246 2536 prop-

104 2553 170 2614 ter
193 2549 286 2632 quod
307 2548 475 2611 exaltabit
495 2569 541 2620 se,
559 2549 766 2629 significatur
785 2547 936 2612 Verbum
956 2551 988 2612 in
1009 2550 1142 2628 littera;
1168 2551 1246 2614 “bi-

104 2659 200 2708 3ere
220 2664 266 2706 ex
286 2642 366 2705 illo''
385 2653 436 2704 est
460 2642 584 2724 aliquid
604 2643 682 2705 inde
701 2643 842 2716 discere,
863 2654 898 2706 et
919 2644 1102 2708 “exaltare
1122 2657 1223 2726 caput
1233 2645 1252 2671 ”’

104 2750 170 2802 est
193 2737 325 2799 tamdiu
349 2756 555 2817 repugnare;
583 2756 703 2798 omnes
727 2738 816 2799 enim
840 2738 895 2818 qui
919 2739 951 2799 in
975 2736 1065 2800 salsis
1088 2759 1133 2801 ex
1157 2739 1254 2802 malo

104 2843 210 2903 sunt,
233 2850 299 2892 non
320 2832 409 2910 prius
428 2832 460 2892 in
487 2830 649 2891 infernum
674 2840 815 2910 possunt
839 2831 935 2911 dejici
955 2851 1055 2912 quam
1079 2832 1158 2895 dum
1182 2832 1257 2895 illis

104 2925 239 2990 ablata
252 2936 330 2985 sunt
347 2925 403 2985 illa
420 2944 504 3004 quae
518 2925 628 2985 sciunt
644 2944 689 2985 ex
702 2920 830 2996 Ve'rbo,
844 2925 1002 3006 quoniam
1016 2927 1129 2989 omnia
1141 2926 1255 2990 Verbii

104 3019 376 3085 communicant
394 3038 468 3079 cum
482 3018 587 3090 caelo,
602 3039 661 3099 per
677 3038 776 3100 quam
790 3019 1133 3082 communicationem
1149 3020 1254 3084 exal·-

104 3123 199 3180 tant
219 3122 341 3193 caput;
369 3114 428 3174 scd
453 3112 516 3174 illis
539 3112 661 3175 ablatis
684 3114 718 3174 ln
742 3112 905 3175 infernum
925 3112 1134 3192 dejiciuntur.
1180 3113 1254 3178 Hic¹

104 3228 240 3273 sensus
258 3217 310 3269 est
331 3204 462 3268 illorum
479 3207 668 3280 verborum,
686 3207 741 3288 qui
758 3207 884 3289 absque
901 3226 1001 3268 sensu
1021 3206 1194 3288 spirituali,
1211 3217 1247 3272 et

104 3303 249 3384 absque
262 3301 457 3382 cognitione
475 3300 516 3362 de
531 3299 646 3363 Verbo
658 3300 756 3384 quale
774 3313 837 3377 est,
852 3301 977 3364 nemini
990 3310 1096 3381 patet.
1141 3300 1246 3383 Apud

104 3393 300 3469 Habakuk,

172 3532 189 3554 ‘⁴
200 3527 271 3578 Num
281 3527 369 3576 fluviis
379 3528 531 3577 succensuit
540 3527 681 3592 Jehovahi
694 3542 757 3578 num
768 3539 864 3578 contra
877 3529 972 3578 fluvios
982 3529 1022 3578 ira
1034 3530 1097 3579 tua?
1109 3542 1174 3578 num
1183 3543 1254 3578 con·-

253 3604 293 3642 tra
307 3608 379 3641 mare
392 3595 614 3643 excandescentia
626 3596 688 3644 tua?
705 3595 767 3658 quia
778 3595 884 3658 equitas
896 3609 977 3657 super
988 3596 1064 3659 equis
1077 3595 1139 3652 tuis,
1152 3609 1254 3647 currus

254 3659 291 3707 tui
304 3658 376 3706 salus
385 3657 398 3676 '’
411 3659 457 3717 (iii.
471 3659 509 3719 Sl:

118 3789 167 3850 ita
187 3787 395 3868 supplicatur
418 3798 454 3849 ut
475 3786 620 3850 ecclesia
639 3787 849 3851 custodiatur
872 3798 907 3852 et
932 3808 999 3851 non
1019 3797 1135 3871 pereat
1147 3809 1156 3866 ;
1187 3809 1255 3870 per·

126 3881 292 3944 “fluvios”
308 3892 343 3944 et
361 3901 419 3962 per
437 3887 556 3944 “mare
565 3882 579 3905 ''
598 3880 829 3964 significantur
845 3883 958 3946 omnia
976 3883 1152 3956 ecclesiae,
1168 3885 1247 3966 quia

122 3983 198 4035 sunt
218 3972 340 4036 ultima
358 3973 430 4053 ejus
450 3990 601 4049 (utsupra);
624 3994 684 4054 per
702 3975 884 4055 “equitare
904 3995 1005 4056 super
1023 3973 1147 4056 equis,'’
1163 3975 1244 4038 dum

122 4066 163 4128 de
177 4065 340 4146 Jehovah,
360 4066 423 4127 hoc
445 4075 507 4138 est,
526 4065 683 4139 Domino,
701 4065 908 4147 significatur
929 4067 1050 4128 Divina
1069 4065 1243 4147 Sapientia

121 4178 204 4241 quae
220 4161 309 4223 inest
327 4159 462 4236 Verbo;
486 4170 521 4222 et
539 4179 597 4240 per
610 4167 753 4224 “currus
765 4160 779 4185 ”
794 4160 1026 4243 significantur
1042 4159 1244 4224 dottrinalia

122 4254 206 4317 inde.
252 4253 356 4333 Apud
377 4253 554 4327 Davidem,

170 4385 256 4436 “Non
270 4386 423 4435 timebimus
436 4401 496 4436 cum
510 4388 655 4437 mutabitur
668 4398 746 4445 terra,
761 4397 788 4437 et
801 4403 861 4438 cum
876 4391 1055 4439 movebuntur
1067 4398 1173 4438 montes
1187 4383 1239 4438 l¹lin

252 4453 333 4501 corde
351 4454 480 4502 marium:
502 4453 740 4512 tumultuabuntur,
757 4456 935 4504 turbabuntur
951 4468 1037 4519 aquae
1054 4454 1121 4518 ejus,
1137 4463 1241 4505 conue-
