2684 4988
117 442 198 508 1060
423 454 674 507 Arocnnvnsrs
696 456 925 509 EXPLICATA.

6 610 11 623 ’
113 626 203 710 quod
228 632 376 707 “togam
405 646 505 707 super
530 624 625 688 illum
648 625 860 707 projecerit,”
883 629 974 691 visus
996 641 1047 693 est
1069 629 1176 693 Elisaeus

114 729 237 784 “arare
256 721 436 783 duodecim
457 719 549 801 juga,
569 730 604 783 et
629 722 700 803 ipse
723 722 813 785 inter
834 722 1041 798 duodecim,”
1058 745 1105 806 per
1119 720 1177 804 quod

112 814 320 897 significatur
338 814 496 878 formatio
512 814 678 878 ecclesiae
698 836 756 897 per
775 836 856 879 vera
874 838 919 880 ex
939 818 1030 882 bono
1047 841 1085 882 ex
1101 817 1178 881 Verbo

12 947 16 954 -
112 919 231 981 (videatur
241 936 321 980 supra.
333 936 357 968 n.
370 920 491 986 395[r]).
535 905 668 969 Dicitur
687 908 720 968 in
739 909 964 990 sequentibus
983 911 1069 991 quod

163 1047 254 1097 “Visa
267 1048 302 1096 sit
316 1048 412 1096 mulier
429 1048 591 1096 circumdata
603 1047 669 1103 sole.
685 1057 713 1095 et
730 1048 795 1096 luna
808 1050 858 1097 sub
873 1050 994 1110 pedibus,
1010 1060 1037 1100 et
1052 1048 1181 1113 supernpite

241 1127 343 1161 corona
354 1113 490 1162 stellarum
503 1113 643 1161 duodecim
651 1111 666 1130 ”
677 1113 764 1176 (Apoc.
776 1114 821 1162 xii.
836 1119 874 1170 rt:

112 1245 177 1308 hoc
200 1246 309 1307 visum
332 1255 385 1307 est
408 1246 486 1326 quia
508 1264 567 1327 per
592 1244 796 1308 “mulierem
806 1245 820 1268 ''
844 1246 1053 1327 significatur
1072 1246 1182 1313 ecclesia.
1222 1270 1225 1346 ρ

111 1348 146 1402 et
170 1358 230 1420 per
252 1338 423 1401 “stellas''
445 1340 661 1420 cognitiones
683 1341 763 1412 veri,
784 1359 843 1421 per
868 1341 1077 1404 “coronam'‘
1097 1341 1182 1403 bonurn
1222 1364 1225 1404 τ

111 1432 253 1506 illarum,
271 1453 330 1514 per
350 1432 504 1514 “caput'’
522 1433 761 1515 intelligentia.
806 1433 923 1498 Simile
942 1436 1032 1517 quod
1049 1433 1183 1497 duodecin
1221 1424 1225 1495 l

111 1527 217 1590 tribus
231 1527 363 1590 Israelis
377 1529 480 1590 etiam
491 1529 671 1591 duodecim
684 1529 831 1611 apostoli
843 1529 982 1593 Domini
994 1538 1183 1613 repraesenta·
1223 1568 1225 1596 :

111 1632 242 1696 verunt,
258 1642 379 1704 nempe
393 1641 512 1685 omnes
524 1623 622 1684 simul
636 1624 827 1696 ecclesiam,
839 1635 874 1686 et
888 1627 1028 1706 quisque
1041 1619 1183 1687 eorumali·

111 1716 201 1799 quod
217 1717 399 1780 essentiale
415 1717 601 1793 ecclesiae;
628 1718 706 1780 inde
723 1719 882 1800 estquod
899 1719 1022 1782 fuerint
1039 1717 1183 1782 duodecin.

172 1807 232 1890 [6.]
264 1807 321 1870 Ex
344 1808 396 1870 his
418 1818 578 1871 constare
602 1819 718 1890 potest
741 1810 830 1873 unde
853 1820 907 1873 est
938 1820 974 1873 et
996 1812 1072 1892 quid
1091 1805 1182 1890 signifi·

111 1909 178 1973 cat,
195 1901 284 1983 quod
305 1900 403 1963 Nova
424 1901 675 1980 Hierosolyma,
692 1922 751 1983 per
769 1921 870 1983 quam
889 1902 1092 1983 significatur
1108 1898 1183 1964 eccle·

111 1996 160 2056 sia
179 2014 216 2057 ac
236 1992 390 2059 doctrina
409 1996 490 2076 ejus,
510 1996 643 2059 dicatur
1161 2004 1164 2012 “

165 2139 273 2191 Habere
287 2141 427 2190 duodecim
440 2152 540 2203 portas.
554 2151 581 2190 et
595 2156 676 2202 super
689 2143 773 2203 portis
786 2142 900 2204 angelos
914 2143 1061 2199 duodecim,
1074 2151 1098 2190 et
1109 2136 1185 2189 nonin

239 2208 338 2268 scripta
350 2217 489 2269 quaesunt
500 2207 640 2255 duodecim
654 2207 769 2255 tribuum
784 2206 908 2258 Israelis:
926 2217 953 2256 et
965 2209 1035 2270 quod
1046 2220 1124 2255 murus
1131 2202 1184 2251 habe·

240 2281 280 2320 ret
292 2272 466 2319 fundamenta
478 2272 627 2328 duodecim.
642 2282 668 2322 et
683 2273 710 2320 in
726 2273 757 2321 iis
769 2273 881 2320 nomina
893 2273 1033 2321 duodecim
1045 2270 1183 2334 apostotorum
1220 2330 1225 2343 ι

240 2337 312 2399 Agni
325 2337 410 2400 (Aper.
423 2338 476 2387 xxi.
488 2334 554 2396 [¹¹12.
569 2340 623 2399 14):

110 2466 165 2529 ubi
184 2487 242 2548 per
264 2466 471 2528 “duodecim
490 2465 662 2546 angelos‚”
680 2433 887 2528 “duodecim
908 2465 1043 2540 tribus,'’
1058 2475 1090 2527 et
1107 2460 1183 2522 “duu-

109 2562 218 2624 decim
238 2558 414 2642 apostolos
423 2560 438 2583 ’'
457 2580 524 2622 non
543 2559 781 2640 intelliguntur
801 2560 927 2641 angeli,
949 2561 1053 2623 tribus
1070 2569 1101 2621 et
1116 2570 1183 2636 apos·

110 2655 182 2729 toli,
203 2656 262 2717 sed
282 2656 395 2716 omnia
414 2654 589 2718 ecclesiae.
634 2652 794 2717 Similiter
813 2655 902 2736 quod

163 2797 286 2859 Apostoli
301 2798 399 2845 sessuri
414 2811 494 2858 super
507 2796 646 2845 duodecim
660 2796 772 2852 thronis,
786 2807 813 2844 et
830 2796 972 2858 judicaturi
987 2795 1114 2845 duodecim
1128 2789 1184 2839 triblss

240 2861 347 2910 Israelis
359 2862 467 2922 (Matri.
479 2862 532 2910 xix.
545 2863 592 2918 28;
610 2861 673 2910 Luc.
685 2863 748 2909 xxii.
761 2863 817 2921 ani:

109 3016 169 3077 per
190 2995 279 3077 quod
300 3014 367 3056 non
392 2993 593 3074 intelligitur
612 2994 701 3074 quod
721 2992 869 3074 apostoli
892 2996 1016 3056 sessuri
1038 2995 1099 3055 sint
1117 2999 1184 3065 super

109 3090 287 3152 duodecim
311 3089 453 3161 thronis,
479 3098 513 3152 et
534 3087 714 3167 judicaturi
743 3088 923 3150 duodecim
952 3088 1056 3150 tribus
1077 3078 1183 3148 Israelis.

109 3182 168 3246 sed
191 3184 281 3264 quod
306 3183 397 3244 solus
421 3183 587 3244 Dominus
606 3181 813 3262 judicaturus
836 3183 879 3245 sit
908 3202 1028 3244 omnes
1051 3201 1103 3262 per
1121 3169 1184 3238 Divi·

109 3295 187 3337 num
205 3274 333 3336 Verum
351 3296 395 3336 ex
413 3275 537 3336 Divino
554 3273 652 3335 Bono
668 3290 945 3354 (nantursupmmo,
956 3273 1027 3344 206,
1040 3273 1185 3362 ²53n·²z⁰=

109 3380 179 3444 297,
189 3381 226 3444 33
232 3382 271 3443 3).
308 3365 373 3445 Qui
387 3385 454 3426 non
468 3365 532 3426 scit
546 3363 636 3445 quod
652 3364 858 3425 “duodecim
869 3363 883 3384 ‘'
895 3363 1084 3443 significent
1096 3367 1184 3423 omnia.

109 3478 170 3521 nec
191 3459 275 3520 scire
295 3468 410 3538 potest
430 3476 591 3519 arcanum
609 3456 699 3537 quod
719 3455 929 3536 significatur
948 3477 1007 3537 per
1026 3455 1109 3538 quod

159 3590 312 3653 Superen'nt
324 3591 463 3641 duodecim
476 3591 582 3655 cophini
594 3592 804 3655 fragmentorum
818 3607 852 3642 ex
866 3592 983 3669 quinque
995 3594 1103 3658 panibus
1114 3598 1134 3639 et
1143 3583 1186 3633 (ΙΨ

239 3657 289 3705 bus
301 3656 423 3719 piscibus,
433 3658 528 3721 quibus
537 3657 669 3706 Dominus
678 3656 775 3707 cibavit
783 3659 945 3720 quinquiens
956 3659 1029 3708 mille
1041 3659 1107 3708 viros

241 3721 365 3771 mulieres
384 3731 411 3770 et
430 3737 527 3784 pueros
546 3721 652 3784 (Matri.
670 3722 723 3772 xiv.
742 3734 837 3783 15-21;
859 3724 944 3775 Marc.
955 3725 990 3774 vi.
1003 3736 1093 3787 37-443
1149 3707 1187 3763 Ᾰῑ

240 3799 335 3848 12-17;
355 3788 417 3852 Jok.
429 3787 463 3836 vi.
475 3785 562 3852 9-13):

109 3917 241 3999 singula
258 3938 332 3981 cum
349 3920 429 4001 ipsis
445 3920 590 3983 numeris
605 3919 649 3983 ibi
666 3920 856 4001 significant
869 3941 877 3998 ;
890 3925 910 3953 “
920 3921 1113 4003 quinquiens
1123 3903 1201 3978 mille

109 4012 168 4074 viri
192 4023 325 4093 praeter
349 4012 504 4077 mulieres
527 4022 562 4077 et
585 4013 728 4095 puer0s”
747 4012 938 4095 significant
962 4034 1079 4077 omnes
1099 4007 1144 4095 qui
1160 3993 1212 4065 ab

108 4105 252 4169 ecclesia
278 4108 310 4169 in
340 4108 427 4170 veris
450 4128 495 4171 ex
518 4108 609 4171 bono
632 4117 721 4181 sunt,
748 4108 860 4171 “viri’'
883 4107 960 4170 illos
984 4111 1040 4191 qui
1065 4109 1096 4171 in
1118 4097 1225 4168 veris·

111 4200 295 4264 “mulieres
314 4213 349 4265 et
369 4199 581 4285 1¹1pueri”qui
599 4203 632 4269 in
652 4202 768 4278 bonis;
793 4208 928 4283 “panes
936 4201 951 4227 ”
967 4202 1057 4267 bona
1073 4212 1106 4267 et
1121 4191 1225 4278 “piss

108 4295 188 4358 ces''
215 4318 293 4359 vera
323 4297 486 4360 naturalis
513 4297 677 4374 hominis;
710 4296 886 4360 “cibatio”
910 4299 1122 4361 nutritionem
1142 4294 1225 4370 sp*

108 4390 264 4455 ritualem
292 4412 312 4454 a
339 4391 508 4470 Domino;
538 4390 747 4454 “duodecim
774 4390 910 4474 cophini
933 4380 1225 4475 fragmentonr*
