2684 4988
375 129 472 180 can.
489 121 791 191 v1.,vans.2.-u.
808 110 940 197 357[d].
1156 107 1220 193 697

142 305 202 379 patet
219 296 292 379 quid
324 296 389 362 hic
427 318 491 380 per
516 296 574 361 illa
598 297 702 361 verba
733 295 952 379 significatur,
979 295 1070 378 quod
1098 313 1220 378 nempe

142 389 211 453 nalus
225 392 397 455 irascatur
418 391 507 464 Deo,
527 391 676 473 gladium
695 392 757 454 sibi
776 400 887 464 acuat,
907 409 1022 454 arcum
1042 389 1164 453 tendat
1182 397 1219 454 et

142 481 223 566 dirigat
234 505 321 560 eum,
341 496 530 568 praeparet
544 505 623 548 vasa
636 488 766 560 mortis,
780 496 815 548 et
833 485 902 548 tela
920 505 981 547 sua
996 484 1153 547 ardentia
1168 483 1218 548 fa·

143 576 200 654 tiat;
213 599 261 659 per
272 580 372 661 quod
387 585 520 642 “acuat
533 578 683 660 gladium
694 578 709 603 '’
719 577 928 661 significatur
938 578 1029 661 quod
1041 585 1226 659 comparet,

143 672 289 735 sibiinlsum
300 694 364 755 per
381 674 475 755 quod
492 683 621 754 pugnet
637 683 757 736 contra
773 694 872 750 vera;
896 693 955 754 per
970 671 1060 754 quod
1075 678 1223 752 “arcum

143 765 224 828 tendat
240 777 276 829 et
299 767 432 848 dirigat
456 766 562 839 eum,'’
585 765 795 847 significatur
817 766 907 848 quod
933 786 979 828 ex
1002 764 1094 828 salsis
1117 764 1217 828 faciat

143 857 182 920 sibi
194 857 371 922 dollrinam
390 870 513 923 contra
532 881 630 937 vera;
660 870 697 923 et
720 881 779 942 per
801 860 892 941 quod
912 867 1120 942 “praeparet
1137 878 1218 922 vasa

143 955 232 1027 nortis,
246 965 281 1017 et
298 955 372 1019 tela
391 975 452 1017 sua
471 955 625 1017 ardentia
641 954 774 1027 saciat,”
789 952 998 1035 significatur
1016 953 1106 1035 quod
1126 953 1217 1035 prin·

142 1045 276 1128 cipiaialsi
295 1048 358 1111 sibi
375 1048 478 1110 ficiat
497 1069 542 1111 ex
565 1068 680 1111 amore
704 1047 856 1111 infernali
875 1068 935 1130 per
952 1068 1038 1130 quae
1061 1048 1217 1110 destruat

142 1137 230 1204 bonum
246 1152 281 1205 et
300 1141 372 1222 ejus
391 1163 482 1204 vera.
528 1142 566 1205 ln
593 1141 623 1204 Τ
619 1142 743 1217 litenis,

177 1279 291 1333 Dominus
300 1285 442 1334 “tetendit
452 1298 544 1333 arcum
556 1299 634 1334 suum
646 1285 715 1333 sicut
726 1285 821 1341 bostis,
832 1284 954 1333 constitit
964 1284 1059 1332 dextra
1072 1282 1138 1344 Ejus
1148 1282 1219 1333 sicut

232 1349 364 1408 inimicus,
377 1350 477 1399 occidit
487 1350 579 1398 omnia
589 1349 776 1398 desiderabilia
785 1350 924 1398 oculorum
934 1348 948 1368 '’
961 1349 997 1410 (it
1006 1353 1047 1410 4);

141 1480 175 1544 hit
190 1504 311 1566 quoque
334 1485 525 1547 tribuuntur
548 1483 695 1547 Domino
718 1485 838 1547 similia
860 1505 906 1548 ex
930 1483 1028 1546 simili
1052 1503 1152 1546 causa
1173 1482 1218 1547 de

140 1594 182 1657 qua
198 1597 277 1640 nunc
301 1599 421 1659 supra;
449 1578 538 1659 quod
559 1579 707 1641 “tendat
729 1598 844 1641 arcum
869 1598 963 1640 suum
987 1579 1073 1640 sicut
1097 1577 1215 1652 hostis,

86 1678 89 1741 ξ
139 1673 311 1733 etconsistat
322 1671 448 1733 dextra
459 1670 538 1752 Ejus
549 1672 634 1735 sicut
646 1672 826 1745 inimicus,''
835 1671 1001 1753 significat
1013 1671 1103 1753 quod
1114 1671 1217 1734 homo

139 1762 215 1825 nalus
234 1765 266 1827 id
288 1766 351 1827 sibi
373 1764 486 1839 saciat,
506 1785 637 1853 nempe
650 1766 739 1846 quod
759 1765 925 1828 defendat
949 1764 1074 1827 malum
1098 1775 1218 1827 contra

138 1853 229 1921 bonum
246 1869 281 1922 et
299 1859 419 1922 salsum
439 1869 558 1921 contra
576 1879 691 1920 verum
711 1858 780 1940 ejus
799 1880 842 1922 ex
863 1857 1017 1922 doitrina
1036 1878 1136 1941 quam
1155 1858 1217 1921 sibi

137 1944 207 2014 inxit
226 1973 268 2015 ex
292 1953 427 2034 propria
455 1952 682 2033 intelligentia
705 1964 740 2015 et
764 1951 974 2015 confirmavit
999 1974 1057 2035 per
1080 1972 1215 2016 sensum

127 2038 236 2108 litterae
252 2045 376 2121 Verbi;
401 2065 478 2108 nam
497 2047 529 2107 in
552 2045 694 2108 Threm's
710 2047 822 2127 agitur
839 2047 881 2109 de
898 2049 1089 2109 vastatione
1107 2049 1217 2111 omnis

137 2133 191 2199 bri
205 2151 235 2203 et
251 2141 360 2202 omnis
376 2141 445 2203 veri
461 2139 549 2222 apud
569 2151 708 2221 gentem
724 2139 897 2220 Judaicam
914 2151 1052 2222 propter
1067 2141 1216 2223 applica·

138 2229 232 2296 tionem
249 2255 367 2297 sensus
387 2234 521 2297 litterae
541 2233 645 2296 Verbi
662 2234 704 2296 ad
724 2235 871 2297 savorem
891 2255 1025 2296 suorum
1045 2256 1216 2315 amorum3

138 2327 252 2390 “arcus”
270 2330 313 2392 ibi
333 2338 386 2393 est
405 2325 561 2391 dostrina
576 2328 648 2391 falsi
668 2329 756 2403 inde,
775 2329 934 2391 “hostis”
952 2339 1005 2391 est
1025 2329 1161 2400 malum.
1180 2341 1216 2394 et

138 2418 306 2485 “inimicus'’
321 2433 374 2486 est
387 2422 526 2499 falsum;
550 2424 639 2505 quod
655 2423 735 2486 iude
751 2424 885 2504 perierit
898 2425 1006 2485 omnis
1023 2423 1216 2489 intellectus

138 2515 220 2578 veriet
232 2518 320 2589 boni,
332 2516 540 2597 significatur
553 2538 611 2598 per
621 2517 711 2598 quod
725 2517 918 2578 “Dominus
931 2518 1091 2581 occiderit
1105 2521 1218 2583 omnia

138 2603 336 2674 desiderabilia
344 2610 517 2673 oculorum
530 2611 555 2686 ;”
575 2617 595 2642 “
605 2610 839 2673 desiderabilia
848 2610 1022 2674 oculorum
1031 2613 1046 2636 ”
1056 2624 1133 2675 sunt
1146 2633 1218 2676 om·

139 2699 257 2784 itaquae
272 2714 352 2767 sunt
371 2705 618 2785 intelligentiae
634 2716 669 2767 et
689 2706 883 2786 sapientiae.
928 2706 1032 2788 Apud
1048 2707 1173 2782 Mosen,

170 2843 253 2909 “ignis
261 2862 392 2896 accensus
399 2857 441 2898 est
451 2848 478 2896 in
488 2849 527 2896 ira
536 2862 617 2904 mea..
628 2858 683 2897 ..et
694 2849 817 2897 comedet
826 2859 924 2897 terram
935 2860 963 2899 et
976 2861 1134 2912 proventum
1147 2842 1227 2914 einez

231 2923 258 2962 et
275 2913 454 2961 inflammabit
465 2912 640 2961 fundamenta
650 2914 799 2968 montium:
817 2917 954 2963 evacuabo
972 2931 1052 2978 super
1064 2918 1117 2966 illis
1136 2919 1215 2976 mala,

231 2978 344 3040 uaginae
357 2991 433 3026 meas
444 2980 600 3026 consumam
613 2979 641 3027 in
653 2979 686 3026 iis
695 2978 710 2996 ''
721 2979 826 3040 (θεαῖν.
837 2980 919 3041 xxxii.
930 2992 969 3038 22,
982 2983 1036 3042 asi:

135 3105 191 3176 haec
203 3115 235 3177 in
251 3115 395 3178 Cantico
412 3114 528 3189 Mosis‚
545 3115 579 3178 in
595 3136 661 3197 quo
677 3117 788 3197 agitur
803 3118 846 3181 de
862 3129 966 3199 gente
985 3118 1219 3188 Israeliticasset

132 3198 250 3284 Iudaica,
266 3219 302 3272 et
322 3209 522 3272 describitur
540 3209 655 3291 quales
674 3221 752 3273 sunt
772 3212 874 3275 corde
893 3234 964 3285 suo,
984 3214 1074 3295 quod
1094 3234 1215 3298 nempe

132 3302 193 3379 tpud
214 3302 290 3367 illos
314 3301 397 3365 nihil
420 3302 594 3376 ecclesiae,
615 3305 690 3386 quia
710 3325 800 3369 mere
818 3306 937 3369 falsum
956 3328 1001 3370 ex
1021 3307 1130 3384 malo;
1159 3327 1218 3390 per

132 3393 255 3461 “terram
272 3408 310 3461 et
328 3407 532 3480 proventum
550 3397 619 3478 ejus
628 3398 644 3422 '⁹
658 3419 743 3480 quae
762 3402 992 3476 comedentur,
1011 3401 1217 3482 significatur

128 3488 243 3554 ecclesia
265 3510 304 3555 ac
324 3511 427 3555 omne
445 3509 561 3554 verum
584 3501 619 3553 et
638 3493 763 3555 bonum
786 3493 866 3574 ejus,
886 3516 945 3577 per
964 3496 1141 3559 “terram'’
1159 3516 1216 3560 ec·

127 3578 215 3660 etesia,
237 3595 272 3649 et
296 3606 357 3668 per
381 3591 613 3667 “proventum
622 3585 636 3609 ”
659 3606 759 3648 omne
782 3609 897 3651 verum
919 3600 954 3652 et
978 3591 1102 3652 bonum
1126 3589 1216 3671 ejus;

126 3690 169 3752 per
183 3679 430 3743 “fundamenta
448 3679 613 3741 montium
623 3679 638 3703 ”
656 3700 742 3762 quae
765 3680 1068 3760 inflammabuntur,
1089 3684 1216 3766 signifi·

124 3781 219 3837 untur
234 3795 315 3838 vera
334 3794 438 3856 super
452 3773 571 3855 quibus
590 3773 769 3836 fundantur
788 3774 877 3836 bona
899 3779 1032 3852 amoris,
1052 3781 1084 3841 in
1104 3780 1217 3860 specie

123 3871 181 3929 tera
196 3889 312 3933 sensus
333 3867 472 3931 litterae
490 3866 606 3942 Verbi,
626 3869 784 3952 quoniam
803 3868 862 3931 illa
879 3880 957 3933 sunt
977 3870 1215 3951 fundamenta;

123 3972 165 4034 per
177 3964 288 4029 “mala
296 3963 313 3987 ”
330 3981 420 4046 quae
440 3981 538 4042 super
553 3962 592 4024 iis
608 3962 870 4037 evacuabuntur,
887 3974 922 4026 et
941 3984 1000 4046 per
1017 3969 1190 4046 “sagittas
1198 3965 1216 3992 ’⁹

121 4067 185 4129 quae
206 4065 456 4123 consumentur
481 4075 580 4137 super
605 4056 654 4130 iis,
677 4055 885 4137 significatur
907 4058 997 4140 quod
1025 4059 1216 4125 imbuentur
