2684 4988
114 503 194 565 1144
419 497 671 550 APOCALYPSIS
695 498 923 549 EXPLICATA.

110 693 170 754 per
198 670 435 752 “josephum'’
461 669 670 753 significatur
701 669 858 734 Ecclesia
885 670 1088 752 spiritualis,
1115 679 1150 733 et
1172 688 1222 751 per

112 771 131 797 ‘⁶
141 765 235 828 funes
243 766 258 789 '¹
275 762 478 845 conjunctio,
496 774 532 828 et
548 766 758 847 praedicatio
773 786 818 828 ex
835 765 895 827 illa
911 766 1003 828 tribu
1019 765 1065 828 ad
1079 764 1215 846 reliquas,

110 870 145 922 et
162 860 365 943 reliquarum
381 860 424 922 ad
445 859 558 937 illarn3
581 879 621 922 ac
639 879 699 941 per
716 858 927 922 “duodecim
945 861 1056 923 tribus
1076 856 1213 922 Israelis'

113 953 345 1036 significantur
364 954 478 1016 omnia
496 953 662 1017 ecclesiae
680 954 779 1017 illius.

169 1045 336 1130 449[a].
365 1044 438 1108 “fr
456 1046 536 1108 {ritu
556 1045 742 1127 Benjaminis
762 1045 921 1108 duodecim
937 1047 1034 1108 millia
1049 1045 1203 1127 εἰρῆσθ-

111 1138 212 1220 Quod
229 1138 396 1220 significet
412 1138 663 1221 conjunblronem
674 1138 807 1201 illorum
818 1138 924 1220 quiin
936 1138 1055 1201 ultimo
1064 1137 1200 1201 caelorum

110 1235 260 1306 Domino,
280 1244 419 1297 constat
438 1254 483 1298 ex
503 1235 819 1316 repraesentatione
838 1233 1047 1314 Benjaminis
1065 1253 1102 1296 ac
1119 1234 1196 1296 tribus

110 1329 153 1391 ab
171 1328 231 1391 illo
250 1329 458 1400 nominatae,
477 1328 568 1410 quod
588 1329 632 1391 sit
655 1327 828 1409 spirituale
851 1328 1007 1391 caeleste
1030 1330 1062 1390 in
1085 1325 1194 1389 naturali

111 1424 258 1495 homine,
277 1422 386 1485 simile
402 1422 492 1504 quod
507 1422 677 1504 Josephus
694 1423 726 1484 in
744 1422 930 1504 spirituali:
956 1421 1123 1504 spirituale
1138 1440 1192 1483 cae·

111 1517 197 1579 leste
216 1528 269 1580 est
287 1536 404 1579 verum
420 1514 638 1598 conjunctum
654 1517 765 1594 bono;
786 1537 864 1578 narn
885 1537 1004 1579 verum
1023 1518 1057 1579 in
1074 1537 1107 1578 se
1121 1533 1191 1597 spec·

111 1622 222 1673 tatum
250 1621 303 1673 est
334 1611 517 1692 spirituale,
546 1631 585 1674 ac
616 1612 743 1674 bonum
773 1620 827 1674 est
857 1611 1031 1686 caeleste,
1064 1612 1131 1674 inde
1155 1627 1193 1691 pet

114 1704 401 1785 “Benjaminem’'
420 1715 455 1768 et
479 1702 549 1784 ejus
569 1707 693 1768 triburn
716 1705 927 1787 significatur
949 1703 1132 1786 conjunctio
1146 1702 1192 1766 veri

111 1811 146 1863 et
167 1801 247 1862 boni
266 1802 298 1862 in
319 1799 475 1873 naturali,
496 1799 550 1863 hic
571 1801 685 1882 itaque
704 1797 898 1880 conjunctio
917 1820 1034 1864 eorum
1053 1801 1104 1882 qui
1119 1801 1146 1862 in
1160 1795 1192 1859 ul·

112 1896 197 1957 timo
220 1893 318 1957 caelo
342 1914 419 1957 cum
443 1894 613 1970 Domino;
637 1896 669 1957 in
693 1894 814 1957 ultimo
837 1895 929 1958 enim
952 1895 1050 1958 caelo
1072 1904 1139 1957 sunt
1157 1890 1193 1974 qui

111 1989 145 2051 in
164 1989 311 2051 naturali
331 1990 423 2052 bono
442 1998 477 2052 et
496 2010 577 2052 vero
596 2010 641 2052 ex
661 1988 826 2071 spirituali
845 1999 881 2052 et
905 1989 1057 2053 caelesti.
1099 1987 1143 2051 Illi
1157 1984 1194 2067 qu'

111 2085 145 2145 in
161 2083 282 2146 ultimo
298 2083 395 2146 caelo
414 2094 504 2157 sunt,
522 2082 576 2146 vel
593 2083 785 2165 spirituales
802 2083 976 2147 naturales
991 2084 1045 2147 vel
1063 2083 1194 2146 caelestes

114 2178 286 2242 naturales
302 2189 402 2254 sunt;
425 2178 617 2260 spirituales
634 2179 806 2242 naturales
825 2179 869 2240 ibi
886 2180 1060 2260 pertinent
1075 2179 1114 2241 ad
1126 2174 1194 2258 spiri·

113 2273 205 2335 tuale
225 2292 367 2353 regnum
386 2273 534 2346 Domini,
554 2282 590 2336 et
613 2272 780 2336 caelestes
799 2273 973 2336 naturales
993 2274 1037 2336 ibi
1059 2273 1194 2355 pertinent

111 2367 155 2428 ad
179 2365 330 2430 caeleste
354 2387 496 2448 regnum
524 2367 683 2443 Domini;
719 2387 822 2448 quare
845 2366 1038 2449 spirituales
1060 2363 1195 2429 naturales

112 2463 367 2525 communicant
387 2482 463 2525 curn
483 2463 633 2526 secundo
652 2461 760 2534 caelo,
781 2462 836 2525 ubi
859 2482 980 2526 omnes
999 2474 1077 2526 sunt
1094 2461 1194 2544 spiritu·

115 2555 197 2629 ales,
223 2554 391 2618 caelestes
414 2567 529 2618 autern
553 2556 727 2619 naturales
750 2558 1006 2620 communicant
1030 2577 1102 2620 cum
1122 2553 1195 2619 tertio

115 2649 222 2724 caelo,
249 2650 303 2711 ubi
327 2671 446 2712 omnes
473 2659 552 2712 sunt
577 2649 745 2712 caelestes
770 2649 822 2732 (ut
846 2652 879 2713 in
903 2653 1066 2733 superiori
1088 2646 1195 2714 articulo

114 2741 341 2825 dictumest).
387 2744 443 2806 Ex
463 2744 515 2806 his
534 2753 693 2807 constare
717 2754 834 2826 potest
857 2746 937 2827 quid
960 2743 1194 2829 “Josephus”et
1236 2762 1239 2772 ¹

113 2839 193 2920 quid
220 2838 449 2918 “Benjamin'’
472 2839 592 2902 fratres
615 2841 648 2901 in
671 2838 788 2902 Verbo
811 2839 1016 2921 significant.
1062 2838 1194 2921 Quoniam

115 2941 134 2964 ‘⁴
146 2932 348 3013 Benjamin”
365 2932 534 3014 significat
551 2953 666 2996 verum
684 2931 902 3015 conjunctum
921 2935 1014 2999 bono
1033 2937 1066 2998 in
1085 2925 1194 2998 naturali

112 3029 264 3101 homine,
285 3038 320 3090 et
341 3029 417 3090 inde
436 3048 552 3090 verum
569 3025 787 3108 conjunctum
806 3030 898 3091 bono
917 3030 1008 3111 apud
1027 3030 1101 3093 illos
1116 3027 1160 3111 qui
1172 3023 1193 3084 in

112 3123 234 3185 ultimo
247 3122 344 3185 caelo
361 3131 451 3195 sunt,
466 3122 542 3184 ideo
556 3143 689 3205 quoque
706 3122 762 3185 ille
776 3123 896 3186 ultimo
908 3135 1010 3188 natus
1026 3134 1078 3188 est
1088 3119 1191 3205 Jacobn

113 3229 147 3280 et
172 3228 315 3279 vocatus
339 3216 382 3278 ab
405 3215 464 3278 illo
482 3215 597 3278 “filius
620 3216 795 3290 dextrae,”
813 3237 892 3280 nam
915 3218 1087 3301 Beryizmr‘n
1106 3218 1133 3280 in
1151 3213 1192 3275 lin·

114 3332 182 3393 gua
209 3312 363 3392 originali
391 3309 561 3391 significat
585 3310 687 3373 filium
715 3312 881 3389 dextrae;
914 3322 951 3375 et
975 3333 1104 3395 quoque
1122 3316 1192 3372 naus

112 3419 165 3470 est
193 3408 226 3469 in
256 3405 492 3479 Bethlechem,
522 3426 582 3487 per
608 3425 711 3486 quam
742 3407 858 3469 urbem
889 3408 994 3470 etiarn
1023 3404 1192 3489 significatur

110 3523 226 3565 verum
252 3498 470 3581 conjunctum
496 3500 587 3563 bono
611 3502 644 3563 in
670 3501 825 3564 naturali.
872 3500 975 3582 Quod
1001 3514 1098 3566 natus
1119 3500 1152 3560 sit
1169 3491 1191 3552 in

111 3595 348 3667 Bethlechem,
361 3595 516 3658 videatur
535 3595 612 3657 Gen.
626 3615 738 3657 xxxv.
754 3595 863 3676 16-19.
900 3596 1037 3660 Ultimo
1053 3606 1139 3658 natus
1148 3593 1190 3653 est,

109 3693 187 3773 quia
207 3689 360 3752 naturale
380 3691 573 3751 consistens
591 3710 636 3751 ex
656 3710 737 3752 vero
756 3688 940 3770 conjuncto
963 3692 1056 3755 bono
1075 3699 1120 3754 est
1136 3680 1189 3749 ulti·

111 3804 201 3847 mum
226 3784 392 3847 ecclesiae
410 3785 499 3866 apud
520 3784 712 3847 hominem:
738 3795 816 3847 sunt
836 3787 926 3847 enim
947 3787 1038 3868 apud
1056 3784 1190 3849 hominen

110 3889 180 3941 tres
207 3879 333 3960 gradus
363 3879 465 3952 vitae,
497 3880 646 3952 intimus,
675 3878 806 3941 medius
836 3889 871 3942 et
903 3880 1063 3959 ultimus;
1090 3879 1192 3943 intimus

109 3974 235 4053 gradus
255 3985 307 4036 est
327 3974 361 4034 in
380 3993 447 4055 quo
466 3983 546 4036 sunt
566 3973 614 4035 illi
633 3975 690 4053 qui
713 3975 747 4035 in
771 3974 892 4036 intimo
911 3993 972 4038 seu
995 3977 1096 4040 tertio
1115 3965 1192 4038 caelo,

110 4068 240 4130 medius
256 4068 381 4148 gradus
395 4077 448 4131 est
465 4069 499 4130 in
515 4089 582 4149 quo
595 4077 674 4130 sunt
690 4066 737 4130 illi
754 4068 808 4150 qui
824 4069 858 4130 in
875 4069 990 4132 medio
1006 4092 1065 4134 seu
1079 4060 1196 4134 secundi>

108 4162 216 4235 caelo,
237 4173 272 4225 et
293 4162 432 4224 ultimus
451 4162 577 4243 gradus
595 4172 648 4225 est
669 4163 701 4224 in
721 4183 788 4244 quo
807 4173 887 4226 sunt
906 4163 955 4227 illi
973 4167 1031 4246 qui
1054 4168 1086 4228 in
1104 4165 1198 4227 ultimo

108 4276 166 4318 seu
181 4258 289 4337 primo
303 4256 419 4333 caelo;
437 4278 539 4338 quare
550 4257 597 4319 illi
611 4259 666 4339 qui
680 4258 713 4320 in
726 4258 846 4319 intimo
854 4259 1053 4339 gradusunt
1064 4267 1201 4324 vocantur

107 4351 286 4425 caelestes
299 4353 354 4432 qui
366 4353 401 4413 in
415 4352 527 4414 medio
536 4362 701 4415 vocantur
714 4352 916 4434 spirituales,
931 4356 987 4437 qui
1001 4366 1114 4419 autern
1127 4356 1158 4418 in
1170 4351 1204 4416 ul·

108 4446 635 4526 timogradusuntvocanturvel
646 4446 839 4529 spirituales
850 4448 1087 4514 naturalesvel
1097 4449 1210 4515 caeles·
