2684 4988
120 498 200 575 1048
439 508 690 560 nrocnmsrs
712 509 942 560 nxrcrcnrn.
974 480 982 491 '

115 680 216 743 simili
239 691 333 743 statu
356 692 446 754 sunt,
471 700 510 743 ac
538 690 739 762 separentur
760 681 806 743 ab
832 680 901 743 illis
923 681 980 762 qui
1005 672 1181 745 indissimili

115 773 180 836 hoc
200 772 410 854 significatur
428 795 489 856 per
505 780 526 806 ‘⁶
537 774 687 855 signari''
701 785 737 837 et
756 794 817 855 per
834 773 1021 855 “signum''
1038 774 1068 834 in
1085 784 1183 853 sequu-
1202 810 1205 815 -

114 868 204 929 tibus
222 866 275 929 his
294 867 377 929 locis
389 866 546 950 :-Apud
566 865 782 939 Ezechielem,

164 1001 265 1050 “Dixit
276 1000 398 1064 Jelrovab
409 1001 443 1049 ad
451 1000 465 1018 ”
475 1001 561 1049 virum
574 1001 696 1050 indutum
709 1001 808 1055 linteis,
822 1000 949 1049 “Transi
962 1015 1010 1061 per
1023 992 1193 1047 mediumublt·

245 1081 292 1128 per
306 1067 424 1114 medium
439 1065 654 1128 Hierosolyma.
668 1076 696 1114 et
708 1067 789 1128 signa
801 1066 911 1128 signum
924 1079 1007 1126 snper
1019 1061 1198 1112 trontibmlo·

244 1124 1200 1259 ltetltffiltfflttttbtffimmmmm

243 1263 333 1318 cutite,
348 1276 400 1310 uec
409 1273 500 1324 parnt
513 1262 607 1310 oculus
621 1272 719 1318 vester.
733 1276 821 1324 neque
831 1262 980 1309 clementia
993 1250 1201 1310 numinis-..red

243 1338 338 1376 contra
344 1328 427 1376 ullum
437 1328 523 1376 tirum
531 1342 612 1389 super
620 1342 673 1390 quo
680 1328 797 1389 siguum,
806 1341 842 1375 ne
849 1327 1065 1389 appropinquate
1072 1324 1086 1341 ''
1093 1320 1192 1384 (iae-61:

113 1456 227 1534 agitur
249 1456 354 1517 etiam
377 1454 430 1516 hic
455 1454 497 1516 de
517 1455 735 1535 separatione
757 1454 925 1516 bonorum
945 1473 966 1514 a
987 1452 1092 1522 malis,
1111 1468 1142 1512 ac
1159 1464 1204 1530 pet

115 1549 269 1628 “signari
292 1568 392 1629 super
414 1547 604 1610 frontibus”
627 1547 737 1609 simile
760 1545 976 1628 significatur
998 1545 1085 1627 quod
1110 1545 1137 1605 in
1154 1541 1203 1603 hoe

114 1640 191 1703 loco
210 1641 240 1702 Α
242 1640 463 1721 pocalypseos,
481 1660 605 1722 nempe
624 1642 787 1722 distingui
806 1651 841 1703 et
861 1642 1013 1722 separari
1032 1660 1051 1701 a
1070 1637 1202 1707 malisse

113 1734 271 1815 conjungi
284 1735 382 1796 bonis
394 1756 401 1810 ;
421 1735 464 1796 de
474 1731 639 1814 ejeetione
649 1744 684 1796 et
699 1734 922 1796 damnatione
934 1734 1100 1795 malorum
1112 1738 1202 1812 postea

113 1830 217 1890 etiam
236 1829 368 1909 agitur:
392 1828 439 1891 illi
457 1829 513 1910 qui
534 1829 566 1890 in
586 1828 678 1890 bono
697 1837 786 1900 sunt,
807 1826 1049 1890 describuntur
1065 1845 1120 1907 per
1134 1829 1199 1902 ‘'gt-

114 1931 247 1983 mentes
259 1931 295 1984 et
312 1922 519 2002 suspirantes
532 1941 632 2002 super
644 1921 799 1983 omnibus
811 1920 1118 1982 abominationibus
1129 1911 1199 1977 saed

114 2015 146 2075 in
167 2015 279 2076 medio
298 2014 389 2076 urbis
410 2014 672 2095 Hierosolymae
685 2014 712 2090 ;”
740 2020 951 2096 “gementes
971 2024 1007 2076 et
1030 2012 1197 2093 suspirantes

114 2129 213 2189 super
229 2109 539 2171 abominationibus
546 2108 562 2131 ”
578 2119 658 2170 sunt
674 2109 730 2190 qui
746 2128 815 2170 non
833 2108 866 2169 in
883 2106 985 2169 malis
1000 2116 1036 2168 et
1051 2106 1122 2167 inde
1133 2099 1199 2165 fulsit

114 2210 212 2278 sunt;
247 2203 424 2283 “gemitus
443 2212 479 2265 et
499 2201 700 2283 suspirium'’
718 2221 817 2282 super
840 2200 906 2262 illis
926 2198 1115 2281 significant
1128 2210 1194 2258 avet·

113 2297 244 2357 sionem
266 2306 301 2358 et
325 2295 478 2358 dolorem
503 2315 564 2377 pro
587 2294 664 2367 illis,
686 2293 985 2374 “Hierosolyma''
1003 2304 1057 2356 est
1077 2286 1201 2356 ecclttllt'

113 2399 148 2451 et
161 2395 181 2420 ‘⁴
191 2389 268 2451 urbs
277 2388 292 2412 ”
302 2399 354 2451 est
367 2386 540 2451 doctrina:
562 2387 685 2468 ejedtio
697 2398 733 2451 et
747 2389 925 2450 damnatio
936 2387 1099 2449 malorum
1110 2388 1202 2466 postet·

114 2482 314 2545 describitur
333 2502 392 2562 per
409 2483 499 2564 quod
520 2483 736 2545 “transirent
756 2502 815 2562 per
833 2481 952 2543 urbem
972 2490 1050 2562 post
1072 2477 1193 2547 illunet

114 2586 341 2656 percuterent,
356 2595 418 2637 nec
433 2590 586 2657 parceret
603 2575 721 2638 oculus
732 2575 759 2651 ;”
783 2581 803 2606 ‘⁴
815 2585 996 2655 percutere
1007 2585 1042 2636 et
1058 2559 1194 2635 occiden'

113 2668 280 2750 significat
300 2669 463 2740 damnari,
485 2689 564 2731 nam
584 2689 674 2731 mors
693 2667 887 2750 spiritualis,
908 2687 996 2750 quae
1017 2676 1070 2729 est
1089 2664 1194 2727 damn

114 2765 173 2833 tio,
199 2762 409 2843 significatur
432 2765 464 2825 in
488 2762 606 2825 Verbo
629 2782 689 2844 per
715 2772 861 2825 mortem
887 2760 1086 2824 naturalem.
1121 2747 1193 2836 Apu

112 2854 266 2929 Esaiam,
643 2852 650 2863 ’

163 2982 285 3032 “Veniet
297 2984 331 3032 ad
343 2984 562 3045 congregandum
576 2998 671 3033 omnes
683 2994 780 3046 gentes
792 2992 819 3032 et
831 2983 949 3045 linguas,
960 2992 990 3032 ut
1002 2984 1106 3032 veniant
1114 2989 1137 3026 et
1145 2972 1193 3023 tilt-

242 3060 289 3097 ant
301 3049 413 3110 gloriam
426 3063 523 3104 rnearn.
538 3059 564 3098 et
574 3063 674 3111 ponam
687 3050 714 3097 in
727 3050 780 3098 illis
792 3049 900 3111 signum
909 3048 923 3068 ''
935 3049 1010 3111 (lxvi.
1024 3049 1062 3106 18,
1077 3045 1127 3109 tol:

112 3173 197 3236 haec
218 3170 307 3235 dieta
331 3185 409 3235 sunt
434 3174 477 3236 de
501 3173 662 3246 Dornin0,
683 3193 722 3236 ac
747 3174 790 3237 de
814 3193 904 3235 nova
922 3173 1068 3236 ecclesia
1088 3164 1191 3246 ablpso

111 3267 343 3339 instauranda,
359 3267 498 3347 proinde
515 3268 558 3330 de
578 3287 668 3330 novo
685 3267 783 3330 caelo
798 3276 834 3329 et
851 3286 941 3329 nova
958 3277 1049 3330 terra
1066 3264 1111 3346 (ut
1125 3259 1191 3343 puttl

112 3380 131 3420 a
151 3380 235 3421 vers.
257 3376 295 3421 22
316 3360 348 3421 in
368 3360 427 3422 illo
447 3359 599 3441 capite);
625 3381 684 3441 per
705 3359 950 3441 “congregare
969 3378 1085 3422 omnes
1104 3358 1190 3437 gent&

112 3463 147 3515 et
168 3453 324 3534 linguas”
341 3453 448 3515 simile
469 3453 678 3534 significatur
697 3454 788 3536 quod
807 3474 866 3535 per

239 3586 440 3649 “congregare
452 3585 554 3636 electos
566 3603 582 3636 a
594 3598 708 3651 quatuor
719 3587 808 3636 ventis
816 3585 831 3604 ”
843 3584 953 3647 (March.
965 3588 1037 3637 xxiv.
1047 3585 1099 3647 31):

112 3712 377 3792 “congregare”
399 3711 568 3792 significat
596 3713 785 3775 adsciscere
809 3712 879 3776 Sibi
910 3714 966 3794 qui
998 3713 1101 3794 Ipsius
1119 3709 1190 3773 sunl?

112 3805 289 3885 “gentes''
308 3804 500 3885 significant
525 3806 601 3867 illos
624 3807 679 3887 qui
702 3806 735 3867 in
759 3805 851 3867 bono
874 3788 1191 3883 sunt‚et‘·1inguae'

110 3897 186 3959 illos
206 3899 261 3978 qui
285 3898 317 3959 in
335 3899 405 3960 vita
425 3899 611 3961 secundum
630 3896 819 3962 doctrinam
839 3908 942 3974 sunt;
968 3900 1104 3961 “venire
1118 3902 1147 3957 et
1160 3886 1193 3950 tl·

110 3990 190 4052 dere
209 3991 378 4070 gloriam”
398 3991 547 4065 Domini,
568 3992 738 4074 significat
758 3991 917 4055 illustrari
942 3993 1066 4055 Divino
1083 3986 1195 4053 vemet

110 4083 188 4145 inde
212 4084 272 4145 lrui
295 4084 420 4163 gaudio
444 4085 596 4157 caelesti,
615 4085 776 4167 “gloria’'
794 4086 883 4147 enim
908 4085 1047 4149 Domini
1065 4078 1197 4167 significet

110 4174 269 4238 Divinum
298 4175 427 4239 Verum
459 4188 493 4240 et
527 4200 571 4240 ex
602 4177 661 4241 illo
692 4178 957 4241 illustrationem
987 4190 1024 4242 et
1054 4176 1200 4261 gaudium

111 4275 268 4350 “ponere
288 4270 320 4331 in
341 4270 406 4332 illis
426 4272 558 4351 signum
568 4271 584 4294 ”
602 4270 771 4352 significat
791 4272 1001 4352 distinguere
1021 4282 1058 4337 et
1079 4280 1201 4353 separa&

108 4381 127 4422 a
148 4362 257 4436 malis,
277 4373 311 4424 et
332 4363 537 4444 conjungere
557 4366 666 4426 bonis.
713 4363 855 4445 Legitur
874 4365 917 4427 de
938 4363 1058 4440 Caino,

157 4495 235 4558 Quod
244 4495 366 4561 Jehovah
377 4499 497 4559 posuerit
509 4500 533 4547 ei
546 4500 663 4561 signum,
676 4515 710 4547 ne
720 4499 779 4562 quis
789 4499 923 4549 occideret
934 4501 1011 4550 illum
1022 4500 1120 4563 (Genea
1129 4499 1160 4548 lt.
1170 4493 1202 4556 ις)
