2684 4988
116 495 182 568 950
279 478 285 488 '
380 490 679 557 ,nrocanursn
702 491 929 543 uxamam.

168 662 275 718 ‘'Audi,
284 659 372 789 Jacob
384 675 462 711 serve
474 661 519 719 mi.
536 658 618 710 Israel
631 674 709 725 quem
722 660 790 724 elegi
800 674 818 715 :.
829 697 851 712 ..
862 675 908 711 me
920 661 995 719 time,
1006 675 1078 712 serve
1088 664 1120 711 mi
1128 659 1188 726 lamii

246 736 273 776 et
301 728 433 776 eschurun
446 741 525 790 quem
537 725 606 788 elegi
614 725 628 744 '⁹
640 722 740 788 (1¹111iv.
753 737 775 784 1,
788 726 821 787 a).

116 858 202 917 <Quod
212 863 226 882 ¹·
234 857 323 904 naeu·
335 859 445 904 die-nm
454 859 496 916 qui
506 858 531 903 in
542 858 589 902 vta
599 858 719 904 cumana
727 865 791 911 sunt
802 859 911 905 uantur
921 873 946 905 n.
957 869 1018 918 ³755
1028 859 1075 912 nn,
1083 859 1147 918 „aar

177 931 247 1017 [eL]
279 932 367 1014 Quia
386 953 475 996 nunc
497 933 639 996 “servi’'
657 934 690 995 in
710 931 829 996 Verbo
846 934 1008 998 dicuntur
1026 956 1070 998 ex
1088 933 1191 997 inseni-

116 1028 206 1091 endo
228 1036 263 1090 et
287 1026 475 1099 efficiendo,
496 1026 636 1107 proinde
659 1025 707 1089 illi
730 1027 786 1109 qui
808 1027 994 1090 inserviunt
1018 1039 1052 1093 et
1073 1027 1192 1102 efficiunt,

115 1122 194 1184 inde
206 1132 258 1184 est
269 1120 359 1204 quod
372 1120 535 1185 naturalis
547 1121 650 1183 homo
662 1119 794 1185 dicatur
804 1126 824 1152 “
832 1119 978 1193 servus,”
990 1121 1018 1183 is
1030 1121 1111 1183 enim
1122 1121 1192 1181 inser·

115 1218 165 1279 vit
181 1215 343 1296 spirituali
361 1214 539 1278 efficiendo
551 1213 641 1298 quod
655 1214 727 1277 vult
741 1236 748 1291 ;
771 1225 806 1277 et
819 1215 898 1277 inde
910 1235 1044 1296 quoque
1056 1211 1193 1294 spiritualis

116 1310 220 1375 hmno
236 1310 356 1372 dicitur
373 1307 513 1382 “liber,”
530 1317 617 1372 utet
634 1307 847 1372 “dominun''
891 1307 968 1371 Hoc
986 1328 1111 1391 quoque
1126 1305 1193 1369 intei

116 1403 230 1487 ligitur
248 1422 307 1485 per
327 1410 486 1467 “servum
495 1403 510 1427 ''
529 1414 565 1466 et
584 1402 786 1466 “dominum
794 1402 809 1427 ”
827 1403 917 1484 apud
936 1402 1068 1476 Lucam,

167 1536 288 1587 “Nullus
298 1553 391 1587 servus
401 1547 488 1600 potest
498 1539 603 1587 duobus
610 1538 727 1586 dominis
735 1538 845 1594 servire,
855 1547 900 1586 aut
910 1539 983 1586 enim
994 1552 1074 1587 unum
1082 1537 1134 1585 odio
1139 1535 1193 1584 habe·

247 1604 285 1652 bit
299 1614 326 1652 et
339 1604 451 1652 alterum
466 1604 574 1660 amabit,
591 1614 636 1652 aut
652 1618 734 1651 unum
753 1603 885 1665 praeferet
899 1614 925 1651 et
940 1604 1050 1652 alterum
1065 1609 1193 1658 contentum

247 1683 302 1717 non
315 1669 427 1731 potestis
440 1669 499 1718 Deo
511 1669 612 1718 servire
624 1679 651 1718 et
663 1683 834 1717 mammonae
842 1667 856 1687 ''
868 1670 933 1730 (xvi.
949 1673 1006 1730 13):

115 1800 181 1864 hoc
205 1821 272 1862 non
299 1800 558 1883 intelligendum
581 1810 634 1865 est
657 1801 700 1864 de
722 1802 827 1864 servis
854 1801 887 1863 in
911 1802 1038 1863 mundo
1061 1798 1193 1882 (quoniam

104 1893 163 1958 'illi
176 1906 318 1975 possunt
331 1897 453 1959 servire
466 1895 596 1959 duobus
608 1896 763 1970 dominis,
774 1906 809 1958 et
823 1917 926 1978 usque
940 1916 1007 1958 non
1021 1896 1094 1958 odio
1105 1893 1193 1956 habere

110 1998 152 2055 et
170 1998 390 2053 contemnere
408 1992 538 2071 unum),
555 1989 615 2053 sed
634 1989 676 2053 de
695 1991 800 2053 servis
818 1990 852 2053 in
871 1989 1033 2070 spirituali
1051 2009 1146 2059 sensu,
1157 1983 1193 2066 qui

116 2092 195 2146 sunt
208 2084 263 2164 qui
276 2083 394 2146 volunt
412 2104 526 2147 amare
545 2084 726 2147 Dominum
743 2094 778 2147 et
794 2105 900 2166 aeque
914 2095 1034 2158 semet,
1046 2104 1082 2147 ac
1098 2080 1194 2145 caelun

116 2187 152 2239 et
177 2197 285 2260 aeque
308 2177 481 2241 mundum.
526 2177 579 2241 Illi
605 2167 683 2241 sun't
710 2179 796 2242 sicut
819 2180 876 2261 qui
901 2199 969 2240 uno
995 2178 1089 2241 oculo
1109 2175 1194 2239 volunt

115 2269 269 2353 speeiare
282 2292 410 2335 sursum
424 2283 459 2338 et
472 2269 582 2335 altero
594 2273 762 2345 deorsum,
776 2294 834 2335 seu
847 2294 914 2335 uno
930 2272 1029 2336 oculo
1044 2273 1084 2335 ad
1099 2269 1195 2335 caelum

115 2375 151 2429 et
170 2366 279 2428 altero
297 2367 340 2429 ad
358 2366 533 2440 infernum,
550 2377 585 2429 et
603 2367 650 2430 sic
670 2366 817 2448 pendere
833 2368 921 2430 inter
937 2379 1124 2449 utrumque;
1141 2378 1194 2426 cun

116 2471 231 2524 tamen
255 2461 520 2540 praedominium
543 2461 606 2523 erit
629 2481 793 2534 amorum,
818 2463 913 2523 unius
940 2482 1020 2543 prae
1042 2462 1152 2535 alter03
1171 2462 1194 2518 et

115 2555 171 2618 ubi
188 2554 451 2635 praedominium
464 2564 527 2628 est,
541 2554 584 2617 ibi
599 2555 677 2617 odio
693 2556 836 2619 habetur
848 2566 883 2619 et
900 2559 1120 2619 contemnitur
1129 2546 1194 2634 quod

115 2669 152 2719 ae
175 2650 327 2729 opponit,
347 2659 382 2710 et
405 2668 481 2711 curn
505 2669 541 2711 se
565 2651 717 2729 opponit.
763 2649 851 2712 Nam
874 2670 970 2712 amor
989 2651 1037 2713 sui
1060 2661 1093 2711 et
1113 2641 1195 2710 mundi

115 2753 167 2806 est
185 2745 359 2823 oppositus
374 2745 481 2806 amori
499 2745 532 2806 in
551 2744 734 2806 Dominum
750 2756 784 2806 et
801 2745 906 2807 amori
923 2766 1005 2825 erga
1022 2745 1193 2825 proximum:

115 2838 193 2901 inde
210 2838 365 2919 estquod
382 2838 437 2918 qui
452 2838 485 2899 in
502 2857 615 2899 amore
633 2837 771 2900 caelesti
787 2850 876 2910 sunt,
891 2842 1003 2918 potius
1016 2839 1114 2902 velint
1128 2830 1194 2903 mori,

115 2953 154 2997 ac
174 2932 339 3012 deprivari
363 2931 545 2994 honoribus
567 2942 602 2994 et
625 2931 841 2994 facultatibus
864 2934 896 2996 iu
922 2934 1057 3007 mundo,
1076 2947 1158 3014 quam
1170 2931 1194 2987 ut

116 3048 174 3110 per
193 3028 249 3090 illa
265 3027 505 3091 abstrahantur
523 3047 543 3089 a
562 3026 709 3089 Domino
728 3038 797 3092 eta
814 3028 919 3099 caelo,
937 3028 1002 3091 hoc
1019 3029 1103 3090 enim
1115 3019 1193 3087 consi·

116 3123 236 3186 derant
254 3133 290 3183 ut
306 3141 406 3183 omne
423 3123 500 3203 quia
515 3130 567 3182 est
584 3132 769 3193 aeternum,
786 3134 821 3184 at
838 3121 920 3184 illud
940 3133 975 3184 ut
993 3122 1082 3185 nihili
1097 3130 1193 3196 respec-

116 3219 184 3280 tive
204 3217 281 3299 quia
305 3215 403 3278 finem
423 3236 498 3278 cum
518 3217 588 3278 vita
611 3216 643 3278 in
664 3217 789 3278 mundo
809 3216 931 3278 habet:
956 3218 1097 3279 vicissim
1113 3222 1193 3275 auten

115 3312 163 3376 illi
193 3313 247 3395 qui
277 3333 312 3374 se
343 3321 377 3374 et
408 3311 569 3373 mundum
600 3331 699 3392 super
730 3313 842 3373 omnia
872 3323 1000 3384 amant,
1023 3305 1192 3390 vilipendunt

115 3404 302 3488 respefflve
330 3405 513 3467 Dominum
541 3415 576 3466 et
604 3405 745 3480 caelum,
771 3406 874 3467 immo
901 3406 1005 3467 etiam
1033 3411 1151 3485 negant.
1169 3399 1192 3454 et

115 3502 252 3585 quando
271 3501 463 3582 oppositum
486 3499 519 3560 in
543 3498 608 3561 illis
626 3498 743 3562 vident
766 3499 845 3561 odio
868 3500 1016 3577 habent;
1040 3500 1099 3561 hoc
1118 3486 1191 3557 mani·

114 3596 200 3659 feste
220 3605 362 3675 apparet
381 3591 469 3673 apud
489 3612 607 3655 omnes
627 3592 712 3655 tales
731 3594 764 3654 in
783 3591 891 3654 altera
910 3594 990 3656 vita.
1035 3588 1126 3672 Apud
1142 3580 1192 3646 illos

115 3691 170 3772 qui
195 3689 378 3750 Dominum
401 3697 435 3750 et
459 3685 590 3749 caelum
612 3706 711 3767 super
730 3688 841 3748 omnia
860 3697 988 3760 amant,
1008 3698 1060 3748 est
1083 3687 1192 3747 internus

115 3804 173 3845 seu
197 3780 377 3863 spiritualis
403 3781 506 3843 homo
529 3789 676 3860 apertus,
700 3788 735 3843 et
762 3780 792 3841 ei
819 3780 957 3841 inservit
985 3791 1135 3842 externus
1154 3781 1193 3830 ⁵⁸¹¹

115 3875 278 3939 naturalis
297 3875 420 3951 homo;
445 3874 498 3936 hic
519 3884 598 3936 tunc
618 3881 671 3935 est
687 3893 802 3935 servus
818 3874 894 3955 quia
913 3874 1104 3943 inserviens,
1117 3876 1143 3930 et
1156 3855 1193 3923 ille

115 3981 168 4041 eat
188 3969 343 4031 dominus
362 3969 438 4050 quia
457 3966 595 4043 volens;
619 3976 654 4027 at
674 3966 762 4046 apud
786 3965 861 4028 illos
879 3966 934 4048 qui
957 3986 994 4028 se
1017 3978 1053 4028 et
1073 3958 1194 4027 mundum

114 4084 214 4146 super
227 4064 341 4125 omnia
356 4071 484 4134 amant,
498 4070 551 4124 est
568 4061 719 4123 internus
734 4080 793 4123 seu
809 4058 990 4140 spiritualis
1006 4060 1105 4121 homo
1115 4047 1194 4118 occlu·

114 4179 181 4232 sus,
206 4167 241 4219 et
268 4167 430 4219 externus
456 4176 515 4217 seu
544 4153 704 4216 naturalis
733 4154 836 4215 homo
858 4162 1014 4233 apertus;
1042 4164 1075 4214 et
1098 4136 1196 4231 quand⁰

114 4254 168 4316 hic
185 4260 321 4333 apertus
341 4260 375 4312 et
395 4249 450 4312 ille
467 4247 622 4312 occlusus
641 4257 704 4320 est,
722 4257 802 4309 tunc
821 4257 913 4308 amat
932 4265 1032 4308 unum
1050 4242 1197 4308 dominun.

114 4366 237 4426 nempe
253 4365 290 4407 se
305 4354 340 4407 et
357 4343 529 4415 mundum,
543 4361 581 4404 ac
599 4341 677 4404 odio
693 4340 795 4404 habet
808 4339 962 4412 alterum,
978 4360 1098 4420 nempe
1114 4325 1199 4437 Doni·

113 4460 193 4503 num
207 4448 242 4503 et
256 4438 385 4502 caelum
398 4458 406 4516 ;
428 4438 517 4500 idem
531 4456 662 4518 quoque
676 4435 793 4499 testari
807 4453 942 4515 possum
955 4435 999 4496 ab
1012 4434 1201 4515 experientia
