2716 4986
116 480 183 544 680
234 570 238 579 Ι
429 493 678 544 arocntvrsrs
701 493 926 544 EXPLICATA.

116 655 303 724 reddentur
315 672 558 744 persequentes
571 683 632 724 vos
644 662 669 739 ;”
687 662 842 724 “velox'’
854 673 889 725 et
905 660 1117 725 “festinum'’
1129 660 1232 742 signi·

118 753 198 817 ficat
218 756 308 837 quod
327 754 364 818 fit
384 777 428 818 ex
448 757 635 838 cupiditate
654 777 713 819 seu
731 777 776 818 ex
795 776 920 819 amore.

179 854 246 938 [fi]
280 856 385 938 Apud
405 856 619 932 Sachariam,

174 986 260 1037 Ponet
277 986 399 1051 Jehovalr
416 987 547 1052 Jehudam
563 989 656 1037 “sicut
674 1003 770 1052 equum
788 988 889 1051 gloriae
902 1003 966 1037 suae
983 988 1010 1036 ln
1028 987 1117 1043 bello;
1138 1001 1172 1035 ex
1189 986 1235 1034 illo

249 1053 394 1114 angularis,
404 1069 437 1101 ex
450 1054 496 1102 illo
506 1054 605 1110 clavus,
614 1064 640 1102 et
650 1069 682 1102 ex
690 1054 737 1102 illo
746 1068 823 1102 arcus
836 1054 898 1102 belli
908 1068 926 1110 ;.
936 1090 958 1103 ..
969 1063 1007 1102 .et
1019 1063 1097 1101 erunt
1108 1053 1177 1101 sicut
1190 1065 1235 1113 po-

248 1127 334 1166 tentes
349 1119 538 1167 conculcantes
552 1133 663 1168 caenum
680 1120 840 1180 platearum.
851 1156 857 1168 .
867 1157 873 1168 .
884 1156 903 1176 .,
918 1128 944 1167 et
959 1118 1159 1180 proeliabuntur
1173 1117 1236 1179 qula

248 1182 370 1247 Jehovah
382 1198 442 1232 cum
455 1183 516 1241 illis,
525 1193 551 1232 et
564 1184 733 1246 pudeiacient
746 1185 895 1247 equitantes
907 1198 987 1246 super
995 1182 1092 1246 equis”
1102 1182 1138 1245 (a.
1148 1182 1221 1242 3·5);

117 1341 177 1403 ρετ
202 1322 368 1384 “domum
389 1321 564 1402 Jehudae”
588 1321 796 1403 significatur
818 1343 959 1404 regnum
983 1322 1134 1387 caeleste
1163 1322 1234 1383 Do·

118 1416 209 1489 mini,
230 1436 288 1478 seu
307 1416 439 1479 caelum
458 1426 494 1479 et
517 1417 662 1480 ecclesia
678 1438 763 1498 quae
783 1418 816 1479 in
836 1437 951 1479 amore
970 1418 1005 1479 in
1029 1417 1234 1497 Dominum;

118 1508 249 1571 dehoc
274 1509 395 1572 dicitur
418 1511 507 1593 quod
531 1512 593 1573 erit
619 1512 735 1574 “sicut
759 1531 863 1593 equus
894 1510 1022 1591 gloriae
1049 1511 1082 1572 in
1110 1508 1235 1581 bello,”

118 1622 292 1685 perquem
309 1603 518 1684 significatur
533 1602 727 1667 intellectus
748 1604 860 1667 Divini
878 1603 959 1666 Veri
976 1624 1132 1685 pugnans
1152 1623 1234 1665 con·

118 1707 171 1786 tra
188 1696 278 1759 mala
294 1707 328 1760 et
346 1697 439 1771 falsa,
458 1718 543 1779 quae
559 1699 735 1775 destruet;
759 1719 818 1780 per
832 1705 983 1780 “equum
994 1697 1009 1721 ’¹
1025 1695 1236 1778 significatur

117 1787 323 1864 intellectus
337 1812 395 1873 per
407 1798 426 1823 “
436 1791 579 1872 gloriam
588 1791 603 1814 ”
614 1792 772 1854 Divinum
784 1791 922 1863 Verum,
934 1801 969 1853 et
984 1811 1043 1873 per
1055 1797 1074 1823 “
1084 1789 1236 1852 bellum’'

118 1905 233 1967 pugna
263 1896 383 1948 contra
413 1886 497 1948 laisa
527 1896 562 1948 et
596 1886 695 1958 mala,
728 1898 763 1948 et
793 1882 978 1948 destructio
1008 1904 1144 1947 eorum:
1177 1905 1236 1965 per

120 1979 357 2060 “angularem
378 1979 512 2042 clavum
532 1990 567 2043 et
586 1999 701 2042 arcum
720 1979 800 2042 belli
808 1980 823 2002 ’'
839 2000 925 2062 quae
944 2000 988 2042 ex
1005 1979 1147 2059 Jehuda,
1166 1980 1235 2059 sig·

118 2071 299 2135 nificantur
315 2094 414 2150 vera;
439 2094 498 2155 per
515 2072 764 2154 “angularem'’
780 2092 896 2136 verum
916 2082 1044 2145 tutans,
1062 2093 1121 2154 per
1136 2071 1235 2133 “cla-

117 2166 220 2229 vum''
237 2187 352 2229 verum
369 2167 516 2240 firmanS,
535 2177 570 2230 et
589 2188 648 2248 per
666 2174 685 2198 ‘⁶
697 2187 812 2229 arcum
828 2166 931 2229 belli‘’
947 2186 1062 2228 verum
1080 2185 1236 2247 pugnans

119 2269 173 2323 ex>
184 2258 356 2323 doctrina:
381 2282 440 2343 per
455 2261 545 2342 quod
562 2272 660 2324 erunt
679 2261 795 2323 “sicut
812 2270 974 2342 potentes
990 2259 1237 2322 conculcantes

121 2373 264 2419 caenum
298 2355 518 2436 platearum‚’'
551 2354 760 2436 significatur
793 2356 947 2437 potentia
981 2354 1167 2435 dissipandi
1200 2363 1236 2416 et

113 2448 315 2511 destruendi
330 2449 433 2525 salsa3
455 2455 627 2512 “caenum
641 2449 830 2530 platearum
840 2448 856 2472 ’⁸
868 2447 1037 2528 significat
1052 2447 1155 2510 salsa:
1177 2468 1237 2529 per

118 2542 209 2622 quod
241 2543 484 2624 “pudefacient
518 2545 713 2625 equitantes
745 2563 844 2624 super
873 2542 997 2624 equis,”
1027 2540 1237 2623 significatur

121 2636 324 2699 annihilatio
349 2637 659 2711 ratiocinationum,
688 2639 1024 2718 argumentationum
1050 2647 1086 2698 et
1113 2634 1235 2698 confir-

119 2731 308 2793 mationum
338 2751 423 2813 quae
451 2752 496 2793 ex
526 2733 662 2813 proprio
693 2727 887 2793 intelleftu:
919 2730 1009 2812 quod
1040 2730 1105 2792 hoc
1134 2729 1193 2792 fiet
1216 2750 1236 2791 a

120 2824 271 2887 Domino
286 2834 322 2887 et
339 2845 406 2887 non
425 2826 469 2887 ab
485 2825 562 2898 illis,
577 2825 777 2906 intelligitur
790 2845 849 2906 per
863 2830 882 2856 ‘⁶
891 2824 1144 2906 proeliabuntur
1160 2824 1237 2905 quia

118 2917 275 3000 Jehovah
296 2939 372 2981 cum
391 2919 486 2982 illis.”
530 2919 633 3002 Apud
651 2919 848 2994 Hosclream,

170 3051 283 3101 “Assur
300 3067 355 3100 non
373 3053 490 3101 servabit
508 3067 567 3110 nos,
582 3067 662 3115 super
678 3067 748 3115 equo
760 3066 815 3100 non
828 3051 1023 3114 equitabimus;
1041 3065 1096 3099 non
1114 3051 1232 3100 dicemus

251 3118 373 3179 amplius,
384 3118 457 3166 Deus
468 3127 567 3176 noster,
579 3118 653 3179 operi
663 3132 790 3166 manuum
801 3128 953 3166 nostrarum
961 3116 975 3135 '¹
983 3117 1072 3176 (xima
1082 3111 1129 3180 [B.
1137 3117 1161 3164 A
1166 3152 1172 3164 .
1182 3111 1236 3178 3}):

119 3257 354 3338 agitur'etiam
374 3255 427 3318 hic
452 3256 494 3318 de
518 3256 747 3338 intelligentia
770 3277 814 3319 ex
839 3257 984 3338 proprio,
1005 3265 1040 3319 et
1064 3254 1154 3338 quod
1178 3253 1236 3315 illa

120 3370 189 3413 non
213 3349 343 3426 salvet;
378 3370 437 3432 per
465 3348 714 3413 “Aschurem”
737 3350 945 3431 significatur
974 3349 1153 3421 rationale,
1182 3346 1235 3409 hic

72 3427 85 3453 ‘
118 3444 210 3525 quod
234 3465 279 3506 ex
303 3445 457 3525 proprio;
489 3465 547 3526 per
572 3445 752 3527 “equitare
775 3464 874 3525 super
897 3443 1006 3525 equo”
1029 3441 1237 3524 significatur

120 3538 337 3601 ratiocinatio
355 3559 399 3600 ex
411 3539 545 3619 proprio
560 3535 773 3614 intellectum
797 3548 833 3600 et
850 3558 908 3619 per
922 3546 1036 3618 “opus
1053 3555 1213 3599 manuum
1222 3536 1237 3560 ”

118 3630 328 3714 significatur
347 3633 455 3712 ipsum
474 3633 655 3714 proprium.
700 3632 804 3714 Apud
822 3631 1035 3704 Ezechielem,

170 3777 188 3799 ‘⁴
197 3775 319 3825 Scortata
336 3786 377 3825 est
395 3775 494 3825 Ohola.
505 3813 510 3826 .
521 3814 540 3832 .,
555 3786 581 3825 et
594 3777 687 3825 dilexit
701 3777 819 3825 amasios
832 3790 906 3831 suos,
919 3775 1045 3837 Assyrios
1061 3775 1235 3837 propinquos,

251 3843 363 3890 vestitos
373 3842 541 3905 hyacintho..
551 3879 557 3891 .
568 3843 681 3904 .equites
692 3843 842 3904 equitantes
851 3843 926 3904 equis
934 3840 948 3858 '’
958 3841 1040 3902 (xxiii.
1051 3852 1073 3900 5,
1081 3841 1106 3897 6,
1117 3852 1154 3896 12,
1165 3842 1220 3900 23):

120 3970 292 4047 “Ohola,”
315 3992 401 4055 quae
430 3972 474 4034 ibi
501 3982 554 4035 est
582 3971 744 4045 Samaria,
772 3969 942 4052 significat
969 3969 1151 4033 ecclesiam
1180 3970 1237 4031 ubi

118 4064 297 4129 falsificata
313 4076 392 4128 sunt
408 4086 510 4142 vera,
537 4067 792 4128 “scortationes
803 4065 818 4088 ’'
834 4065 914 4144 ejus,
935 4064 977 4127 de
1000 4065 1120 4146 quibus
1143 4064 1175 4125 in
1195 4085 1237 4126 eo

119 4161 242 4241 capite,
268 4159 461 4240 significant
484 4159 756 4234 falsificationes;
790 4180 848 4240 per
873 4159 1064 4239 “Assyrios
1076 4158 1091 4178 ”
1109 4157 1237 4238 signifi-

120 4265 241 4316 cantur
264 4255 440 4317 ratiocinia
463 4274 522 4334 per
544 4274 652 4336 quae;
677 4263 711 4315 et
736 4255 812 4334 quia
836 4274 894 4335 per
915 4254 1096 4334 “equitare
1120 4252 1238 4333 equis'’

119 4346 328 4429 significatur
350 4349 542 4410 ratiocinari
569 4369 613 4410 ex
637 4346 740 4421 salsis,
765 4368 851 4428 quae
874 4368 918 4409 ex
946 4347 1079 4428 propria
1109 4346 1236 4409 intelli·

116 4443 246 4524 gentia,
271 4442 349 4504 ideo
371 4443 493 4504 dicitur
519 4441 669 4504 “dilexit
694 4440 866 4521 Assyrios,
887 4442 1018 4524 equites
1042 4442 1237 4523 equitantes

550 4614 690 4664 A
