2684 4988
111 446 175 510 tro
419 461 669 514 nrocatrrsts
692 459 916 514 nxrtrcara.
1019 505 1022 508 ⁴

110 642 170 708 per
194 629 327 691 “vitem
355 639 390 692 et
417 627 541 692 ficum'’
568 629 776 712 significatur
801 631 955 704 ecclesia,
985 652 1044 714 per
1072 633 1154 696 “tritt

109 721 253 785 ecclesia
268 725 401 786 interna
413 746 499 807 quae
514 736 566 788 est
583 726 764 808 spiritualis
780 727 935 799 hominis,
949 738 984 790 et
1002 747 1061 809 per
1076 726 1154 789 “fici

112 815 254 878 ecclesia
270 827 414 881 externa
433 839 518 900 quae
536 830 589 882 est
606 820 766 882 naturalis
786 822 951 898 hominis;
975 822 1123 884 vastatio
1140 842 1154 882 u

108 914 214 992 u'sque
236 911 443 992 significatur
462 933 521 995 per
541 913 769 977 “Devastabo
792 914 866 977 illas
885 926 920 978 et
945 934 1071 996 ponam
1094 914 1154 977 illas

109 1003 239 1078 silvam,
259 1016 294 1068 et
314 1008 471 1069 comedet
491 1007 565 1070 illas
584 1007 652 1070 sera
671 1009 742 1089 agri
756 1007 781 1083 ;''
805 1008 918 1070 “silva
926 1009 941 1031 ”
959 1007 1126 1088 significat
1142 1027 1154 1069 s

109 1097 237 1161 sualem
257 1100 426 1163 hominem
446 1103 550 1184 quiin
570 1104 669 1164 meris
688 1101 828 1164 fallaciis
846 1113 881 1164 et
901 1103 979 1164 inde
999 1102 1090 1164 falsis
1108 1112 1151 1165 est

110 1193 208 1256 “fera
230 1195 301 1275 agri
310 1194 325 1218 ”
340 1193 508 1275 significat
531 1194 698 1276 falsitates
721 1195 798 1259 inde
816 1208 851 1259 et
875 1197 1080 1278 cupiditates
1098 1197 1154 1259 mal

108 1302 185 1352 cum
208 1291 296 1350 enim
321 1298 474 1352 vastatur
495 1290 639 1352 ecclesia
661 1291 749 1372 apud
773 1292 956 1363 hominem,
977 1291 1041 1353 hoc
1066 1302 1153 1363 est‚c

109 1403 177 1444 non
193 1382 335 1464 amplius
351 1383 497 1446 creditur
512 1403 627 1446 verum
644 1384 818 1458 ecclesiae,
836 1395 915 1446 tunc
932 1383 969 1446 lit
988 1385 1089 1447 horno
1104 1403 1152 1446 sen

109 1477 182 1550 alis,
201 1479 257 1558 qui
281 1497 349 1538 non
369 1478 476 1540 credit
499 1477 565 1539 alia
584 1497 684 1558 quam
708 1499 794 1559 quae
817 1478 923 1540 oculis
941 1478 1036 1540 videt
1059 1488 1092 1540 et
1113 1497 1154 1538 ma

108 1571 170 1633 bus
189 1572 312 1651 tangit,
330 1582 364 1633 et
383 1571 460 1632 talis
478 1571 582 1633 homo
601 1592 637 1634 se
656 1572 715 1634 dat
736 1581 845 1634 totum
865 1573 970 1633 amori
988 1573 1037 1634 sui
1060 1582 1093 1634 et
1113 1589 1154 1632 arn

109 1664 234 1738 mundi,
258 1666 305 1727 ita
328 1665 577 1746 cupiditatibus.
628 1664 729 1745 Quod
752 1664 894 1728 ecclesia
918 1666 961 1727 ibi
985 1687 1044 1747 per
1068 1665 1154 1726 “viter

108 1768 143 1820 et
167 1778 225 1840 per
245 1757 370 1820 “ficum
380 1758 395 1782 ”
413 1758 633 1839 intelligatur,
654 1769 749 1840 patet
773 1779 817 1821 ex
836 1779 934 1821 versu
957 1760 1103 1822 secundo
1121 1758 1154 1819 ist

109 1854 239 1934 capitis,
270 1853 324 1914 ubi
354 1853 475 1915 dicitur
504 1853 594 1934 quod
627 1854 874 1916 contenderent
905 1873 980 1915 cum
1013 1863 1114 1915 matre
1139 1869 1154 1912 s

111 1947 296 2029 “quoniam
313 1948 369 2010 illa
385 1964 453 2010 non
470 1968 556 2010 uxor
572 1958 710 2021 mea,·et
729 1948 805 2028 Ego
821 1966 889 2010 non
907 1949 1046 2010 maritus
1062 1947 1123 2027 ejus
1132 1943 1152 2020 ;'’

108 2050 167 2122 per
184 2040 379 2103 “matrem’'
395 2052 429 2104 et
450 2047 620 2104 “uxorem
628 2041 643 2064 ”
658 2042 690 2103 in
709 2041 825 2105 Verbo
843 2040 1051 2123 significatur
1068 2039 1154 2103 eccles

109 2133 212 2216 Apud
230 2134 356 2209 Mosen,

160 2279 326 2328 “Paullatim
340 2279 473 2341 expellam
481 2278 495 2298 ''
507 2289 611 2345 gentes,
629 2281 688 2328 “ne
700 2279 745 2328 tint
761 2280 833 2328 terra
850 2279 976 2336 solitudo,
991 2290 1018 2328 et
1035 2276 1154 2339 multiplici

238 2354 331 2393 contra
344 2354 369 2393 te
382 2344 439 2393 lere
450 2343 529 2407 ΨΥ·
542 2345 635 2406 (Exod.
645 2346 718 2394 xxiii.
732 2342 798 2409 [3o,]
813 2358 860 2407 29;
878 2346 971 2394 Deutr.
983 2347 1027 2394 vii.
1041 2345 1094 2406 ae):

108 2490 188 2573 quid
211 2490 296 2553 haec
319 2489 526 2571 significant,
546 2491 702 2553 videatur
724 2492 758 2552 in
780 2490 931 2553 Arcanis
956 2488 1148 2554 Caelestibtrs

107 2597 275 2656 sesamum
308 2581 398 2662 quod
427 2600 551 2661 nempe
579 2601 639 2661 per
667 2579 844 2661 “gentes”
871 2580 1102 2661 significentur
1122 2594 1154 2638 nu

109 2692 196 2755 quae
214 2671 350 2745 homini,
371 2674 473 2734 etiam
493 2693 537 2734 ex
556 2673 777 2747 hereditari0;
807 2683 841 2734 et
861 2674 951 2753 quod
972 2673 1028 2734 illa
1048 2669 1154 2754 paullal

108 2767 198 2850 apud
216 2766 387 2829 hominem
405 2778 652 2834 removeantur,
669 2768 827 2848 quoniam
845 2769 869 2828 si
888 2767 1022 2836 festino,
1040 2777 1154 2845 antequ:

109 2863 234 2924 bonum
259 2882 316 2943 per
336 2883 415 2923 vera
432 2861 611 2923 formatum
636 2873 687 2924 est
712 2862 798 2943 apud
824 2861 927 2933 illum,
948 2852 1154 2923 intrarentin]

109 2967 199 3018 tates
221 2976 306 3037 quae
326 2956 557 3017 destruerent:
590 2955 706 3018 “ferae
730 2955 823 3036 agri”
842 2955 1033 3036 significant
1057 2953 1154 3017 salsita‘

108 3072 153 3113 ex
169 3049 321 3130 jucundis
344 3069 494 3111 amorum
515 3050 714 3112 naturalium
732 3050 897 3111 oriundas.
943 3047 1047 3130 Apud
1067 3043 1154 3110 eunde

160 3194 213 3244 “Si
227 3194 253 3242 in
266 3195 373 3242 statutis
386 3195 452 3243 meis
465 3194 675 3251 ambulaveritis,
690 3204 716 3242 et
734 3202 875 3255 praecepta
888 3208 948 3240 mea
965 3185 1154 3241 observaveritis

239 3260 354 3308 feceritis
367 3274 399 3307 ea
401 3296 470 3316 .....
476 3260 546 3307 dabo
559 3274 650 3321 pacem
665 3261 690 3307 in
706 3271 784 3316 terra,
799 3260 834 3307 ita
848 3270 876 3306 ut
894 3273 988 3306 secure
1000 3259 1105 3313 rubetis,
1116 3263 1138 3302 et
1152 3264 1154 3275 ⁴

239 3325 458 3388 perterrefaciens
468 3339 474 3379 ;
492 3335 519 3372 et
530 3339 636 3373 cessare
648 3325 742 3373 laciam
753 3325 836 3373 leram
850 3324 948 3371 malam
961 3339 976 3372 e
989 3335 1067 3378 terra,
1078 3332 1101 3370 et
1111 3319 1154 3381 git*

239 3406 293 3439 non
304 3391 427 3439 transibit
437 3405 483 3451 per
493 3400 590 3437 terram
600 3401 716 3438 vestram
726 3407 744 3439 :.
756 3428 761 3438 .
772 3427 778 3439 .
788 3392 822 3438 ,si
833 3405 897 3437 vero
907 3404 962 3436 non
974 3376 1154 3436 obediveritisl

238 3466 265 3505 et
282 3456 397 3504 feceritis
415 3456 506 3503 omnia
523 3465 664 3517 praecepta
681 3470 740 3502 mea
743 3492 812 3511 .....
819 3455 922 3502 mittam
942 3455 968 3502 in
987 3469 1036 3503 vos
1054 3455 1154 3501 terant

238 3537 305 3584 quae
318 3521 422 3569 orbabit
435 3535 492 3576 vos,
504 3532 530 3569 et
543 3521 678 3568 exscindet
691 3521 803 3568 bestiam
818 3530 943 3576 vestram,
958 3520 1154 3580 imminuetur*

239 3598 267 3636 ut
279 3597 417 3635 vastentur
430 3587 489 3634 viae
501 3584 627 3634 vestrae”
639 3584 732 3646 (Levit.
742 3584 813 3633 xxvi.
825 3597 848 3644 3,
858 3585 882 3638 ὁ.
896 3597 933 3644 14,
943 3587 1000 3645 22):
1134 3581 1138 3588 '

108 3746 309 3810 describitur
331 3746 383 3808 hic
408 3754 518 3807 status
537 3746 627 3806 vitae
650 3765 764 3806 eorum
786 3745 840 3824 qui
865 3745 895 3806 in
920 3744 1086 3806 charitate
1106 3749 1136 3802 et

109 3860 176 3903 non
193 3841 226 3902 in
243 3840 427 3901 charitate:
452 3840 522 3900 vita
538 3839 712 3901 charitatis
728 3838 928 3917 intelligitur
946 3859 1005 3919 per
1022 3827 1154 3899 “ambul

108 3936 140 3996 in
164 3935 313 4005 statutis,
337 3933 516 3994 observare
540 3942 719 4013 praecepta
743 3943 777 3994 et
801 3933 909 3994 iacere
933 3932 1019 4004 illa,‘’
1042 3932 1102 3994 hoc
1126 3941 1154 3989 et

107 4037 160 4090 est
180 4028 345 4102 charitas;
376 4036 486 4088 status
506 4028 595 4089 vitae
614 4046 728 4088 eorum
748 4027 946 4088 describitur
970 4047 1029 4107 per
1048 4033 1154 4106 “pacet

106 4141 166 4203 per
182 4120 272 4203 quod
290 4129 433 4182 “secure
450 4121 584 4191 cubent,
601 4131 636 4182 et
657 4140 722 4181 non
740 4119 1047 4201 perterrefacien5,”
1063 4138 1116 4201 per
1129 4131 1154 4194 q*

107 4214 313 4296 significatur
330 4216 467 4277 beatum
486 4214 594 4277 cordis
611 4225 645 4276 et
661 4217 793 4276 animae
810 4215 985 4275 oriundum
1003 4236 1047 4276 ex
1063 4210 1154 4292 conju

108 4311 200 4372 tione
224 4311 302 4372 boni
325 4321 360 4372 et
385 4310 463 4382 veri,
485 4310 572 4371 unde
596 4329 662 4370 non
687 4330 800 4391 pugna
824 4309 902 4369 mali
926 4320 960 4370 et
986 4309 1059 4371 salsi
1082 4300 1154 4385 ampl

107 4415 228 4468 contra
257 4405 334 4482 illa;
366 4416 436 4466 tum
467 4405 664 4467 describitur
694 4425 752 4485 per
783 4410 942 4466 “cessare
971 4404 1089 4467 faciam
1114 4401 1153 4464 ier
