2684 4988
300 485 380 537 cae.
398 485 471 547 v11.,
488 486 591 536 vans.
612 487 716 536 1.-u.
731 471 866 557 419[d].
1062 488 1141 554 ¹0²3

104 654 286 716 'nstauratio
305 653 492 716 ecclesiae:
516 673 561 716 ex
574 653 819 716 'reformatione
838 663 873 716 et
894 655 1141 717 instauratione

107 759 238 810 vocatur
255 746 423 810 Dominus
437 745 590 810 “Factor
606 746 746 820 terrae,”
762 758 797 810 et
814 747 892 810 alibi
908 755 927 779 ‘⁸
939 748 965 809 F
967 758 1119 810 ormator
1127 748 1142 768 ”

113 841 250 905 Creator
263 840 290 918 ;”
315 840 457 905 “terra''
480 851 533 905 est
556 841 719 904 ecclesia:
745 841 904 904 Divinum
928 842 1059 904 Bonum
1084 862 1143 922 per

104 937 114 996 l
136 936 342 1009 reformatio,
367 934 576 1016 significatur
599 956 657 1017 per
679 936 771 1017 quod
793 942 999 1016 “praeparet
1023 936 1140 998 orbem

104 1031 303 1112 sapientiam
327 1048 421 1092 suam
435 1030 462 1106 ;”
487 1030 628 1092 “orbis''
647 1041 700 1092 est
724 1029 880 1102 ecclesia,
899 1049 937 1092 ac
958 1031 1081 1093 dicitur
1098 1031 1141 1093 de

104 1144 134 1185 r:
167 1124 329 1186 Divinum
353 1123 492 1197 Verum,
517 1144 576 1204 per
598 1125 688 1205 quod
711 1125 826 1195 etiarn,
851 1123 1060 1204 significatur
1083 1145 1142 1206 per

104 1237 298 1299 remquam
322 1217 394 1291 dat,
418 1218 604 1281 multitudo
626 1237 788 1298 aquarum
811 1219 844 1279 in
868 1218 971 1279 caelis
984 1217 1010 1293 ;’'
1043 1224 1140 1280 “vox

104 1332 123 1374 n
152 1312 237 1375 dat”
267 1310 437 1394 significat
467 1311 630 1375 influxum
657 1312 773 1375 Divini
804 1311 896 1384 Veri,
927 1311 1141 1376 “multitudo

104 1426 182 1468 rrum
205 1409 240 1469 in
262 1406 390 1469 caelis”
408 1404 578 1488 significat
600 1408 851 1487 receptionem3
877 1414 1014 1488 “aquae
1023 1406 1038 1429 ”
1061 1419 1140 1470 sunt

114 1521 121 1562 :
146 1501 267 1563 ultima
282 1521 372 1575 vera,
392 1510 573 1583 quaesunt
590 1501 806 1580 cognitiones
822 1521 867 1562 ex
884 1520 983 1562 sensu
1004 1500 1140 1564 litterae

104 1596 139 1668 ai,
158 1594 392 1676 significantur
411 1616 470 1677 per
490 1600 664 1676 “vapores
682 1615 727 1657 ex
746 1592 812 1657 fine
831 1604 941 1657 terrae
954 1593 980 1668 ;”
1003 1595 1141 1674 spiritu·

116 1691 204 1763 inde,
228 1689 463 1770 significantur
489 1711 548 1772 per
572 1689 732 1770 “fulgura
759 1688 915 1771 pluviae”
941 1688 1141 1769 (“fulgura”

104 1793 180 1846 ntur
195 1805 241 1846 ex
259 1784 334 1846 luce
349 1783 445 1858 caeli,
462 1795 497 1846 et
515 1792 534 1815 ‘⁶
544 1783 656 1866 pluvia
664 1784 680 1807 ’'
696 1804 740 1846 ex
758 1782 921 1864 influxu):
947 1781 1142 1846 reformatio

122 1899 179 1960 per
196 1879 356 1940 Divinum
374 1879 502 1942 Verum
518 1879 562 1940 ab
578 1879 668 1960 Ipso,
686 1877 894 1959 significatur
910 1899 969 1960 per
987 1877 1140 1940 “Educit

104 1992 162 2034 :um
178 1994 197 2035 e
217 1973 385 2036 thesauris
404 1972 502 2034 suis.”
547 1973 600 2034 Ita
619 1971 856 2053 intelliguntur
872 1973 985 2034 omnia
1004 1971 1088 2034 haec
1108 1973 1141 2034 in

104 2068 136 2128 is.
182 2067 287 2148 Apud
307 2066 483 2140 Davidem,

104 2200 151 2264 Qui
163 2201 272 2263 projicit
282 2201 442 2262 grandinem
455 2214 532 2249 suam
542 2199 613 2249 sicut
621 2200 710 2257 bolos,
721 2214 812 2248 coram
822 2191 1001 2261 frigore‘lijus
1011 2199 1069 2262 quis
1079 2214 1143 2248 con·

153 2267 248 2315 sistet?
283 2266 368 2314 Mittit
383 2268 494 2314 verbum
512 2280 600 2322 suurn,
620 2265 756 2328 liquefacit
773 2279 814 2323 ea,
831 2267 932 2327 spirare
949 2265 1014 2313 facit
1032 2275 1141 2313 ventum

153 2347 241 2387 suum,
256 2331 343 2379 fluunt
357 2346 455 2393 aquae:
474 2330 618 2379 annuntiat
631 2331 743 2378 verbum
757 2345 834 2379 suum
848 2329 960 2394 Jacobo,
976 2339 1078 2379 statuta
1092 2344 1142 2379 sua

152 2407 180 2445 et
191 2398 293 2458 judicia
304 2410 353 2444 sua
367 2394 481 2444 lsraeli’'
493 2395 549 2456 (Ps.
561 2395 650 2445 cxlvii.
662 2395 765 2455 17-19):

109 2508 188 2571 haec
212 2529 347 2591 quoque
370 2508 570 2570 describitur
592 2508 797 2581 reformatio
822 2508 882 2571 sed
905 2510 1016 2590 quoad
1041 2518 1141 2571 natu·

104 2622 130 2664 m
154 2604 346 2665 hominem:
371 2600 556 2664 scientifica
579 2603 624 2664 ibi
646 2611 682 2664 et
706 2604 920 2682 cognitiones
943 2623 1029 2685 quae
1052 2603 1140 2685 apud

104 2699 196 2759 tinem
221 2709 303 2759 ante
326 2697 612 2769 reformationem,
637 2695 869 2776 significantur
892 2718 951 2778 per
976 2699 1141 2778 “grandi-

104 2821 107 2852 ι
130 2813 215 2874 quae
238 2790 432 2863 sicut-boli,
453 2791 525 2872 quis
549 2809 663 2852 coram
691 2789 813 2870 frigore
840 2791 909 2871 ejus
935 2794 1100 2854 consistet
1112 2793 1141 2853 ?''

104 2906 108 2946 l
125 2886 227 2948 homo
242 2896 325 2948 ante
344 2885 618 2947 reformationem
634 2894 686 2946 est
707 2904 841 2965 prorsus
858 2883 1015 2964 frigidus;
1040 2884 1142 2966 frigus

104 3001 157 3061 que
169 2981 251 3042 illud
265 2979 443 3041 manifeste
456 2979 601 3040 sentitur
611 2997 688 3039 cum
701 2977 860 3039 Divinum
874 3000 892 3040 e
904 2978 1002 3041 caelo
1014 2979 1119 3042 influit
1134 3002 1141 3055 ;

104 3076 168 3155 quia
201 3075 407 3154 dissipantur
431 3071 489 3134 illa
521 3072 645 3152 frigora
675 3093 734 3153 per
762 3074 994 3153 receptionem
1028 3073 1141 3136 Divini

104 3169 114 3228 i
134 3188 172 3230 ac
197 3167 310 3230 Divini
330 3167 422 3239 Veri,
446 3168 494 3228 ita
518 3186 576 3247 per
599 3166 884 3239 reformationem,
909 3167 985 3228 ideo
1007 3167 1140 3239 dicitur,

103 3262 165 3324 ittit
185 3262 324 3325 verbum
344 3280 451 3333 suum,
473 3259 641 3341 liquefacit
666 3280 725 3334 ea;
753 3261 878 3340 spirare
901 3259 981 3322 facit
1001 3270 1141 3322 ventum

104 3375 135 3428 n,
157 3356 262 3418 fluunt
286 3376 392 3438 aquae
406 3355 431 3430 ;’'
455 3375 512 3436 per
533 3353 703 3415 “verbum
712 3352 727 3376 ”
750 3352 958 3432 significatur
982 3353 1141 3417 Divinum

104 3470 158 3513 rum
187 3453 318 3513 unitum
348 3450 471 3511 Divino
501 3448 604 3521 Ver0,
630 3468 688 3529 per
714 3447 906 3509 “ventum”
931 3448 1143 3528 significatur

104 3544 184 3606 inum
199 3545 338 3617 Verum,
356 3556 390 3606 et
406 3564 464 3624 per
478 3542 613 3604 “fluunt
627 3562 733 3622 aquae
742 3540 757 3564 ”
769 3540 978 3621 significatur
991 3545 1143 3625 receptio

104 3658 122 3713 ,;
138 3652 169 3702 et
181 3641 258 3722 quia
272 3639 355 3701 haec
369 3635 602 3718 significantur
614 3656 674 3717 per
686 3635 743 3697 illa
756 3637 869 3709 verba,
883 3637 960 3699 ideo
975 3638 1141 3718 adjicitur,

105 3736 250 3796 nnuntiat
275 3732 414 3795 verbum
438 3751 533 3793 suum
556 3729 696 3811 Jac0b0,
721 3740 853 3792 statuta
878 3751 938 3792 sua
964 3741 999 3794 et
1019 3732 1143 3813 judicia

104 3824 145 3887 teli
156 3826 180 3903 ;'’
192 3848 252 3909 per
264 3833 284 3858 ‘⁴
293 3826 457 3907 Jacobum
466 3824 481 3848 ”
491 3836 526 3888 et
539 3834 557 3856 ‘⁸
569 3824 730 3887 lsraelem
740 3823 755 3848 ’'
767 3823 976 3904 significatur
986 3826 1141 3898 ecclesia,

118 3920 323 3999 “Jacobum’'
343 3921 486 3984 ecclesia
505 3941 591 4003 quae
614 3922 647 3982 in
664 3920 765 3994 bono,
786 3931 821 3983 et
845 3941 904 4001 per
929 3920 1144 3984 “Israelem''

104 4009 169 4077 lesia
187 4037 272 4099 quae
296 4017 329 4078 in
348 4017 436 4078 veris
448 4037 455 4092 ;
482 4022 643 4078 “statuta
666 4025 701 4078 et
718 4015 841 4095 judicia
850 4014 865 4038 ”
884 4026 961 4078 sunt
981 4036 1061 4078 vera
1080 4036 1142 4078 ex-

104 4123 132 4168 na
146 4121 176 4172 et
195 4113 329 4174 interna
347 4130 432 4192 quae
451 4131 496 4172 ex
515 4109 615 4171 bono.
661 4108 766 4191 Apud
785 4109 941 4183 eundem,

107 4237 219 4295 ‘laudate
230 4245 375 4310 jehovam.
386 4282 392 4295 .
402 4282 408 4294 .
419 4245 502 4306 ‚ignis
519 4253 545 4292 et
558 4245 671 4306 grando,
686 4243 733 4293 nix
745 4253 772 4293 et
783 4259 877 4306 vapor,
893 4253 989 4294 ventus
1007 4244 1143 4307 procellae

158 4309 253 4360 faciens
266 4313 379 4360 verbum
394 4310 483 4373 Ipsius
492 4309 505 4328 '¹
518 4311 573 4371 (Ps.
586 4311 685 4359 cxlviii.
699 4307 749 4374 [7,]
762 4311 801 4367 8):

104 4417 191 4504 >iper
208 4429 349 4509 “ignem
366 4438 401 4490 et
418 4426 648 4508 grandinem,''
664 4447 723 4507 per
742 4426 882 4489 “nivem
899 4436 934 4489 et
951 4423 1142 4508 vaporem,''
