2684 4988
376 479 470 532 esa.
488 478 545 540 v1.‚
561 478 662 531 vans.
679 479 789 530 a-u.
807 465 931 550 357[b].
1152 466 1212 551 ⁶9¹

137 652 211 733 agitur
223 651 255 714 de
277 649 541 732 significatione
560 650 661 731 “equi
672 648 699 725 ;”
722 669 781 731 ρετ
802 655 942 712 “arcum
967 648 1069 713 belli'’
1087 648 1214 732 signifi·

137 757 202 808 catur
214 766 315 808 verum
338 764 505 826 pugnans
521 765 563 806 ex
583 741 745 806 doctrina.
791 743 894 825 Apud
912 742 1090 818 Habakuk‚

174 887 336 937 “lmfluvits
346 886 651 951 succensuitJebovahi
669 902 733 935 num
742 895 837 936 contra
846 887 941 936 fluvios
951 888 991 936 ira
1000 888 1062 938 tua?
1079 902 1142 937 num
1150 902 1215 938 oon·

227 965 262 1002 tra
273 968 349 1002 mare
360 968 396 1002 ex
399 953 587 1001 candescentia
597 954 658 1002 tua?
675 952 746 1015 quod
758 953 861 1015 equites
871 967 951 1036 super
959 953 1034 1015 equis
1047 955 1108 1011 tuis,
1119 966 1212 1003 currus

227 1020 259 1068 tui
270 1021 354 1077 salus,
369 1018 556 1067 denudatione
566 1018 744 1067 denudabitur
756 1033 834 1067 arcus
846 1014 920 1067 tuus
922 1018 987 1079 'tiit
998 1019 1013 1066 8
1015 1019 1070 1081 ‚:9)

136 1159 208 1220 etiam
229 1160 287 1222 hoc
318 1158 534 1241 explicatum
563 1169 616 1222 est
645 1160 678 1222 in
708 1157 851 1222 articulo
878 1160 1124 1240 praecedente;
1155 1176 1215 1242 pet

136 1251 345 1316 “denudabitur
365 1274 465 1316 arcus
488 1253 587 1315 tuus’'
605 1252 813 1334 significatur
832 1253 922 1336 quod
944 1254 1113 1334 aperietur
1131 1253 1212 1316 doc·

134 1347 196 1408 trina
210 1350 277 1411 veri.
323 1346 430 1429 Apud
450 1345 601 1422 Esaiam,

170 1488 267 1538 “Coram
279 1490 377 1551 gladiis
388 1491 565 1551 vagabuntur,
577 1505 666 1538 coram
679 1490 770 1552 gladio
779 1499 893 1538 extenso
901 1498 928 1538 et
940 1503 1030 1538 coram
1043 1503 1106 1538 arcu
1119 1499 1212 1549 tenso:

227 1566 252 1604 et
265 1566 374 1618 propter
388 1557 548 1617 gravitatem
567 1556 674 1605 belli...
684 1565 868 1604 ,consumetur
882 1557 972 1603 omnis
986 1554 1073 1616 gloria
1089 1551 1210 1612 Kedatis,

227 1630 251 1669 et
262 1621 389 1684 reliquiae
408 1622 513 1668 numeri
530 1635 606 1669 metas
619 1620 727 1669 fortium
741 1620 854 1669 filiorum
870 1619 983 1669 Kedaris
1002 1634 1101 1703 paucae
1113 1618 1212 1670 etunt“

228 1686 286 1745 (xxi
299 1685 405 1746 1s-1n:

130 1817 213 1896 agitur
231 1820 307 1881 ibi'
299 1839 331 1880 m
357 1839 460 1880 sensu
483 1818 645 1900 spirituali
669 1819 711 1881 de
735 1819 983 1901 cognitionibus
1007 1820 1097 1893 boni,
1120 1819 1211 1900 quod

129 1912 261 1988 periturae
273 1915 352 1986 sint,
363 1923 399 1975 et
413 1914 504 1995 quod
518 1933 643 1993 paucae
655 1933 889 1975 remansurae·
883 1933 969 1994 ‚per
987 1902 1212 1975 “Kedarem”

129 2022 169 2065 seu
190 2005 343 2069 Arabiam
371 2006 605 2088 significantur
632 2006 679 2068 illi
709 2008 764 2088 qui
794 2008 826 2069 in
857 2008 1106 2088 cognitionibus
1133 1993 1212 2103 bopi

128 2110 235 2172 suntet
250 2099 446 2164 abstracte
439 2123 530 2182 ipsae
546 2101 624 2163 illae
641 2103 873 2181 cognitiones;
892 2102 982 2182 quod
1000 2087 1213 2181 cognitiones

128 2195 175 2254 veri
194 2198 351 2275 periturae
374 2216 435 2278 per
454 2196 537 2258 salsa
555 2207 590 2258 et
614 2216 674 2277 per
692 2194 880 2259 doctrinam
901 2195 985 2270 salsi,
1006 2194 1213 2276 significatur

128 2304 169 2363 per
179 2291 257 2370 quod
271 2300 289 2321 ‘⁶
300 2311 415 2353 coram
433 2290 554 2371 gladiis
567 2292 790 2371 vagabuntur,
805 2310 918 2352 coram
936 2289 1050 2371 gladio
1066 2301 1213 2354 extenso

127 2389 152 2440 et
171 2402 268 2447 coram
292 2406 371 2448 arcu
399 2396 500 2448 tenso
512 2385 537 2460 ;”
568 2385 753 2466 “gladius”
776 2394 829 2447 est
852 2384 971 2447 falsum
997 2405 1152 2466 pugnans
1176 2395 1213 2449 et

128 2473 282 2553 destruens,
302 2491 338 2542 et
359 2479 510 2542 “arcus’'
528 2490 581 2542 est
601 2477 754 2542 doctrina
772 2477 864 2542 falsi:
888 2479 979 2561 quod
1000 2480 1214 2560 cognitiones

128 2566 186 2632 boni
204 2576 365 2653 periturae
388 2575 469 2647 sint,
488 2572 696 2654 significatur
719 2593 778 2655 per
801 2574 895 2647 haec,
917 2581 1084 2655 “propter
1100 2575 1212 2654 gravi·

128 2671 208 2727 tatem
220 2668 297 2730 belli
311 2718 317 2730 .
332 2718 339 2730 .
353 2717 359 2730 .
373 2679 591 2732 consumetur
601 2668 711 2731 omnis
724 2668 831 2748 gloria
843 2666 987 2731 Kedaris
1000 2668 1024 2742 ;''
1042 2668 1213 2748 “gravitas

129 2754 1218 2843 belli”estimpugnatio.et“consumeturomnisgloriaKedaris”·

128 2862 165 2913 cst
179 2859 333 2919 vastatio:
357 2868 394 2919 et
413 2858 504 2938 quod
524 2877 650 2937 paucae
669 2858 881 2936 cognitiones
900 2877 1113 2919 remansurae
1131 2857 1210 2927 sint,

129 2943 293 3012 describitur
303 2971 364 3032 per
374 2953 464 3032 quod
476 2950 663 3032 “reliquiae
677 2951 805 3012 numeri
818 2971 914 3013 arcus
926 2950 1058 3012 sortium
1070 2949 1211 3013 filiorum

129 3035 242 3106 Kedaris
254 3066 382 3127 paucae
394 3055 492 3107 erunt
506 3045 531 3120 ;,”
545 3052 669 3107 “arcus
682 3045 816 3106 sortium
825 3045 839 3068 ’'
852 3055 904 3107 est
918 3043 1072 3107 doctrina
1084 3045 1154 3108 veri
1166 3065 1211 3107 ex

129 3139 346 3216 cognitionibus
366 3160 452 3221 quae
471 3138 585 3201 valent
603 3149 723 3201 contra
741 3138 833 3201 falsa.
879 3139 981 3220 Apud
1001 3140 1157 3212 eundem,

161 3279 264 3333 “Posuit
281 3299 313 3332 os
326 3298 416 3332 meum
430 3283 498 3331 sicut
509 3283 627 3345 gladium
646 3294 751 3332 acutum
756 3321 825 3340 .....
830 3294 857 3332 et
870 3285 959 3346 posuit
973 3283 1018 3332 Me
1032 3284 1058 3332 in
1072 3283 1155 3332 telum
1167 3278 1213 3332 ex-

225 3361 376 3411 purgatum,
391 3349 418 3397 in
431 3349 556 3411 pharetra
567 3363 617 3397 sua
628 3349 772 3398 occultavit
785 3348 851 3398 Me’'
864 3346 963 3410 (lelix.
975 3351 1014 3411 al:

126 3484 207 3562 agitur
218 3490 319 3551 etiam
336 3490 381 3552 ibi
397 3488 440 3552 de
455 3489 622 3564 Domin0;
646 3499 681 3552 et
698 3510 757 3572 per
771 3489 947 3570 “gladium
966 3501 1101 3553 acutum
1110 3489 1125 3515 '⁹
1141 3491 1211 3572 sig·

126 3576 247 3645 nificatur
258 3604 374 3646 verum
388 3583 587 3664 dispergens
600 3583 731 3654 salsum,
744 3604 801 3665 per
813 3583 945 3646 “telum
960 3585 1212 3666 expurgatum”

124 3666 420 3749 significaturverum
431 3678 629 3759 dispergens
641 3678 777 3749 malum.
786 3689 821 3741 et
834 3699 893 3759 per
903 3677 1211 3760 '‘pharetram”sig·

124 3762 245 3831 nificatur
260 3769 434 3848 Verbum;
461 3772 538 3832 inde
557 3782 652 3853 patet
672 3773 750 3854 quid
770 3771 976 3852 significatur
996 3793 1054 3853 per
1072 3773 1212 3854 “posuit

123 3874 149 3916 08
163 3879 258 3925 meum
277 3867 365 3927 sicut
384 3865 534 3946 gladium
553 3877 700 3940 acutum,
715 3915 722 3929 .
737 3915 743 3928 .
758 3915 764 3928 .
778 3878 813 3930 et
837 3868 948 3947 posuit
968 3866 1025 3929 Me
1049 3868 1081 3928 in
1106 3866 1211 3928 telum

122 3967 329 4038 expurgatum.
344 3969 379 4021 et
396 3961 428 4021 in
443 3959 601 4041 pharetra
613 3981 672 4022 sua
685 3960 871 4024 occultavit
886 3960 972 4034 Me,'’
984 3961 1074 4043 quod
1088 3980 1211 4040 nempe

121 4045 228 4132 inipso
249 4065 283 4117 et
311 4074 357 4116 ex
382 4053 462 4135 Ipso
486 4056 528 4117 sit
553 4055 711 4117 Divinum
736 4054 864 4119 Verum
888 4076 947 4137 per
969 4056 1060 4137 quod
1084 4056 1212 4135 disper·

120 4155 218 4218 guntur
231 4148 312 4211 ialsa
328 4158 364 4211 et
381 4147 481 4221 mala,
495 4159 530 4211 et
542 4149 633 4230 quod
649 4150 682 4213 in
699 4149 779 4231 ipso
795 4159 830 4213 et
847 4171 891 4212 ex
909 4149 989 4232 Ipso
1004 4151 1048 4212 sit
1062 4148 1213 4211 Verbum

121 4234 162 4298 ubi
175 4253 202 4304 et
220 4245 306 4307 unde
325 4243 383 4307 illa
402 4264 492 4306 vera.
537 4243 642 4325 Apud
659 4243 836 4319 Davidem,

158 4381 232 4436 “Ecca
241 4389 376 4438 hereditas
385 4387 508 4452 Jehovae
519 4385 573 4445 filii,
586 4402 689 4438 merces
699 4385 802 4437 fructus
810 4387 912 4437 ventris
922 4402 928 4445 ς
947 4388 1015 4436 sicut
1028 4384 1082 4436 tela
1091 4385 1119 4435 in
1128 4398 1213 4434 manu

218 4455 342 4519 potentis,
353 4454 392 4505 sic
402 4453 451 4503 filii
461 4453 609 4516 pueritiae:
628 4455 723 4504 beatus
732 4454 774 4504 vir
783 4453 828 4518 qui
836 4453 959 4516 implevit
969 4454 1122 4516 pharetram
1131 4463 1214 4500 suam
