<?xml version="1.0" encoding="UTF-8"?>
<!DOCTYPE html PUBLIC "-//W3C//DTD XHTML 1.0 Transitional//EN"
    "http://www.w3.org/TR/xhtml1/DTD/xhtml1-transitional.dtd">
<html xmlns="http://www.w3.org/1999/xhtml" xml:lang="en" lang="en">
 <head>
  <title>
</title>
<meta http-equiv="Content-Type" content="text/html;charset=utf-8" />
  <meta name='ocr-system' content='tesseract 3.04.00' />
  <meta name='ocr-capabilities' content='ocr_page ocr_carea ocr_par ocr_line ocrx_word'/>
</head>
<body>
  <div class='ocr_page' id='page_1' title='image "./apocalypsisexpl00swedgoog_0055.png"; bbox 0 0 2716 4986; ppageno 0'>
   <div class='ocr_carea' id='block_1_1' title="bbox 352 503 1184 592">
    <p class='ocr_par' dir='ltr' id='par_1_1' title="bbox 352 503 1184 592">
     <span class='ocr_line' id='line_1_1' title="bbox 352 503 1184 592; baseline 0.001 -25"><span class='ocrx_word' id='word_1_1' title='bbox 352 517 433 567; x_wconf 76' lang='lat' dir='ltr'>cnr.</span> <span class='ocrx_word' id='word_1_2' title='bbox 449 514 510 578; x_wconf 79' lang='lat' dir='ltr'>vn,</span> <span class='ocrx_word' id='word_1_3' title='bbox 526 515 630 566; x_wconf 80' lang='lat' dir='ltr'>vans.</span> <span class='ocrx_word' id='word_1_4' title='bbox 646 516 758 582; x_wconf 81' lang='lat' dir='ltr'>4-n.</span> <span class='ocrx_word' id='word_1_5' title='bbox 777 503 900 589; x_wconf 83' lang='lat' dir='ltr'>364[b].</span> <span class='ocrx_word' id='word_1_6' title='bbox 1120 521 1184 592; x_wconf 84' lang='lat'>707</span> 
     </span>
    </p>
   </div>
   <div class='ocr_carea' id='block_1_2' title="bbox 75 685 1184 958">
    <p class='ocr_par' dir='ltr' id='par_1_2' title="bbox 75 685 1184 958">
     <span class='ocr_line' id='line_1_2' title="bbox 77 685 1184 770; baseline 0.004 -18"><span class='ocrx_word' id='word_1_7' title='bbox 77 689 108 752; x_wconf 91' lang='lat' dir='ltr'>ibi</span> <span class='ocrx_word' id='word_1_8' title='bbox 118 689 146 751; x_wconf 93' lang='lat' dir='ltr'>in</span> <span class='ocrx_word' id='word_1_9' title='bbox 156 708 263 750; x_wconf 88' lang='lat' dir='ltr'>sensu</span> <span class='ocrx_word' id='word_1_10' title='bbox 274 688 441 770; x_wconf 81' lang='lat' dir='ltr'>spirituali</span> <span class='ocrx_word' id='word_1_11' title='bbox 453 685 671 769; x_wconf 82' lang='lat' dir='ltr'>significatur,</span> <span class='ocrx_word' id='word_1_12' title='bbox 682 688 837 751; x_wconf 90' lang='lat' dir='ltr'>videatur</span> <span class='ocrx_word' id='word_1_13' title='bbox 849 691 881 751; x_wconf 92' lang='lat' dir='ltr'>in</span> <span class='ocrx_word' id='word_1_14' title='bbox 893 689 923 750; x_wconf 87' lang='grc' dir='ltr'><em>Α</em></span> <span class='ocrx_word' id='word_1_15' title='bbox 928 691 1040 753; x_wconf 82' lang='lat' dir='ltr'>rcam&#39;s</span> <span class='ocrx_word' id='word_1_16' title='bbox 1052 690 1081 755; x_wconf 85' lang='lat' dir='ltr'><em>C</em></span> <span class='ocrx_word' id='word_1_17' title='bbox 1080 691 1184 758; x_wconf 81' lang='lat' dir='ltr'>aeles-</span> 
     </span>
     <span class='ocr_line' id='line_1_3' title="bbox 75 781 1184 865; baseline 0.006 -21"><span class='ocrx_word' id='word_1_18' title='bbox 75 782 156 856; x_wconf 76' lang='lat' dir='ltr'>ttius,</span> <span class='ocrx_word' id='word_1_19' title='bbox 173 783 231 844; x_wconf 92' lang='lat' dir='ltr'>ubi</span> <span class='ocrx_word' id='word_1_20' title='bbox 249 782 426 864; x_wconf 87' lang='lat' dir='ltr'>explicata</span> <span class='ocrx_word' id='word_1_21' title='bbox 443 792 540 844; x_wconf 90' lang='lat' dir='ltr'>sunt:</span> <span class='ocrx_word' id='word_1_22' title='bbox 567 781 689 844; x_wconf 90' lang='lat' dir='ltr'>Divina</span> <span class='ocrx_word' id='word_1_23' title='bbox 706 781 880 864; x_wconf 86' lang='lat' dir='ltr'>Sapientia</span> <span class='ocrx_word' id='word_1_24' title='bbox 896 805 981 865; x_wconf 87' lang='lat' dir='ltr'>quae</span> <span class='ocrx_word' id='word_1_25' title='bbox 997 806 1041 848; x_wconf 90' lang='lat' dir='ltr'>ex</span> <span class='ocrx_word' id='word_1_26' title='bbox 1060 786 1184 851; x_wconf 84' lang='lat' dir='ltr'>Divino</span> 
     </span>
     <span class='ocr_line' id='line_1_4' title="bbox 76 875 1184 958; baseline 0.005 -19"><span class='ocrx_word' id='word_1_27' title='bbox 76 875 156 939; x_wconf 88' lang='lat' dir='ltr'>Bono</span> <span class='ocrx_word' id='word_1_28' title='bbox 179 875 395 957; x_wconf 84' lang='lat' dir='ltr'>significatur</span> <span class='ocrx_word' id='word_1_29' title='bbox 414 897 472 957; x_wconf 89' lang='lat' dir='ltr'>per</span> <span class='ocrx_word' id='word_1_30' title='bbox 492 883 510 907; x_wconf 77' lang='lat'>‘⁶</span> <span class='ocrx_word' id='word_1_31' title='bbox 523 875 620 938; x_wconf 88' lang='lat' dir='ltr'>ruber</span> <span class='ocrx_word' id='word_1_32' title='bbox 639 876 745 938; x_wconf 90' lang='lat' dir='ltr'>oculis</span> <span class='ocrx_word' id='word_1_33' title='bbox 768 896 847 958; x_wconf 89' lang='lat' dir='ltr'>prae</span> <span class='ocrx_word' id='word_1_34' title='bbox 871 878 979 952; x_wconf 87' lang='lat' dir='ltr'>vino,’&#39;</span> <span class='ocrx_word' id='word_1_35' title='bbox 997 899 1036 942; x_wconf 88' lang='lat' dir='ltr'>ac</span> <span class='ocrx_word' id='word_1_36' title='bbox 1061 879 1184 944; x_wconf 80' lang='lat' dir='ltr'>Divina</span> 
     </span>
    </p>
   </div>
   <div class='ocr_carea' id='block_1_3' title="bbox 74 969 1182 1138">
    <p class='ocr_par' dir='ltr' id='par_1_3' title="bbox 74 969 1182 1138">
     <span class='ocr_line' id='line_1_5' title="bbox 75 969 1182 1056; baseline 0.005 -24"><span class='ocrx_word' id='word_1_37' title='bbox 75 969 300 1052; x_wconf 85' lang='lat' dir='ltr'>Intelligentia</span> <span class='ocrx_word' id='word_1_38' title='bbox 318 991 405 1052; x_wconf 89' lang='lat' dir='ltr'>quae</span> <span class='ocrx_word' id='word_1_39' title='bbox 424 990 467 1033; x_wconf 89' lang='lat' dir='ltr'>ex</span> <span class='ocrx_word' id='word_1_40' title='bbox 488 970 612 1033; x_wconf 90' lang='lat' dir='ltr'>Divino</span> <span class='ocrx_word' id='word_1_41' title='bbox 628 969 722 1033; x_wconf 89' lang='lat' dir='ltr'>Vero</span> <span class='ocrx_word' id='word_1_42' title='bbox 741 992 799 1053; x_wconf 91' lang='lat' dir='ltr'>per</span> <span class='ocrx_word' id='word_1_43' title='bbox 820 972 943 1034; x_wconf 88' lang='lat' dir='ltr'>“albus</span> <span class='ocrx_word' id='word_1_44' title='bbox 962 973 1084 1036; x_wconf 91' lang='lat' dir='ltr'>dentes</span> <span class='ocrx_word' id='word_1_45' title='bbox 1103 992 1182 1056; x_wconf 87' lang='lat' dir='ltr'>prae</span> 
     </span>
     <span class='ocr_line' id='line_1_6' title="bbox 74 1061 441 1138; baseline 0 -12"><span class='ocrx_word' id='word_1_46' title='bbox 74 1061 177 1127; x_wconf 53' lang='lat' dir='ltr'>laste?</span> <span class='ocrx_word' id='word_1_47' title='bbox 224 1064 264 1126; x_wconf 94' lang='lat' dir='ltr'>In</span> <span class='ocrx_word' id='word_1_48' title='bbox 289 1063 441 1138; x_wconf 78' lang='lat' dir='ltr'>Thrcnis,</span> 
     </span>
    </p>
   </div>
   <div class='ocr_carea' id='block_1_4' title="bbox 113 1196 1184 1324">
    <p class='ocr_par' dir='ltr' id='par_1_4' title="bbox 113 1196 1184 1324">
     <span class='ocr_line' id='line_1_7' title="bbox 113 1196 1184 1261; baseline 0.005 -16"><span class='ocrx_word' id='word_1_49' title='bbox 113 1197 203 1245; x_wconf 78' lang='lat' dir='ltr'>“Albi</span> <span class='ocrx_word' id='word_1_50' title='bbox 215 1206 295 1245; x_wconf 85' lang='lat' dir='ltr'>erant</span> <span class='ocrx_word' id='word_1_51' title='bbox 307 1196 427 1244; x_wconf 79' lang='lat' dir='ltr'>Naziraei</span> <span class='ocrx_word' id='word_1_52' title='bbox 441 1212 504 1259; x_wconf 90' lang='lat' dir='ltr'>prae</span> <span class='ocrx_word' id='word_1_53' title='bbox 514 1197 585 1254; x_wconf 85' lang='lat' dir='ltr'>nive,</span> <span class='ocrx_word' id='word_1_54' title='bbox 596 1198 701 1247; x_wconf 84' lang='lat' dir='ltr'>candidi</span> <span class='ocrx_word' id='word_1_55' title='bbox 712 1208 789 1247; x_wconf 88' lang='lat' dir='ltr'>erant</span> <span class='ocrx_word' id='word_1_56' title='bbox 798 1213 861 1261; x_wconf 80' lang='lat' dir='ltr'>prae</span> <span class='ocrx_word' id='word_1_57' title='bbox 874 1196 950 1254; x_wconf 71' lang='lat' dir='ltr'>laete.</span> <span class='ocrx_word' id='word_1_58' title='bbox 963 1200 1109 1249; x_wconf 87' lang='lat' dir='ltr'>rubuerunt</span> <span class='ocrx_word' id='word_1_59' title='bbox 1120 1214 1184 1252; x_wconf 73' lang='lat' dir='ltr'>otta</span> 
     </span>
     <span class='ocr_line' id='line_1_8' title="bbox 192 1261 558 1324; baseline 0.005 -15"><span class='ocrx_word' id='word_1_60' title='bbox 192 1276 259 1324; x_wconf 85' lang='lat' dir='ltr'>prae</span> <span class='ocrx_word' id='word_1_61' title='bbox 272 1261 446 1324; x_wconf 78' lang='lat' dir='ltr'>margaritis”</span> <span class='ocrx_word' id='word_1_62' title='bbox 458 1263 502 1322; x_wconf 75' lang='lat' dir='ltr'>liv.</span> <span class='ocrx_word' id='word_1_63' title='bbox 519 1263 558 1323; x_wconf 84' lang='lat'>7):</span> 
     </span>
    </p>
   </div>
   <div class='ocr_carea' id='block_1_5' title="bbox 72 1393 1183 2412">
    <p class='ocr_par' dir='ltr' id='par_1_5' title="bbox 72 1393 1183 2412">
     <span class='ocr_line' id='line_1_9' title="bbox 72 1393 1179 1477; baseline 0.005 -22"><span class='ocrx_word' id='word_1_64' title='bbox 72 1414 121 1475; x_wconf 86' lang='lat' dir='ltr'>per</span> <span class='ocrx_word' id='word_1_65' title='bbox 142 1393 330 1456; x_wconf 88' lang='lat' dir='ltr'>Naziraeos</span> <span class='ocrx_word' id='word_1_66' title='bbox 357 1394 674 1474; x_wconf 83' lang='lat' dir='ltr'>repraesentabatur</span> <span class='ocrx_word' id='word_1_67' title='bbox 697 1394 861 1457; x_wconf 85' lang='lat' dir='ltr'>Dominus</span> <span class='ocrx_word' id='word_1_68' title='bbox 883 1396 995 1477; x_wconf 92' lang='lat' dir='ltr'>quoad</span> <span class='ocrx_word' id='word_1_69' title='bbox 1020 1396 1179 1461; x_wconf 90' lang='lat' dir='ltr'>Divinum</span> 
     </span>
     <span class='ocr_line' id='line_1_10' title="bbox 73 1484 1182 1569; baseline 0.004 -22"><span class='ocrx_word' id='word_1_70' title='bbox 73 1485 265 1547; x_wconf 74' lang='lat' dir='ltr'>Humanum</span> <span class='ocrx_word' id='word_1_71' title='bbox 285 1484 748 1564; x_wconf 67' lang='lat' dir='ltr'>(videatursupra.n66.196fin.);</span> <span class='ocrx_word' id='word_1_72' title='bbox 771 1506 875 1567; x_wconf 79' lang='lat' dir='ltr'>quare</span> <span class='ocrx_word' id='word_1_73' title='bbox 898 1488 1003 1548; x_wconf 77' lang='lat' dir='ltr'>ellam</span> <span class='ocrx_word' id='word_1_74' title='bbox 1026 1508 1086 1569; x_wconf 78' lang='lat' dir='ltr'>pel·</span> <span class='ocrx_word' id='word_1_75' title='bbox 1104 1487 1182 1552; x_wconf 76' lang='lat' dir='ltr'>lllOS</span> 
     </span>
     <span class='ocr_line' id='line_1_11' title="bbox 72 1574 1180 1657; baseline 0.004 -19"><span class='ocrx_word' id='word_1_76' title='bbox 72 1577 97 1638; x_wconf 87' lang='lat' dir='ltr'>in</span> <span class='ocrx_word' id='word_1_77' title='bbox 118 1597 220 1640; x_wconf 87' lang='lat' dir='ltr'>sensu</span> <span class='ocrx_word' id='word_1_78' title='bbox 239 1574 430 1657; x_wconf 70' lang='lat' dir='ltr'>respedlivo</span> <span class='ocrx_word' id='word_1_79' title='bbox 448 1575 700 1656; x_wconf 85' lang='lat' dir='ltr'>significabatur</span> <span class='ocrx_word' id='word_1_80' title='bbox 720 1578 845 1639; x_wconf 89' lang='lat' dir='ltr'>bonum</span> <span class='ocrx_word' id='word_1_81' title='bbox 869 1580 992 1641; x_wconf 86' lang='lat' dir='ltr'>amoris</span> <span class='ocrx_word' id='word_1_82' title='bbox 1012 1580 1180 1655; x_wconf 84' lang='lat' dir='ltr'>caelestis,</span> 
     </span>
     <span class='ocr_line' id='line_1_12' title="bbox 72 1670 1181 1755; baseline 0.003 -22"><span class='ocrx_word' id='word_1_83' title='bbox 72 1672 139 1753; x_wconf 86' lang='lat' dir='ltr'>quia</span> <span class='ocrx_word' id='word_1_84' title='bbox 154 1671 221 1734; x_wconf 88' lang='lat' dir='ltr'>hoc</span> <span class='ocrx_word' id='word_1_85' title='bbox 235 1671 361 1733; x_wconf 92' lang='lat' dir='ltr'>bonum</span> <span class='ocrx_word' id='word_1_86' title='bbox 378 1691 398 1731; x_wconf 87' lang='lat' dir='ltr'>a</span> <span class='ocrx_word' id='word_1_87' title='bbox 416 1671 540 1733; x_wconf 91' lang='lat' dir='ltr'>Divino</span> <span class='ocrx_word' id='word_1_88' title='bbox 558 1670 718 1734; x_wconf 88' lang='lat' dir='ltr'>Humano</span> <span class='ocrx_word' id='word_1_89' title='bbox 734 1671 871 1734; x_wconf 88' lang='lat' dir='ltr'>Domini</span> <span class='ocrx_word' id='word_1_90' title='bbox 890 1673 1085 1736; x_wconf 84' lang='lat' dir='ltr'>immediate</span> <span class='ocrx_word' id='word_1_91' title='bbox 1104 1695 1181 1755; x_wconf 94' lang='lat' dir='ltr'>pro·</span> 
     </span>
     <span class='ocr_line' id='line_1_13' title="bbox 72 1764 1180 1846; baseline 0.004 -19"><span class='ocrx_word' id='word_1_92' title='bbox 72 1766 175 1842; x_wconf 77' lang='lat' dir='ltr'>cedit3</span> <span class='ocrx_word' id='word_1_93' title='bbox 208 1766 536 1846; x_wconf 86' lang='lat' dir='ltr'>repraesentativum</span> <span class='ocrx_word' id='word_1_94' title='bbox 564 1764 634 1845; x_wconf 91' lang='lat' dir='ltr'>ejus</span> <span class='ocrx_word' id='word_1_95' title='bbox 661 1766 694 1826; x_wconf 92' lang='lat' dir='ltr'>in</span> <span class='ocrx_word' id='word_1_96' title='bbox 721 1765 865 1827; x_wconf 87' lang='lat' dir='ltr'>ecclesia</span> <span class='ocrx_word' id='word_1_97' title='bbox 892 1768 938 1828; x_wconf 91' lang='lat' dir='ltr'>ita</span> <span class='ocrx_word' id='word_1_98' title='bbox 963 1768 1180 1831; x_wconf 88' lang='lat' dir='ltr'>describitur:</span> 
     </span>
     <span class='ocr_line' id='line_1_14' title="bbox 72 1858 1181 1942; baseline 0.004 -22"><span class='ocrx_word' id='word_1_99' title='bbox 72 1879 178 1922; x_wconf 89' lang='lat' dir='ltr'>verum</span> <span class='ocrx_word' id='word_1_100' title='bbox 202 1859 292 1921; x_wconf 89' lang='lat' dir='ltr'>illius</span> <span class='ocrx_word' id='word_1_101' title='bbox 320 1860 398 1921; x_wconf 92' lang='lat' dir='ltr'>boni</span> <span class='ocrx_word' id='word_1_102' title='bbox 425 1858 632 1938; x_wconf 84' lang='lat' dir='ltr'>significatur</span> <span class='ocrx_word' id='word_1_103' title='bbox 658 1879 717 1941; x_wconf 90' lang='lat' dir='ltr'>per</span> <span class='ocrx_word' id='word_1_104' title='bbox 741 1859 836 1921; x_wconf 86' lang='lat' dir='ltr'>“albi</span> <span class='ocrx_word' id='word_1_105' title='bbox 862 1870 960 1922; x_wconf 89' lang='lat' dir='ltr'>erant</span> <span class='ocrx_word' id='word_1_106' title='bbox 988 1882 1067 1942; x_wconf 88' lang='lat' dir='ltr'>prae</span> <span class='ocrx_word' id='word_1_107' title='bbox 1094 1863 1181 1938; x_wconf 82' lang='lat' dir='ltr'>nive,</span> 
     </span>
     <span class='ocr_line' id='line_1_15' title="bbox 72 1951 1183 2034; baseline 0.005 -19"><span class='ocrx_word' id='word_1_108' title='bbox 72 1962 101 2016; x_wconf 88' lang='lat' dir='ltr'>et</span> <span class='ocrx_word' id='word_1_109' title='bbox 128 1953 266 2017; x_wconf 86' lang='lat' dir='ltr'>candidi</span> <span class='ocrx_word' id='word_1_110' title='bbox 296 1974 375 2034; x_wconf 86' lang='lat' dir='ltr'>prae</span> <span class='ocrx_word' id='word_1_111' title='bbox 405 1951 531 2028; x_wconf 60' lang='lat' dir='ltr'>lattes&#39;</span> <span class='ocrx_word' id='word_1_112' title='bbox 564 1973 603 2015; x_wconf 92' lang='lat' dir='ltr'>ac</span> <span class='ocrx_word' id='word_1_113' title='bbox 632 1954 758 2016; x_wconf 93' lang='lat' dir='ltr'>bonum</span> <span class='ocrx_word' id='word_1_114' title='bbox 786 1955 854 2015; x_wconf 90' lang='lat' dir='ltr'>veri</span> <span class='ocrx_word' id='word_1_115' title='bbox 886 1975 944 2034; x_wconf 86' lang='lat' dir='ltr'>per</span> <span class='ocrx_word' id='word_1_116' title='bbox 973 1956 1183 2021; x_wconf 72' lang='lat' dir='ltr'>urubuerunt</span> 
     </span>
     <span class='ocr_line' id='line_1_16' title="bbox 72 2046 1182 2129; baseline 0.004 -20"><span class='ocrx_word' id='word_1_117' title='bbox 72 2067 139 2109; x_wconf 86' lang='lat' dir='ltr'>ossa</span> <span class='ocrx_word' id='word_1_118' title='bbox 156 2068 239 2129; x_wconf 88' lang='lat' dir='ltr'>prae</span> <span class='ocrx_word' id='word_1_119' title='bbox 259 2046 477 2127; x_wconf 83' lang='lat' dir='ltr'>margaritis,“</span> <span class='ocrx_word' id='word_1_120' title='bbox 498 2047 625 2109; x_wconf 83' lang='lat' dir='ltr'>“ossa&#39;&#39;</span> <span class='ocrx_word' id='word_1_121' title='bbox 644 2049 733 2110; x_wconf 87' lang='lat' dir='ltr'>enim</span> <span class='ocrx_word' id='word_1_122' title='bbox 753 2047 944 2128; x_wconf 84' lang='lat' dir='ltr'>significant</span> <span class='ocrx_word' id='word_1_123' title='bbox 964 2070 1042 2111; x_wconf 88' lang='lat' dir='ltr'>vera</span> <span class='ocrx_word' id='word_1_124' title='bbox 1065 2051 1098 2111; x_wconf 91' lang='lat' dir='ltr'>in</span> <span class='ocrx_word' id='word_1_125' title='bbox 1121 2071 1182 2114; x_wconf 93' lang='lat' dir='ltr'>suo</span> 
     </span>
     <span class='ocr_line' id='line_1_17' title="bbox 73 2141 1182 2222; baseline 0.004 -18"><span class='ocrx_word' id='word_1_126' title='bbox 73 2141 193 2216; x_wconf 86' lang='lat' dir='ltr'>ultimo,</span> <span class='ocrx_word' id='word_1_127' title='bbox 216 2144 265 2206; x_wconf 87' lang='lat' dir='ltr'>ita</span> <span class='ocrx_word' id='word_1_128' title='bbox 289 2164 369 2205; x_wconf 87' lang='lat' dir='ltr'>vera</span> <span class='ocrx_word' id='word_1_129' title='bbox 394 2144 426 2204; x_wconf 92' lang='lat' dir='ltr'>in</span> <span class='ocrx_word' id='word_1_130' title='bbox 454 2142 546 2204; x_wconf 91' lang='lat' dir='ltr'>omni</span> <span class='ocrx_word' id='word_1_131' title='bbox 572 2142 766 2222; x_wconf 87' lang='lat' dir='ltr'>complexu,</span> <span class='ocrx_word' id='word_1_132' title='bbox 791 2162 868 2204; x_wconf 92' lang='lat' dir='ltr'>nam</span> <span class='ocrx_word' id='word_1_133' title='bbox 894 2144 927 2203; x_wconf 94' lang='lat' dir='ltr'>in</span> <span class='ocrx_word' id='word_1_134' title='bbox 955 2143 1080 2205; x_wconf 88' lang='lat' dir='ltr'>ultimis</span> <span class='ocrx_word' id='word_1_135' title='bbox 1104 2155 1182 2208; x_wconf 92' lang='lat' dir='ltr'>sunt</span> 
     </span>
     <span class='ocr_line' id='line_1_18' title="bbox 72 2236 1182 2319; baseline 0.003 -21"><span class='ocrx_word' id='word_1_136' title='bbox 72 2238 175 2298; x_wconf 89' lang='lat' dir='ltr'>omnia</span> <span class='ocrx_word' id='word_1_137' title='bbox 194 2236 292 2298; x_wconf 91' lang='lat' dir='ltr'>simul</span> <span class='ocrx_word' id='word_1_138' title='bbox 317 2247 352 2298; x_wconf 90' lang='lat' dir='ltr'>et</span> <span class='ocrx_word' id='word_1_139' title='bbox 371 2236 490 2317; x_wconf 90' lang='lat' dir='ltr'>plene;</span> <span class='ocrx_word' id='word_1_140' title='bbox 523 2237 613 2317; x_wconf 91' lang='lat' dir='ltr'>quod</span> <span class='ocrx_word' id='word_1_141' title='bbox 637 2236 695 2298; x_wconf 89' lang='lat' dir='ltr'>illa</span> <span class='ocrx_word' id='word_1_142' title='bbox 710 2257 753 2298; x_wconf 84' lang='lat' dir='ltr'>ex</span> <span class='ocrx_word' id='word_1_143' title='bbox 779 2237 869 2298; x_wconf 95' lang='lat' dir='ltr'>bono</span> <span class='ocrx_word' id='word_1_144' title='bbox 892 2238 970 2309; x_wconf 86' lang='lat' dir='ltr'>sint,</span> <span class='ocrx_word' id='word_1_145' title='bbox 991 2247 1025 2299; x_wconf 89' lang='lat' dir='ltr'>et</span> <span class='ocrx_word' id='word_1_146' title='bbox 1050 2236 1182 2319; x_wconf 88' lang='lat' dir='ltr'>quoque</span> 
     </span>
     <span class='ocr_line' id='line_1_19' title="bbox 72 2329 1104 2412; baseline 0.001 -20"><span class='ocrx_word' id='word_1_147' title='bbox 72 2330 162 2405; x_wconf 79' lang='lat' dir='ltr'>bona,</span> <span class='ocrx_word' id='word_1_148' title='bbox 182 2329 392 2411; x_wconf 84' lang='lat' dir='ltr'>significatur</span> <span class='ocrx_word' id='word_1_149' title='bbox 410 2350 469 2411; x_wconf 84' lang='lat' dir='ltr'>per</span> <span class='ocrx_word' id='word_1_150' title='bbox 489 2330 726 2393; x_wconf 75' lang='lat' dir='ltr'>“rubuerunt&#39;&#39;</span> <span class='ocrx_word' id='word_1_151' title='bbox 770 2330 875 2412; x_wconf 91' lang='lat' dir='ltr'>Apud</span> <span class='ocrx_word' id='word_1_152' title='bbox 895 2330 1104 2406; x_wconf 78' lang='lat' dir='ltr'>Saclrnriam,</span> 
     </span>
    </p>
   </div>
   <div class='ocr_carea' id='block_1_6' title="bbox 114 2462 1183 2657">
    <p class='ocr_par' dir='ltr' id='par_1_6' title="bbox 114 2462 1183 2657">
     <span class='ocr_line' id='line_1_20' title="bbox 114 2462 1183 2526; baseline 0.002 -14"><span class='ocrx_word' id='word_1_153' title='bbox 114 2463 200 2512; x_wconf 84' lang='lat' dir='ltr'>“Vidi</span> <span class='ocrx_word' id='word_1_154' title='bbox 219 2473 335 2526; x_wconf 88' lang='lat' dir='ltr'>quatuor</span> <span class='ocrx_word' id='word_1_155' title='bbox 345 2477 437 2511; x_wconf 88' lang='lat' dir='ltr'>currus</span> <span class='ocrx_word' id='word_1_156' title='bbox 450 2471 579 2511; x_wconf 85' lang='lat' dir='ltr'>exeuntes</span> <span class='ocrx_word' id='word_1_157' title='bbox 598 2462 667 2510; x_wconf 89' lang='lat' dir='ltr'>inter</span> <span class='ocrx_word' id='word_1_158' title='bbox 679 2472 829 2511; x_wconf 83' lang='lat' dir='ltr'>montes...</span> <span class='ocrx_word' id='word_1_159' title='bbox 841 2464 937 2516; x_wconf 68' lang='lat' dir='ltr'>aeris:</span> <span class='ocrx_word' id='word_1_160' title='bbox 960 2464 986 2511; x_wconf 90' lang='lat' dir='ltr'>in</span> <span class='ocrx_word' id='word_1_161' title='bbox 1005 2479 1083 2512; x_wconf 89' lang='lat' dir='ltr'>curru</span> <span class='ocrx_word' id='word_1_162' title='bbox 1095 2465 1183 2526; x_wconf 85' lang='lat' dir='ltr'>primo</span> 
     </span>
     <span class='ocr_line' id='line_1_21' title="bbox 191 2528 1179 2591; baseline 0.003 -14"><span class='ocrx_word' id='word_1_163' title='bbox 191 2529 255 2591; x_wconf 85' lang='lat' dir='ltr'>equi</span> <span class='ocrx_word' id='word_1_164' title='bbox 273 2528 331 2582; x_wconf 80' lang='lat' dir='ltr'>rufi.</span> <span class='ocrx_word' id='word_1_165' title='bbox 346 2529 372 2575; x_wconf 89' lang='lat' dir='ltr'>in</span> <span class='ocrx_word' id='word_1_166' title='bbox 387 2543 464 2576; x_wconf 88' lang='lat' dir='ltr'>curru</span> <span class='ocrx_word' id='word_1_167' title='bbox 478 2528 596 2577; x_wconf 85' lang='lat' dir='ltr'>secundo</span> <span class='ocrx_word' id='word_1_168' title='bbox 609 2529 670 2590; x_wconf 89' lang='lat' dir='ltr'>equi</span> <span class='ocrx_word' id='word_1_169' title='bbox 688 2529 766 2589; x_wconf 83' lang='lat' dir='ltr'>nigri,</span> <span class='ocrx_word' id='word_1_170' title='bbox 783 2529 822 2577; x_wconf 92' lang='lat' dir='ltr'>in.</span> <span class='ocrx_word' id='word_1_171' title='bbox 834 2530 940 2576; x_wconf 91' lang='lat' dir='ltr'>..tertio</span> <span class='ocrx_word' id='word_1_172' title='bbox 954 2530 1014 2591; x_wconf 87' lang='lat' dir='ltr'>equi</span> <span class='ocrx_word' id='word_1_173' title='bbox 1028 2530 1090 2586; x_wconf 85' lang='lat' dir='ltr'>albi,</span> <span class='ocrx_word' id='word_1_174' title='bbox 1105 2531 1145 2580; x_wconf 87' lang='lat' dir='ltr'>in.</span> <span class='ocrx_word' id='word_1_175' title='bbox 1155 2566 1179 2581; x_wconf 91' lang='lat'>..</span> 
     </span>
     <span class='ocr_line' id='line_1_22' title="bbox 192 2590 881 2657; baseline 0 -15"><span class='ocrx_word' id='word_1_176' title='bbox 192 2603 289 2657; x_wconf 86' lang='lat' dir='ltr'>quarto</span> <span class='ocrx_word' id='word_1_177' title='bbox 300 2594 362 2656; x_wconf 89' lang='lat' dir='ltr'>equi</span> <span class='ocrx_word' id='word_1_178' title='bbox 373 2594 534 2655; x_wconf 79' lang='lat' dir='ltr'>grandinati,</span> <span class='ocrx_word' id='word_1_179' title='bbox 549 2593 650 2641; x_wconf 87' lang='lat' dir='ltr'>robusti</span> <span class='ocrx_word' id='word_1_180' title='bbox 659 2592 672 2610; x_wconf 87' lang='grc'>”</span> <span class='ocrx_word' id='word_1_181' title='bbox 685 2594 729 2653; x_wconf 89' lang='lat' dir='ltr'>(vi.</span> <span class='ocrx_word' id='word_1_182' title='bbox 745 2606 765 2651; x_wconf 80' lang='grc' dir='ltr'>ι,</span> <span class='ocrx_word' id='word_1_183' title='bbox 778 2591 815 2657; x_wconf 86' lang='lat'>2[.</span> <span class='ocrx_word' id='word_1_184' title='bbox 827 2590 881 2656; x_wconf 81' lang='lat'><strong>3]):</strong></span> 
     </span>
    </p>
   </div>
   <div class='ocr_carea' id='block_1_7' title="bbox 68 2723 1183 3462">
    <p class='ocr_par' dir='ltr' id='par_1_7' title="bbox 68 2723 1183 3462">
     <span class='ocr_line' id='line_1_23' title="bbox 70 2723 1181 2808; baseline 0.001 -21"><span class='ocrx_word' id='word_1_185' title='bbox 70 2725 151 2806; x_wconf 91' lang='lat' dir='ltr'>quod</span> <span class='ocrx_word' id='word_1_186' title='bbox 168 2746 229 2808; x_wconf 88' lang='lat' dir='ltr'>per</span> <span class='ocrx_word' id='word_1_187' title='bbox 246 2730 382 2807; x_wconf 85' lang='lat' dir='ltr'>“equos</span> <span class='ocrx_word' id='word_1_188' title='bbox 398 2725 486 2787; x_wconf 80' lang='lat' dir='ltr'>rufos</span> <span class='ocrx_word' id='word_1_189' title='bbox 495 2724 510 2748; x_wconf 89' lang='grc'>”</span> <span class='ocrx_word' id='word_1_190' title='bbox 522 2724 575 2787; x_wconf 91' lang='lat' dir='ltr'>hic</span> <span class='ocrx_word' id='word_1_191' title='bbox 592 2745 724 2806; x_wconf 91' lang='lat' dir='ltr'>quoque</span> <span class='ocrx_word' id='word_1_192' title='bbox 741 2723 948 2805; x_wconf 83' lang='lat' dir='ltr'>significetur</span> <span class='ocrx_word' id='word_1_193' title='bbox 963 2725 1062 2806; x_wconf 87' lang='lat' dir='ltr'>quale</span> <span class='ocrx_word' id='word_1_194' title='bbox 1081 2724 1181 2788; x_wconf 88' lang='lat' dir='ltr'>intel·</span> 
     </span>
     <span class='ocr_line' id='line_1_24' title="bbox 70 2817 1183 2903; baseline 0.004 -22"><span class='ocrx_word' id='word_1_195' title='bbox 70 2817 169 2884; x_wconf 75' lang='lat' dir='ltr'>lellus</span> <span class='ocrx_word' id='word_1_196' title='bbox 185 2821 299 2902; x_wconf 87' lang='lat' dir='ltr'>quoad</span> <span class='ocrx_word' id='word_1_197' title='bbox 316 2820 441 2881; x_wconf 91' lang='lat' dir='ltr'>bonum</span> <span class='ocrx_word' id='word_1_198' title='bbox 461 2821 493 2880; x_wconf 92' lang='lat' dir='ltr'>in</span> <span class='ocrx_word' id='word_1_199' title='bbox 514 2821 686 2900; x_wconf 90' lang='lat' dir='ltr'>principio,</span> <span class='ocrx_word' id='word_1_200' title='bbox 703 2840 762 2900; x_wconf 85' lang='lat' dir='ltr'>per</span> <span class='ocrx_word' id='word_1_201' title='bbox 779 2827 914 2901; x_wconf 77' lang='lat' dir='ltr'>“equos</span> <span class='ocrx_word' id='word_1_202' title='bbox 931 2822 1045 2901; x_wconf 85' lang='lat' dir='ltr'>nigros</span> <span class='ocrx_word' id='word_1_203' title='bbox 1053 2821 1067 2843; x_wconf 92' lang='grc'><em>”</em></span> <span class='ocrx_word' id='word_1_204' title='bbox 1083 2820 1183 2903; x_wconf 74' lang='lat' dir='ltr'>quale</span> 
     </span>
     <span class='ocr_line' id='line_1_25' title="bbox 69 2912 1181 2996; baseline 0.002 -20"><span class='ocrx_word' id='word_1_205' title='bbox 69 2912 255 2978; x_wconf 62' lang='lat' dir='ltr'>intelleftus</span> <span class='ocrx_word' id='word_1_206' title='bbox 279 2915 390 2996; x_wconf 89' lang='lat' dir='ltr'>quoad</span> <span class='ocrx_word' id='word_1_207' title='bbox 414 2934 528 2976; x_wconf 89' lang='lat' dir='ltr'>verum</span> <span class='ocrx_word' id='word_1_208' title='bbox 559 2915 592 2975; x_wconf 95' lang='lat' dir='ltr'>in</span> <span class='ocrx_word' id='word_1_209' title='bbox 620 2915 792 2995; x_wconf 82' lang='lat' dir='ltr'>principie,</span> <span class='ocrx_word' id='word_1_210' title='bbox 817 2935 876 2996; x_wconf 90' lang='lat' dir='ltr'>per</span> <span class='ocrx_word' id='word_1_211' title='bbox 900 2921 1033 2996; x_wconf 82' lang='lat' dir='ltr'>“equos</span> <span class='ocrx_word' id='word_1_212' title='bbox 1060 2914 1181 2978; x_wconf 86' lang='lat' dir='ltr'>albos”</span> 
     </span>
     <span class='ocr_line' id='line_1_26' title="bbox 69 3007 1182 3090; baseline -0.002 -18"><span class='ocrx_word' id='word_1_213' title='bbox 69 3009 159 3090; x_wconf 87' lang='lat' dir='ltr'>quale</span> <span class='ocrx_word' id='word_1_214' title='bbox 187 3007 383 3072; x_wconf 65' lang='lat' dir='ltr'>intelledtus</span> <span class='ocrx_word' id='word_1_215' title='bbox 409 3008 519 3089; x_wconf 90' lang='lat' dir='ltr'>quoad</span> <span class='ocrx_word' id='word_1_216' title='bbox 544 3027 659 3069; x_wconf 89' lang='lat' dir='ltr'>verum</span> <span class='ocrx_word' id='word_1_217' title='bbox 684 3019 814 3090; x_wconf 86' lang='lat' dir='ltr'>postea,</span> <span class='ocrx_word' id='word_1_218' title='bbox 840 3029 899 3090; x_wconf 89' lang='lat' dir='ltr'>per</span> <span class='ocrx_word' id='word_1_219' title='bbox 924 3015 1056 3090; x_wconf 84' lang='lat' dir='ltr'>“equos</span> <span class='ocrx_word' id='word_1_220' title='bbox 1079 3018 1182 3090; x_wconf 52' lang='lat' dir='ltr'>gran*</span> 
     </span>
     <span class='ocr_line' id='line_1_27' title="bbox 69 3098 1180 3185; baseline 0.003 -22"><span class='ocrx_word' id='word_1_221' title='bbox 69 3103 222 3167; x_wconf 90' lang='lat' dir='ltr'>dinatos”</span> <span class='ocrx_word' id='word_1_222' title='bbox 241 3101 340 3185; x_wconf 88' lang='lat' dir='ltr'>quale</span> <span class='ocrx_word' id='word_1_223' title='bbox 363 3098 556 3163; x_wconf 61' lang='lat' dir='ltr'>intelledtus</span> <span class='ocrx_word' id='word_1_224' title='bbox 580 3102 691 3183; x_wconf 90' lang='lat' dir='ltr'>quoad</span> <span class='ocrx_word' id='word_1_225' title='bbox 711 3123 826 3164; x_wconf 90' lang='lat' dir='ltr'>verum</span> <span class='ocrx_word' id='word_1_226' title='bbox 849 3114 885 3164; x_wconf 89' lang='lat' dir='ltr'>et</span> <span class='ocrx_word' id='word_1_227' title='bbox 906 3103 1029 3164; x_wconf 93' lang='lat' dir='ltr'>bonum</span> <span class='ocrx_word' id='word_1_228' title='bbox 1049 3116 1180 3184; x_wconf 79' lang='lat' dir='ltr'>postea,</span> 
     </span>
     <span class='ocr_line' id='line_1_28' title="bbox 69 3196 1181 3280; baseline 0.001 -21"><span class='ocrx_word' id='word_1_229' title='bbox 69 3209 99 3261; x_wconf 90' lang='lat' dir='ltr'>et</span> <span class='ocrx_word' id='word_1_230' title='bbox 121 3218 182 3280; x_wconf 90' lang='lat' dir='ltr'>per</span> <span class='ocrx_word' id='word_1_231' title='bbox 202 3196 413 3261; x_wconf 85' lang='lat' dir='ltr'>“robustos&#39;’</span> <span class='ocrx_word' id='word_1_232' title='bbox 432 3197 529 3277; x_wconf 89' lang='lat' dir='ltr'>quale</span> <span class='ocrx_word' id='word_1_233' title='bbox 549 3197 618 3277; x_wconf 89' lang='lat' dir='ltr'>ejus</span> <span class='ocrx_word' id='word_1_234' title='bbox 641 3197 718 3259; x_wconf 88' lang='lat' dir='ltr'>inde</span> <span class='ocrx_word' id='word_1_235' title='bbox 738 3197 850 3278; x_wconf 89' lang='lat' dir='ltr'>quoad</span> <span class='ocrx_word' id='word_1_236' title='bbox 869 3199 1058 3278; x_wconf 88' lang='lat' dir='ltr'>potentiam</span> <span class='ocrx_word' id='word_1_237' title='bbox 1083 3199 1181 3260; x_wconf 84' lang='lat' dir='ltr'>resis-</span> 
     </span>
     <span class='ocr_line' id='line_1_29' title="bbox 68 3287 1181 3369; baseline 0 -19"><span class='ocrx_word' id='word_1_238' title='bbox 68 3291 156 3352; x_wconf 85' lang='lat' dir='ltr'>tendi</span> <span class='ocrx_word' id='word_1_239' title='bbox 179 3288 275 3352; x_wconf 81' lang='lat' dir='ltr'>falsis</span> <span class='ocrx_word' id='word_1_240' title='bbox 297 3298 333 3350; x_wconf 87' lang='lat' dir='ltr'>et</span> <span class='ocrx_word' id='word_1_241' title='bbox 358 3288 468 3362; x_wconf 88' lang='lat' dir='ltr'>malis,</span> <span class='ocrx_word' id='word_1_242' title='bbox 492 3289 649 3350; x_wconf 88' lang='lat' dir='ltr'>videatur</span> <span class='ocrx_word' id='word_1_243' title='bbox 671 3309 773 3369; x_wconf 89' lang='lat' dir='ltr'>supra</span> <span class='ocrx_word' id='word_1_244' title='bbox 799 3305 833 3359; x_wconf 83' lang='lat' dir='ltr'>(n.</span> <span class='ocrx_word' id='word_1_245' title='bbox 847 3303 968 3367; x_wconf 71' lang='lat' dir='ltr'>355[i])‚</span> <span class='ocrx_word' id='word_1_246' title='bbox 989 3289 1044 3350; x_wconf 93' lang='lat' dir='ltr'>ubi</span> <span class='ocrx_word' id='word_1_247' title='bbox 1067 3287 1181 3352; x_wconf 67' lang='lat' dir='ltr'>adium</span> 
     </span>
     <span class='ocr_line' id='line_1_30' title="bbox 68 3365 1181 3462; baseline -0.001 -19"><span class='ocrx_word' id='word_1_248' title='bbox 68 3393 113 3444; x_wconf 86' lang='lat' dir='ltr'>est</span> <span class='ocrx_word' id='word_1_249' title='bbox 129 3383 172 3445; x_wconf 94' lang='lat' dir='ltr'>de</span> <span class='ocrx_word' id='word_1_250' title='bbox 185 3365 433 3461; x_wconf 72' lang='lat' dir='ltr'>significatione</span> <span class='ocrx_word' id='word_1_251' title='bbox 448 3386 467 3411; x_wconf 87' lang='lat'>‘¹</span> <span class='ocrx_word' id='word_1_252' title='bbox 478 3379 583 3462; x_wconf 89' lang='lat' dir='ltr'>equi.”</span> <span class='ocrx_word' id='word_1_253' title='bbox 628 3380 738 3442; x_wconf 89' lang='lat' dir='ltr'>Paene</span> <span class='ocrx_word' id='word_1_254' title='bbox 753 3380 861 3442; x_wconf 89' lang='lat' dir='ltr'>simile</span> <span class='ocrx_word' id='word_1_255' title='bbox 877 3381 1076 3460; x_wconf 84' lang='lat' dir='ltr'>intelligitur</span> <span class='ocrx_word' id='word_1_256' title='bbox 1092 3382 1181 3462; x_wconf 90' lang='lat' dir='ltr'>apud</span> 
     </span>
    </p>
   </div>
   <div class='ocr_carea' id='block_1_8' title="bbox 68 3477 284 3557">
    <p class='ocr_par' dir='ltr' id='par_1_8' title="bbox 68 3477 284 3557">
     <span class='ocr_line' id='line_1_31' title="bbox 68 3477 284 3557; baseline -0.005 -19"><span class='ocrx_word' id='word_1_257' title='bbox 68 3477 207 3539; x_wconf 87' lang='lat' dir='ltr'>eundem</span> <span class='ocrx_word' id='word_1_258' title='bbox 224 3496 284 3557; x_wconf 88' lang='lat' dir='ltr'>per</span> 
     </span>
    </p>
   </div>
   <div class='ocr_carea' id='block_1_9' title="bbox 143 3608 1093 3672">
    <p class='ocr_par' dir='ltr' id='par_1_9' title="bbox 143 3608 1093 3672">
     <span class='ocr_line' id='line_1_32' title="bbox 143 3608 1093 3672; baseline 0 -14"><span class='ocrx_word' id='word_1_259' title='bbox 143 3609 249 3672; x_wconf 83' lang='lat' dir='ltr'>Equum</span> <span class='ocrx_word' id='word_1_260' title='bbox 263 3608 360 3664; x_wconf 82' lang='lat' dir='ltr'>rutum.</span> <span class='ocrx_word' id='word_1_261' title='bbox 374 3622 456 3670; x_wconf 74' lang='lat' dir='ltr'>super</span> <span class='ocrx_word' id='word_1_262' title='bbox 467 3623 520 3671; x_wconf 90' lang='lat' dir='ltr'>quo</span> <span class='ocrx_word' id='word_1_263' title='bbox 532 3608 661 3672; x_wconf 81' lang='lat' dir='ltr'>equitavit</span> <span class='ocrx_word' id='word_1_264' title='bbox 672 3608 721 3665; x_wconf 81' lang='lat' dir='ltr'>vir.</span> <span class='ocrx_word' id='word_1_265' title='bbox 736 3617 813 3656; x_wconf 83' lang='lat' dir='ltr'>stans</span> <span class='ocrx_word' id='word_1_266' title='bbox 825 3608 895 3656; x_wconf 87' lang='lat' dir='ltr'>inter</span> <span class='ocrx_word' id='word_1_267' title='bbox 906 3617 1010 3670; x_wconf 86' lang='lat' dir='ltr'>myrtos</span> <span class='ocrx_word' id='word_1_268' title='bbox 1022 3608 1049 3668; x_wconf 74' lang='lat' dir='ltr'>(i.</span> <span class='ocrx_word' id='word_1_269' title='bbox 1060 3609 1093 3670; x_wconf 82' lang='grc'>8).</span> 
     </span>
    </p>
   </div>
   <div class='ocr_carea' id='block_1_10' title="bbox 70 3745 1181 3924">
    <p class='ocr_par' dir='ltr' id='par_1_10' title="bbox 70 3745 1181 3924">
     <span class='ocr_line' id='line_1_33' title="bbox 71 3745 1181 3830; baseline -0.001 -18"><span class='ocrx_word' id='word_1_270' title='bbox 71 3745 231 3830; x_wconf 88' lang='lat' dir='ltr'>Quoniam</span> <span class='ocrx_word' id='word_1_271' title='bbox 251 3769 311 3830; x_wconf 91' lang='lat' dir='ltr'>per</span> <span class='ocrx_word' id='word_1_272' title='bbox 331 3749 494 3811; x_wconf 87' lang='lat' dir='ltr'>“rubrum</span> <span class='ocrx_word' id='word_1_273' title='bbox 503 3747 518 3773; x_wconf 89' lang='lat'>&#39;’</span> <span class='ocrx_word' id='word_1_274' title='bbox 537 3768 596 3811; x_wconf 89' lang='lat' dir='ltr'>seu</span> <span class='ocrx_word' id='word_1_275' title='bbox 617 3747 774 3810; x_wconf 83' lang='lat' dir='ltr'>“rusum’&#39;</span> <span class='ocrx_word' id='word_1_276' title='bbox 790 3746 999 3829; x_wconf 88' lang='lat' dir='ltr'>significatur</span> <span class='ocrx_word' id='word_1_277' title='bbox 1016 3747 1115 3829; x_wconf 86' lang='lat' dir='ltr'>quale</span> <span class='ocrx_word' id='word_1_278' title='bbox 1134 3749 1181 3811; x_wconf 89' lang='lat' dir='ltr'>rei</span> 
     </span>
     <span class='ocr_line' id='line_1_34' title="bbox 70 3844 428 3924; baseline -0.006 -17"><span class='ocrx_word' id='word_1_279' title='bbox 70 3845 172 3924; x_wconf 88' lang='lat' dir='ltr'>quoad</span> <span class='ocrx_word' id='word_1_280' title='bbox 191 3844 330 3918; x_wconf 84' lang='lat' dir='ltr'>bonum,</span> <span class='ocrx_word' id='word_1_281' title='bbox 350 3844 428 3905; x_wconf 90' lang='lat' dir='ltr'>ideo</span> 
     </span>
    </p>
   </div>
   <div class='ocr_carea' id='block_1_11' title="bbox 111 3975 1180 4106">
    <p class='ocr_par' dir='ltr' id='par_1_11' title="bbox 111 3975 1180 4106">
     <span class='ocr_line' id='line_1_35' title="bbox 111 3975 1180 4041; baseline -0.003 -12"><span class='ocrx_word' id='word_1_282' title='bbox 111 3978 162 4028; x_wconf 88' lang='lat' dir='ltr'>Pro</span> <span class='ocrx_word' id='word_1_283' title='bbox 174 3987 334 4041; x_wconf 77' lang='lat' dir='ltr'>tegumento</span> <span class='ocrx_word' id='word_1_284' title='bbox 343 3992 424 4039; x_wconf 86' lang='lat' dir='ltr'>super</span> <span class='ocrx_word' id='word_1_285' title='bbox 432 3977 562 4025; x_wconf 84' lang='lat' dir='ltr'>Tentorio</span> <span class='ocrx_word' id='word_1_286' title='bbox 574 3985 650 4027; x_wconf 85' lang='lat' dir='ltr'>erant</span> <span class='ocrx_word' id='word_1_287' title='bbox 663 3977 746 4040; x_wconf 84' lang='lat' dir='ltr'>pelles</span> <span class='ocrx_word' id='word_1_288' title='bbox 755 3978 869 4026; x_wconf 84' lang='lat' dir='ltr'>arietum</span> <span class='ocrx_word' id='word_1_289' title='bbox 882 3977 1001 4026; x_wconf 79' lang='lat' dir='ltr'>tutorum</span> <span class='ocrx_word' id='word_1_290' title='bbox 1013 3975 1106 4033; x_wconf 81' lang='lat' dir='ltr'>(Exod.</span> <span class='ocrx_word' id='word_1_291' title='bbox 1116 3991 1180 4030; x_wconf 81' lang='lat' dir='ltr'>xxv.</span> 
     </span>
     <span class='ocr_line' id='line_1_36' title="bbox 191 4043 649 4106; baseline 0.002 -14"><span class='ocrx_word' id='word_1_292' title='bbox 191 4057 204 4105; x_wconf 80' lang='lat'><strong>5</strong></span> <span class='ocrx_word' id='word_1_293' title='bbox 214 4059 221 4104; x_wconf 84' lang='lat'><strong>;</strong></span> <span class='ocrx_word' id='word_1_294' title='bbox 239 4058 298 4106; x_wconf 86' lang='lat' dir='ltr'>cap.</span> <span class='ocrx_word' id='word_1_295' title='bbox 308 4043 382 4092; x_wconf 82' lang='lat' dir='ltr'>xxvi.</span> <span class='ocrx_word' id='word_1_296' title='bbox 394 4055 440 4102; x_wconf 80' lang='lat'>14;</span> <span class='ocrx_word' id='word_1_297' title='bbox 457 4057 515 4105; x_wconf 87' lang='lat' dir='ltr'>cap.</span> <span class='ocrx_word' id='word_1_298' title='bbox 525 4057 606 4092; x_wconf 80' lang='lat' dir='ltr'>xxxv.</span> <span class='ocrx_word' id='word_1_299' title='bbox 616 4043 649 4104; x_wconf 88' lang='lat'>7).</span> 
     </span>
    </p>
   </div>
   <div class='ocr_carea' id='block_1_12' title="bbox 72 4154 357 4243">
    <p class='ocr_par' dir='ltr' id='par_1_12' title="bbox 72 4154 357 4243">
     <span class='ocr_line' id='line_1_37' title="bbox 72 4154 357 4243; baseline 0.004 -24"><span class='ocrx_word' id='word_1_300' title='bbox 72 4154 110 4222; x_wconf 81' lang='lat' dir='ltr'>Et</span> <span class='ocrx_word' id='word_1_301' title='bbox 124 4179 258 4243; x_wconf 87' lang='lat' dir='ltr'>quoque</span> <span class='ocrx_word' id='word_1_302' title='bbox 277 4159 357 4221; x_wconf 90' lang='lat' dir='ltr'>ideo</span> 
     </span>
    </p>
   </div>
   <div class='ocr_carea' id='block_1_13' title="bbox 111 4270 1182 4400">
    <p class='ocr_par' dir='ltr' id='par_1_13' title="bbox 111 4270 1182 4400">
     <span class='ocr_line' id='line_1_38' title="bbox 111 4270 1182 4339; baseline 0 -16"><span class='ocrx_word' id='word_1_303' title='bbox 111 4272 187 4339; x_wconf 79' lang='lat' dir='ltr'>Aqua</span> <span class='ocrx_word' id='word_1_304' title='bbox 198 4272 389 4337; x_wconf 78' lang='lat' dir='ltr'>separationis,</span> <span class='ocrx_word' id='word_1_305' title='bbox 401 4287 537 4335; x_wconf 84' lang='lat' dir='ltr'>perquam</span> <span class='ocrx_word' id='word_1_306' title='bbox 550 4273 756 4330; x_wconf 79' lang='lat' dir='ltr'>mundabantur,</span> <span class='ocrx_word' id='word_1_307' title='bbox 769 4270 841 4322; x_wconf 69' lang='lat' dir='ltr'>taeta</span> <span class='ocrx_word' id='word_1_308' title='bbox 852 4282 894 4322; x_wconf 82' lang='lat' dir='ltr'>est</span> <span class='ocrx_word' id='word_1_309' title='bbox 905 4288 940 4322; x_wconf 84' lang='lat' dir='ltr'>ex</span> <span class='ocrx_word' id='word_1_310' title='bbox 951 4274 1092 4323; x_wconf 80' lang='lat' dir='ltr'>combusta</span> <span class='ocrx_word' id='word_1_311' title='bbox 1100 4286 1182 4323; x_wconf 72' lang='lat' dir='ltr'>vacca</span> 
     </span>
     <span class='ocr_line' id='line_1_39' title="bbox 188 4338 523 4400; baseline -0.006 -10"><span class='ocrx_word' id='word_1_312' title='bbox 188 4339 249 4390; x_wconf 70' lang='lat' dir='ltr'>nita</span> <span class='ocrx_word' id='word_1_313' title='bbox 260 4338 357 4400; x_wconf 82' lang='lat' dir='ltr'>(Num.</span> <span class='ocrx_word' id='word_1_314' title='bbox 368 4338 421 4388; x_wconf 83' lang='lat' dir='ltr'>xix.</span> <span class='ocrx_word' id='word_1_315' title='bbox 435 4340 523 4400; x_wconf 82' lang='lat'>1-10):</span> 
     </span>
    </p>
   </div>
   <div class='ocr_carea' id='block_1_14' title="bbox 70 4468 1176 4552">
    <p class='ocr_par' dir='ltr' id='par_1_14' title="bbox 70 4468 1176 4552">
     <span class='ocr_line' id='line_1_40' title="bbox 70 4468 1176 4552; baseline 0.001 -18"><span class='ocrx_word' id='word_1_316' title='bbox 70 4484 119 4548; x_wconf 84' lang='lat' dir='ltr'>per</span> <span class='ocrx_word' id='word_1_317' title='bbox 133 4477 305 4537; x_wconf 89' lang='lat' dir='ltr'>“vaccam</span> <span class='ocrx_word' id='word_1_318' title='bbox 324 4469 453 4534; x_wconf 84' lang='lat' dir='ltr'>rusam”</span> <span class='ocrx_word' id='word_1_319' title='bbox 470 4468 679 4552; x_wconf 84' lang='lat' dir='ltr'>significatur</span> <span class='ocrx_word' id='word_1_320' title='bbox 697 4470 823 4534; x_wconf 93' lang='lat' dir='ltr'>bonum</span> <span class='ocrx_word' id='word_1_321' title='bbox 842 4470 1004 4535; x_wconf 88' lang='lat' dir='ltr'>naturalis</span> <span class='ocrx_word' id='word_1_322' title='bbox 1020 4471 1176 4545; x_wconf 83' lang='lat' dir='ltr'>hominis.</span> 
     </span>
    </p>
   </div>
   <div class='ocr_carea' id='block_1_15' title="bbox 0 0 1362 4986">
    <p class='ocr_par' dir='ltr' id='par_1_15' title="bbox 0 0 1362 4986">
     <span class='ocr_line' id='line_1_41' title="bbox 0 0 1362 4986; baseline 0 1"><span class='ocrx_word' id='word_1_323' title='bbox 0 0 1362 4986; x_wconf 95' lang='lat' dir='ltr'> </span> 
     </span>
    </p>
   </div>
  </div>
 </body>
</html>
