2684 4988
380 484 786 554 cnr.v1.,vans.9.-ur.
804 469 929 556 392[a].
1151 471 1210 550 84¹

158 649 238 736 Se:—)
251 669 278 720 et
292 680 334 721 ex
351 657 600 739 significatione
618 656 864 730 “testimonii'‘
881 655 970 738 quod
988 655 1030 718 sit
1048 653 1215 718 confessio

156 746 246 813 Domini
259 763 288 814 et
306 753 382 833 lpse
400 751 576 821 Dominus,
593 751 634 813 de
650 771 715 832 qua
731 751 889 831 sequitur.
935 748 1036 830 Quod
1053 767 1113 831 per
1126 752 1214 811 “oc-

152 841 277 908 clsos”hic
294 843 530 927 intelligantur
545 845 593 906 illi
609 845 664 926 qui
681 841 795 924 rejecti
812 845 878 906 sint
895 864 914 905 a
930 843 1028 905 malis
1044 843 1214 924 spiritibus

149 944 172 996 et
180 938 259 1000 abditi
276 960 295 1001 a
312 939 472 1013 Domino,
490 959 548 1001 seu
564 938 607 1000 ab
623 937 728 1000 oculis
747 937 888 999 aliorum
905 938 1038 1008 semoti,
1056 946 1091 998 et
1107 956 1216 999 reser-

148 1032 192 1091 vati
204 1033 237 1092 ad
251 1033 337 1095 diem
353 1031 463 1095 ultimi
480 1031 603 1112 judicii,
621 1041 778 1093 constare
798 1039 913 1111 potest
933 1050 978 1091 ex
997 1030 1062 1091 illis
1078 1050 1163 1110 quae
1182 1030 1216 1091 in

145 1127 261 1204 superiori
273 1124 416 1188 articulo
428 1122 518 1188 dicta
531 1135 621 1199 sunt,
637 1134 672 1187 et
685 1144 816 1206 quoque
829 1144 874 1185 ex
891 1122 956 1185 illis
968 1143 1053 1204 quae
1070 1143 1216 1204 sequun-

144 1220 218 1280 tuin
243 1221 327 1281 binis
354 1220 506 1281 versibus
533 1219 709 1300 inquibus
736 1218 833 1280 unice
861 1217 903 1278 de
930 1216 995 1278 illis
1021 1217 1151 1296 agitur:
1183 1216 1215 1279 in

140 1315 259 1392 superiori
286 1313 431 1376 articulo
458 1311 584 1376 dilium
612 1323 664 1375 est
688 1312 777 1393 quod
803 1313 921 1393 “prius
949 1311 1104 1374 caelum”
1125 1311 1216 1395 quod

139 1407 267 1478 transivit,
281 1408 476 1469 constiterit
489 1427 533 1468 ex
547 1406 679 1488 illisqui
696 1405 870 1468 moraliter
882 1406 1040 1468 vixerunt
1054 1406 1086 1466 in
1099 1415 1216 1468 exter-

135 1497 177 1568 nis,
187 1501 238 1562 sed
250 1521 353 1582 usque
368 1521 435 1563 non
450 1500 640 1582 spirituales
654 1493 768 1562 verum
783 1520 874 1562 mere
888 1500 1059 1562 naturales
1072 1499 1215 1572 luerunt,

132 1607 175 1654 seu
191 1595 239 1676 qui
261 1596 367 1656 vitam
391 1596 485 1676 quasi
513 1593 720 1676 spiritualem
745 1604 888 1674 egerunt
917 1594 1026 1656 solum
1049 1614 1094 1655 ex
1116 1592 1217 1655 affec·

129 1685 201 1750 tione
218 1708 272 1750 seu
292 1708 407 1750 amore
430 1688 550 1762 lamae,
571 1688 719 1761 honoris,
740 1688 879 1768 gloriae,
901 1686 992 1761 lucri,
1014 1688 1060 1749 ita
1079 1696 1218 1767 propter

126 1784 336 1862 apparentiam
349 1804 357 1858 ;
375 1782 409 1846 hi
420 1785 559 1845 tametsi
568 1784 707 1845 interius
718 1783 796 1844 mali
810 1782 953 1855 fuerunt,
968 1803 1069 1863 usque
1081 1780 1217 1844 tolerati

122 1887 198 1949 sunt,
224 1887 257 1939 et
287 1878 538 1939 constituerunt
569 1877 754 1938 societates
783 1877 816 1938 in
848 1875 930 1937 locis
959 1875 1155 1938 editioribus
1185 1875 1218 1936 in

124 1971 233 2032 mundo
259 1970 431 2051 spirituali.
487 1969 563 2033 Hae
591 1971 774 2033 societates
802 1970 899 2031 simul
928 1980 1082 2051 sumptae
1108 1967 1218 2031 dictae

121 2057 238 2126 fuerunt
257 2064 407 2138 caelum·
417 2065 477 2126 sed
498 2065 614 2145 “prius
634 2063 788 2127 caelum'’
804 2064 894 2145 quod
914 2075 1034 2145 postea
1054 2064 1219 2126 transivit.

123 2150 195 2218 Inde
208 2155 328 2220 lactum
345 2168 398 2219 est
411 2158 501 2239 quod
519 2177 638 2219 omnes
653 2157 700 2219 illi
717 2159 771 2238 qui
788 2157 980 2238 spirituales
996 2157 1137 2228 luerunt,
1154 2156 1219 2219 hoc
1279 2148 1286 2168 “

121 2260 180 2320 est,
194 2270 254 2313 non
274 2251 383 2314 solum
401 2252 552 2314 exterius
568 2252 627 2313 sed
647 2253 750 2313 etiam
767 2252 906 2314 interius
925 2252 1015 2323 boni,
1034 2271 1101 2314 non
1121 2251 1220 2314 simul

124 2345 275 2407 cumillis
302 2355 377 2407 ess'e
405 2346 588 2426 potuerint,
613 2345 672 2408 sed
699 2346 743 2407 ab
765 2345 830 2406 illis
854 2346 1057 2407 secesserint
1080 2345 1134 2408 vel
1161 2365 1221 2408 sua

126 2449 232 2516 sponte
243 2439 295 2501 vel
310 2438 488 2520 profugati,
500 2459 539 2501 ac
554 2439 608 2501 ubi
621 2440 749 2501 inventi
763 2441 1016 2520 persecutiones
1031 2439 1119 2520 passi
1132 2439 1199 2502 sint
1212 2460 1220 2517 ;

125 2544 311 2614 quapropter
326 2533 374 2594 illi
390 2554 410 2594 a
431 2533 579 2595 Domino
594 2533 701 2596 abditi
718 2543 807 2605 sunt,
825 2552 864 2595 ac
882 2534 914 2594 in
932 2534 998 2595 suis
1015 2533 1099 2595 locis
1115 2554 1221 2596 reser-

128 2627 186 2686 vati
208 2629 246 2689 ad
272 2628 362 2690 diem
387 2626 513 2707 judicii,
542 2637 578 2689 ut
603 2633 757 2689 “novum
785 2627 940 2689 caelum”
962 2629 1220 2692 constituerent.

134 2713 171 2779 Hi
189 2722 293 2803 itaque
320 2733 400 2783 sunt
424 2722 478 2802 qui
506 2720 742 2801 intelliguntur
766 2741 824 2802 per
849 2722 1006 2783 “animas
1034 2723 1221 2785 occisorum

133 2813 201 2876 visas
221 2818 278 2879 sub
301 2816 431 2878 altari.”
476 2814 560 2877 Inde
584 2826 680 2896 patet
700 2817 789 2897 quod
814 2837 873 2897 per
893 2818 1052 2878 “occisos
1061 2817 1076 2840 ”
1095 2817 1221 2897 signifi-

133 2921 228 2972 centur
237 2912 291 2992 qui
305 2907 419 2991 rejecti
433 2921 467 2972 et
481 2910 586 2972 abditi
599 2931 607 2987 ;
630 2921 726 2972 erant
740 2912 829 2972 enim
842 2911 920 2973 odio
933 2910 1040 2973 habiti
1056 2933 1076 2972 a
1088 2911 1223 2993 reliquis

135 3015 243 3084 propter
263 3005 423 3067 Divinum
442 3004 568 3067 Verum
588 3014 623 3067 et
644 3016 782 3086 propter
798 3006 1044 3068 consessionem
1066 3006 1222 3083 Domini;

134 3100 212 3178 etqui
226 3101 302 3162 odio
319 3099 489 3161 habentur
503 3099 550 3161 illi
567 3100 723 3162 dicuntur
737 3100 896 3174 “occisi’‘
911 3121 988 3162 nam
1005 3101 1083 3162 odio
1099 3100 1223 3164 habere

136 3197 173 3249 est
185 3193 397 3273 spiritualiter
410 3193 574 3255 occidere.
620 3192 720 3273 Quod
737 3193 784 3255 illi
800 3193 1035 3274 intelligantur
1051 3215 1109 3275 per
1123 3195 1222 3256 “ani-

133 3292 186 3347 mas
196 3287 412 3360 occisorum,'’
425 3296 583 3349 constare
596 3289 698 3349 etiam
716 3297 831 3369 potest
845 3310 889 3350 ex
903 3288 967 3350 illis
980 3309 1065 3370 quae
1078 3308 1223 3370 sequun-

134 3375 171 3438 lvr
184 3381 213 3443 in
230 3383 316 3443 binis
333 3382 485 3443 versibus
504 3381 558 3442 ubi
577 3382 619 3443 de
639 3381 703 3443 illis
722 3384 769 3444 ita
785 3382 916 3456 dicitur,
937 3383 1012 3445 “Et
1029 3383 1223 3445 clamabant

128 3474 196 3537 loce
213 3495 347 3557 magna,
369 3475 534 3548 dicentes,
557 3474 672 3556 Usque
691 3497 757 3556 quo
777 3476 934 3551 Domine,
952 3479 1006 3558 qui
1027 3475 1169 3541 Sanctus
1188 3488 1224 3540 et

127 3546 229 3640 Verus,
243 3589 311 3631 non
325 3568 457 3649 judicas
473 3579 507 3631 et
521 3569 671 3631 vindicas
688 3571 886 3649 sanguinem
903 3582 1056 3633 nostrum
1070 3571 1112 3634 de
1129 3570 1224 3633 habi·

126 3653 262 3724 lantibus
282 3683 384 3744 super
403 3662 513 3724 terra?
558 3661 604 3725 Et
624 3663 726 3725 datae
750 3664 891 3744 singulis
915 3664 1024 3726 stolae
1048 3665 1165 3741 albae;
1189 3676 1224 3729 et

123 3741 236 3818 diuum
255 3758 303 3819 eis
323 3766 359 3819 ut
383 3756 634 3838 requiescerent
658 3756 767 3820 adhuc
792 3768 926 3839 tempus
950 3778 1100 3839 parvum,
1121 3780 1225 3840 usque

123 3835 194 3909 <lum
215 3850 429 3931 complentur
451 3859 486 3911 et
509 3851 662 3913 conservi
685 3871 800 3914 eorum
823 3862 858 3914 et
882 3851 1000 3914 fratres
1024 3872 1149 3924 eorum,
1169 3854 1225 3934 qui

124 3927 213 4004 fuson
223 3943 362 4007 interfici
377 3945 463 4006 sicut
477 3954 511 4006 et
524 3943 600 4006 illi.'’
636 3943 737 4024 Quod
749 3946 796 4007 illi
810 3947 852 4007 de
865 3947 984 4027 quibus
998 3966 1084 4008 nunc
1098 3944 1225 4009 dictum

129 4044 187 4107 est,
201 4057 253 4116 per
269 4040 431 4101 “occisos
440 4037 454 4061 ”
470 4037 715 4119 intelligantur,
733 4060 834 4102 nemo
853 4043 937 4103 scire
957 4050 1072 4120 potest
1093 4041 1154 4101 nisi
1173 4042 1226 4103 cui

133 4131 300 4194 revelatum
313 4143 366 4195 est
380 4154 388 4207 ;
407 4132 480 4212 quis
492 4133 581 4195 enim
595 4133 669 4206 scit,
684 4135 745 4196 nisi
759 4155 803 4196 ex
818 4134 1035 4207 revelatione,
1050 4156 1094 4196 ex
1108 4135 1227 4216 quibus

140 4221 236 4298 “prius
252 4226 406 4289 caelum''
424 4225 564 4308 (dequo
582 4226 615 4288 in
631 4225 845 4307 Apocalypsi,
862 4248 935 4309 cap.
953 4229 1024 4289 xxi.
1047 4227 1076 4309 1)
1097 4229 1226 4290 consti·

145 4318 223 4387 terat,
234 4331 265 4382 et
276 4341 317 4384 ex
331 4322 453 4403 quibus
467 4328 620 4383 “novum
634 4322 765 4384 caelum
775 4321 789 4345 ”
802 4322 981 4384 formatum
995 4323 1069 4384 ost?
1088 4332 1123 4383 et
1137 4321 1227 4402 quod

60 4499 67 4516 ‘
152 4401 187 4465 llll
205 4429 240 4474 ex
262 4417 379 4496 quibus
408 4435 531 4477 novum
559 4415 690 4478 caelum
721 4415 931 4478 formandum
959 4426 1023 4488 est,
1053 4417 1182 4478 interea
1207 4435 1228 4476 a
