2716 4986
189 485 252 568 876
497 499 749 550 APOCALYPSIS
771 499 999 551 exunctus.

189 672 247 743 sia,
273 690 331 751 per
352 669 485 733 ‘'solis”
503 671 592 733 enim
613 675 753 734 “ortum
763 669 778 695 ”
800 669 1010 752 significatur
1031 669 1160 735 bonum
1183 672 1297 736 amoris

188 765 278 845 quod
298 774 351 827 est
371 766 496 826 bonum
517 767 619 838 vitae,
637 774 672 827 et
693 785 751 847 per
769 764 879 827 “solis
899 764 1082 828 occasum”
1098 765 1299 847 significatur

189 858 315 919 malum
335 860 459 920 amoris
478 859 568 941 quod
591 869 643 922 est
666 859 791 921 malum
812 861 914 933 vitae,
934 869 970 922 et
992 880 1053 942 per
1073 859 1300 924 “obtenebra-

189 953 317 1013 tionem
340 962 450 1015 terrae
459 953 474 976 '’
492 952 701 1033 significatur
723 952 844 1015 salsum
868 951 1041 1017 doctrinae
1064 954 1145 1017 inde
1166 954 1301 1036 (“tene·

188 1046 294 1109 brae'’
322 1047 513 1128 significant
541 1048 636 1122 salsa,
665 1058 700 1110 et
729 1047 876 1111 “terra'’
904 1047 1126 1130 ecclesiam);
1157 1070 1217 1132 per
1244 1051 1302 1111 “in

189 1142 326 1203 meridie
343 1153 378 1204 et
395 1143 427 1203 in
444 1143 498 1204 die
515 1141 621 1203 lucis”
638 1141 846 1222 significatur
858 1142 996 1225 quando
1011 1143 1056 1205 ibi
1072 1153 1218 1225 possunt
1234 1164 1303 1206 esse

188 1236 403 1315 cognitiones
422 1237 502 1298 boni
520 1247 555 1298 et
572 1237 651 1309 veri,
669 1238 745 1317 quia
762 1236 913 1299 Verbum
933 1234 1062 1299 habent
1083 1236 1304 1318 (“meridies”

188 1328 357 1409 significat
380 1331 435 1393 ubi
459 1331 673 1411 cognitiones
697 1331 786 1403 boni,
807 1341 842 1393 et
864 1332 964 1394 “dies
987 1332 1094 1394 lucis”
1114 1331 1171 1395 ubi
1189 1332 1304 1414 cogni·

188 1425 299 1486 tiones
323 1423 429 1506 veri);
457 1425 547 1506 quod
574 1445 618 1487 ex
643 1424 769 1499 Verbo,
794 1435 847 1488 est
870 1427 948 1508 quia
974 1425 1058 1489 haec
1083 1426 1244 1489 dicuntur
1265 1426 1304 1488 de

189 1516 333 1580 ecclesia
353 1519 408 1580 ubi
428 1518 589 1581 Verbum.
635 1518 739 1600 Apud
758 1519 935 1593 Habakuk,

240 1661 257 1682 ¹*
265 1658 400 1708 Commoti
413 1670 475 1709 sunt
485 1671 599 1717 montes,
611 1661 751 1710 inundatio
759 1676 887 1724 aquarum
898 1662 1021 1711 transivit
1023 1699 1094 1720 .....
1100 1662 1151 1720 sol,
1163 1663 1228 1711 lune
1236 1661 1306 1712 stetit

319 1727 531 1852 pieiideignllltjcem
545 1728 599 1775 tela
610 1737 655 1775 tua
664 1729 772 1784 abeunt,
783 1728 811 1776 in
823 1728 994 1789 splendorem
1007 1728 1110 1776 tulmen
1123 1729 1218 1777 hastae
1228 1726 1305 1777 tuae’'

359 1829 365 1840 .
412 1828 418 1848 ,
480 1829 485 1840 .

189 1934 222 1995 in
240 1954 281 1995 eo
297 1926 410 2015 capite
423 1934 536 2015 agitur
548 1934 591 1997 de
607 1935 758 1997 adventu
775 1935 922 2008 Domini,
937 1944 972 1998 et
988 1935 1031 1997 de
1048 1934 1172 1998 ultimo
1183 1934 1306 2017 judicio

189 2039 270 2091 tunc
290 2029 333 2090 ab
350 2029 450 2110 lpso;
474 2049 533 2109 per
548 2029 638 2110 quod
657 2031 850 2092 “commoti
870 2040 948 2092 sunt
966 2040 1112 2105 montes,
1131 2031 1305 2094 inundatio

189 2143 350 2204 aquarum
380 2123 565 2196 transivit,’'
592 2121 800 2204 significatur
826 2124 915 2205 quod
946 2122 1059 2204 rejecti
1090 2126 1161 2188 sint
1190 2126 1246 2207 qui
1274 2126 1305 2188 in

190 2237 305 2279 amore
322 2218 369 2278 sui
388 2229 423 2280 et
440 2219 554 2279 mundi
574 2238 632 2298 per
648 2217 731 2280 salsa
748 2218 827 2280 mali
843 2220 875 2279 in
892 2239 978 2300 quae
994 2220 1156 2297 immissi;
1182 2226 1304 2282 “mou-

190 2312 265 2373 tes”
276 2311 468 2392 significant
479 2313 670 2374 amoressui
681 2321 716 2374 et
727 2313 1113 2386 mundi,et“inundatio
1124 2313 1305 2396 aquarum”

191 2404 359 2486 significat
383 2407 624 2467 immissionem
648 2405 788 2468 insalsa
811 2407 890 2468 inde
914 2405 1091 2488 (“aquae”
1109 2417 1190 2470 sunt
1212 2406 1303 2481 salsa,

190 2513 224 2563 et
240 2508 259 2531 ‘¹
269 2501 445 2562 inundatio
453 2499 467 2522 '’
478 2511 530 2562 est
544 2499 719 2582 immissio)
734 2521 741 2562 ε
761 2501 850 2581 quod
864 2511 944 2563 tunc
960 2501 1024 2562 illis
1037 2521 1106 2562 non
1119 2513 1305 2584 appareant

190 2614 270 2656 vera
286 2604 320 2655 et
341 2595 430 2655 bona
447 2595 604 2674 genuina,
622 2594 681 2656 sed
702 2594 779 2656 loco
794 2595 927 2657 illorum
944 2615 1022 2657 vera
1041 2605 1077 2657 et
1097 2595 1303 2670 bonafama,

190 2708 276 2769 quae
299 2689 332 2749 in
355 2709 392 2750 se
415 2698 493 2750 sunt
517 2687 601 2749 salsa
624 2698 658 2750 et
682 2687 782 2762 mala,
803 2687 1012 2769 significatur
1030 2709 1091 2769 per
1110 2690 1173 2751 “in
1198 2689 1303 2752 lucem

190 2780 260 2843 tela
276 2791 334 2843 tua
351 2782 488 2854 abeunt,
506 2782 539 2843 in
556 2780 772 2861 splendorem
788 2781 914 2844 fulmen
931 2781 1052 2845 hastae
1065 2782 1092 2859 ;”
1112 2781 1236 2846 “tela'’
1249 2803 1304 2845 seu

192 2875 351 2955 “fulgura
360 2875 374 2898 ”
392 2873 585 2955 significant
609 2896 688 2937 vera
711 2875 802 2937 latua
823 2897 909 2957 quae
932 2877 965 2938 in
989 2897 1025 2939 se
1048 2886 1128 2939 sunt
1152 2876 1247 2952 salsa,
1266 2897 1304 2940 ac

192 2969 344 3032 “fulmen
362 2968 483 3031 hastae
491 2969 506 2991 ''
518 2968 686 3050 significat
703 2970 792 3031 bona
808 2969 900 3032 latua
915 2991 1001 3052 quae
1018 2972 1051 3032 in
1068 2990 1104 3033 se
1121 2982 1201 3033 sunt
1218 2971 1305 3033 mala

190 3064 283 3141 salsi;
307 3065 389 3126 talia
408 3065 511 3126 etiam
531 3066 629 3144 signa
647 3073 812 3145 apparent
836 3064 868 3125 in
888 3065 1015 3126 mundo
1034 3064 1199 3146 spirituali
1218 3065 1304 3147 apud

190 3159 266 3221 illos
285 3161 340 3241 qui
364 3160 396 3221 in
419 3158 511 3220 salsis
534 3179 578 3220 ex
602 3159 771 3220 amoribus
790 3159 839 3219 sui
863 3169 897 3220 et
921 3160 1036 3228 mundi
1059 3167 1149 3233 sunt,
1170 3159 1305 3241 quando

191 3253 345 3316 ultimum
362 3252 522 3334 judicium
542 3263 605 3327 est,
623 3262 658 3314 et
679 3251 766 3314 tales
783 3251 984 3332 rejiciuntur.
1030 3251 1202 3333 Quoniam
1218 3253 1305 3335 apud

190 3369 265 3411 eum
287 3350 488 3430 prophetam
508 3349 639 3421 dicitur,
663 3346 750 3409 “Sol
770 3357 804 3409 et
829 3346 907 3408 luna
926 3356 1097 3409 steterunt
1116 3347 1200 3409 sede
1219 3346 1305 3420 sua,”

191 3443 417 3524 explicabitur
433 3445 536 3506 etiam
553 3443 631 3523 quid
648 3440 855 3522 significatur
872 3461 930 3522 per
943 3441 1033 3522 quod
1048 3440 1135 3503 “Sol
1152 3442 1187 3502 in
1204 3441 1304 3505 Gibe·

190 3557 255 3599 one
274 3538 438 3618 quieverit
461 3548 496 3600 et
520 3535 599 3598 luna
622 3537 654 3598 in
678 3534 766 3598 valle
790 3535 975 3615 Ajalonis,”
994 3535 1122 3618 dequo
1146 3536 1194 3598 ita
1218 3536 1304 3618 apud

190 3631 345 3706 Josuam,

240 3772 339 3821 “Tunc
357 3773 460 3821 locutus
475 3783 515 3821 est
527 3772 610 3836 Josua
621 3771 762 3836 Jehovae„
773 3808 779 3821 .
789 3808 795 3821 .
806 3780 843 3821 ,et
857 3771 923 3819 dixit
938 3772 965 3819 in
980 3770 1064 3819 oculis
1082 3769 1202 3830 Israelis,
1217 3771 1262 3821 Sol
1279 3771 1305 3819 iu

320 3838 439 3887 Gibeone
452 3839 565 3901 quiesce,
580 3849 607 3886 et
624 3839 688 3886 luna
705 3839 731 3885 in
745 3837 813 3885 valle
827 3836 966 3898 Ajalonis;
984 3846 1010 3886 et
1022 3837 1122 3900 quievit
1140 3837 1181 3885 sol
1199 3847 1227 3886 et
1244 3837 1307 3885 luna

318 3904 399 3959 stetit,
414 3906 571 3966 usquedum
584 3903 639 3951 ulta
651 3912 692 3950 est
708 3917 775 3963 gens
793 3903 884 3950 hostes
902 3916 981 3957 suos:
1001 3916 1090 3949 nonne
1109 3901 1160 3950 hoc
1177 3903 1304 3964 scriptum

318 3979 450 4030 estsuper
465 3969 543 4017 Libro
559 3967 653 4017 Redli?
687 3967 719 4015 Et
732 3968 803 4015 stetit
816 3968 856 4014 sol
874 3969 901 4016 in
914 3968 1003 4015 medio
1015 3967 1091 4024 caeli,
1106 3981 1155 4015 nec
1169 3967 1305 4017 festinavit

319 4035 439 4082 occidere
451 4035 525 4097 quasi
538 4035 608 4082 diem
621 4035 753 4094 integrum
762 4032 776 4050 ''
788 4033 823 4093 (x.
836 4045 873 4089 12,
886 4033 939 4094 13):

188 4177 277 4259 quod
291 4176 422 4238 dicatur
435 4173 485 4237 sol
502 4176 640 4238 stetisse
656 4176 688 4237 in
706 4173 868 4248 Gibeone,
883 4184 918 4237 et
936 4173 1014 4236 luna
1030 4175 1063 4236 in
1075 4172 1167 4237 valle
1183 4173 1303 4256 Ajalo·

188 4273 248 4346 nis,
266 4270 479 4353 significabat
499 4271 587 4352 quod
608 4269 752 4333 ecclesia
771 4290 905 4350 prorsus
922 4279 1058 4331 vastata
1076 4269 1174 4332 suerit
1191 4270 1302 4353 quoad

187 4386 288 4428 omne
319 4367 445 4427 bonum
475 4375 510 4427 et
538 4385 674 4442 verum;
710 4363 923 4445 pugnabatur
950 4364 1039 4425 enim
1070 4372 1151 4426 tunc
1182 4375 1302 4427 contra

187 4480 303 4541 regem
315 4458 585 4541 Hierosolymae‚
597 4468 632 4521 et
644 4478 743 4539 reges
754 4457 1025 4533 Emorraeorum‚
1036 4466 1073 4521 et
1085 4477 1145 4540 per
1157 4463 1299 4541 “regem
