2684 4988
355 521 435 571 car.
454 521 528 580 vu,
546 520 649 569 vens,
667 518 778 586 7.-rt.
794 503 917 587 444[c].
1116 516 1195 581 1127

204 706 274 750 eum,
289 700 316 740 et
331 691 424 754 plagas
438 690 590 752 infligentes
605 691 754 746 abivemnt,
771 689 951 751 relinquentes
965 701 1027 736 eunt
1041 700 1102 735 cum
1116 686 1197 735 semi·

205 767 327 806 mortuus
339 766 425 806 esset:
444 767 471 806 et
485 757 554 805 forte
568 756 693 805 sacerdos
706 756 764 818 quis
778 754 916 804 descendit
930 754 957 801 in
972 753 1065 802 eadem
1082 752 1133 809 via,
1148 752 1196 801 sed

204 823 298 871 videns
307 837 370 871 eum
381 823 531 885 praeteriit:
546 821 668 869 similiter
676 821 755 870 etiam
768 819 862 868 Levita
869 833 928 867 cum
938 828 1009 867 esset
1016 817 1087 878 apud
1097 817 1193 874 locum,

204 888 317 936 veniens
331 898 358 936 et
373 887 467 936 videns
485 886 634 948 praeteriit:
654 886 785 934 Samarita
799 894 889 933 autem
903 883 1010 946 quidam
1030 881 1195 931 iterfaciens

204 954 276 1002 venit
288 954 324 1001 ad
336 968 407 1010 eum,
419 964 445 1002 et
455 953 549 1001 videns
561 966 622 1000 eum
633 952 779 1000 visceribus
791 959 942 999 commotus
953 959 1010 1005 est:
1029 962 1110 1010 quare
1122 961 1195 996 aece-

203 1019 269 1067 dens
282 1018 416 1080 obligavit
425 1017 536 1066 vulnera
547 1017 615 1078 ejus,
628 1017 724 1066 iniudit
736 1016 825 1064 oleum
839 1025 865 1064 et
875 1016 976 1072 vinum,
987 1013 1084 1062 deinde
1097 1013 1195 1062 tollens

203 1098 262 1131 eum
273 1098 356 1145 super
366 1083 501 1145 proprium
511 1083 661 1145 jumentum
672 1081 747 1130 duxit
759 1081 786 1130 in
797 1080 982 1139 diversorium,
994 1088 1022 1128 et
1033 1093 1124 1127 curam
1136 1077 1194 1139 ejus

203 1149 295 1197 habuit
305 1164 311 1204 ;
329 1150 439 1210 insuper
450 1148 568 1197 crastino
580 1147 623 1196 die
635 1148 728 1196 exiens
740 1147 855 1196 extraxit
867 1147 934 1195 duos
946 1145 1072 1194 denarios
1084 1152 1110 1193 et
1122 1143 1195 1192 dedit

203 1215 311 1275 hospiti,
328 1230 359 1262 ac
374 1215 441 1263 dixit
458 1213 505 1270 illi,
523 1211 623 1262 Curam
642 1212 700 1274 ejus
718 1213 796 1270 habe,
814 1226 876 1260 nam
891 1211 1067 1274 quodcunque
1085 1211 1195 1270 insuper

204 1279 389 1341 insumpseris,
397 1279 636 1342 quandoreversus
645 1277 729 1336 iuero,
740 1278 877 1327 restituam
887 1276 942 1326 tibi.
968 1275 1033 1338 Quis
1042 1289 1106 1336 ergo
1115 1274 1193 1322 trium

203 1344 297 1392 horum
314 1345 419 1392 videtur
432 1344 479 1393 tibi
494 1344 632 1407 proximus
646 1343 729 1392 tuisse
743 1342 802 1404 ejus
834 1343 860 1391 ui
874 1341 1003 1391 inciderat
1017 1340 1044 1388 in
1060 1341 1195 1389 latrones?

205 1408 254 1457 Hic
268 1409 346 1464 dixit,
364 1409 415 1471 Qui
433 1409 494 1458 iecit
510 1408 720 1460 misericordiam
738 1422 798 1456 cum
816 1357 871 1457 iiio.
909 1407 942 1455 Et
956 1406 1023 1455 dixit
1036 1405 1124 1471 Jesus,
1142 1404 1194 1452 Abi

203 1483 239 1531 tu,
254 1489 361 1538 quoque
374 1475 416 1523 iac
428 1475 551 1524 similiter
559 1473 573 1492 '³
585 1478 620 1534 (x.
634 1477 738 1536 29-37):

105 1587 187 1666 agitur
203 1590 245 1651 ibi
265 1590 309 1651 de
329 1589 497 1652 charitate
518 1609 599 1670 erga
622 1589 826 1670 proximum,
847 1597 882 1650 et
902 1587 944 1650 de
967 1586 1065 1649 bonis
1083 1585 1192 1668 operi·

104 1677 153 1750 bus,
169 1703 222 1763 per
241 1703 328 1765 quae
348 1682 497 1745 charitas
517 1692 570 1744 est
594 1683 627 1745 in
652 1702 713 1744 suo
732 1678 852 1745 effectu
871 1690 906 1744 et
930 1682 962 1743 in
986 1701 1047 1742 suo
1070 1680 1191 1762 pleno:

105 1771 370 1856 “Hierosolyma''
389 1777 433 1838 ibi
458 1775 626 1856 significat
651 1775 832 1839 ecclesiam
856 1776 910 1837 uhi
929 1794 1009 1837 vera
1028 1771 1191 1844 doetrina,

104 1874 126 1926 tt
136 1868 309 1948 “Jerich0”
321 1869 414 1931 iilam
429 1870 482 1931 ubi
496 1870 713 1950 cognitiones
726 1869 795 1932 veri
808 1879 843 1932 et
857 1869 957 1944 boni;
983 1874 1002 1899 ‘⁴
1012 1865 1193 1930 sacerdos'¹

104 1956 156 2023 inde
175 1961 344 2044 significat
370 1962 446 2025 iilos
470 1963 590 2044 quibus
615 1963 725 2024 nullus
749 1982 844 2024 amor
867 1963 899 2024 in
925 1962 1108 2024 Dominum
1128 1970 1191 2033 est,

104 2061 126 2113 tt
143 2055 308 2118 “Levita’'
332 2056 409 2118 iilos
440 2057 560 2138 quibus
586 2056 678 2117 nulia
705 2055 853 2119 charitas
884 2075 965 2135 erga
988 2056 1191 2135 proximum,

104 2147 187 2226 quales
205 2161 304 2212 erant
324 2171 366 2212 eo
386 2160 540 2232 tempore
560 2152 592 2211 in
615 2149 874 2228 Hierosolyma;
897 2147 1117 2211 “Samarita”
1132 2168 1192 2209 au·
1224 2170 1228 2181 ·

104 2245 149 2303 tem
170 2242 340 2324 significat
369 2253 494 2324 gentes
521 2264 606 2324 quae
639 2244 671 2305 in
703 2243 794 2305 bono
825 2242 1004 2305 charitatis
1038 2241 1191 2318 suerunt;

104 2331 205 2398 ''homo
230 2338 445 2399 descendens
469 2358 487 2398 e
512 2336 753 2416 Hierosolyma
781 2337 813 2397 in
839 2335 999 2416 Jerich0'’
1023 2334 1192 2416 significat

104 2422 153 2490 illos
168 2433 220 2512 qui
244 2432 368 2492 instrui
388 2429 568 2492 voluerunt
589 2431 621 2491 in
640 2429 806 2492 ecciesiae
825 2431 912 2492 veris
928 2440 963 2492 et
987 2431 1191 2510 cognitioni-

104 2515 158 2583 bus:
186 2524 395 2587 “latrones''
419 2526 453 2585 in
477 2545 561 2606 quos
586 2523 713 2597 incidit,
736 2522 930 2603 significant
953 2524 1029 2586 illos
1053 2534 1133 2587 tunc
1158 2525 1191 2586 in

104 2614 213 2678 ecclesia
242 2637 412 2699 perversa,
437 2617 545 2699 qualis
569 2638 609 2679 eo
634 2627 789 2699 tempore
820 2627 893 2679 erat
915 2617 1075 2698 Judaica;
1108 2619 1191 2699 “qui

104 2720 236 2773 exuentes
256 2731 345 2782 eum,
366 2711 477 2791 plagis
496 2710 690 2774 afflixerunt
710 2720 745 2773 et
770 2712 1026 2774 semimortuum
1046 2711 1190 2794 relique-

104 2802 178 2873 runtss’
196 2802 369 2884 significat
392 2805 482 2886 quod
507 2805 600 2866 illum
620 2806 708 2866 veris
731 2805 927 2866 orbaverint
950 2825 989 2867 ac
1014 2804 1104 2867 salsis
1128 2806 1191 2868 im·

104 2890 212 2969 tuerint,
237 2909 273 2959 et
299 2899 345 2959 sic
375 2897 467 2959 illum
492 2899 603 2980 quoad
635 2898 843 2980 spiritualem
866 2899 971 2961 vitam
999 2898 1031 2961 in
1057 2908 1191 2962 tantum

104 2979 230 3053 iaeserint
254 3002 291 3053 ut
316 2992 374 3052 vix
398 2992 510 3073 aliqua
534 2993 603 3054 vita
629 2992 810 3073 spiritualis
837 3003 1049 3074 superesset;
1079 2998 1192 3055 “exu-

104 3080 154 3141 ite''
172 3085 203 3146 in
228 3084 347 3147 Verbo
375 3085 544 3165 significat
571 3087 691 3149 orbare
715 3087 812 3159 veris,
839 3085 1019 3166 “infligere
1046 3085 1166 3168 plagas
1176 3087 1192 3112 '¹

104 3169 237 3252 ignificat
263 3188 415 3240 mentem
443 3189 479 3241 et
503 3181 607 3240 vitam
632 3179 841 3261 spiritualem
867 3179 959 3242 salsis
986 3179 1130 3255 laedere,
1155 3189 1192 3244 et

104 3265 366 3334 ‘'semimortuus‘’
394 3271 564 3353 significat
592 3274 671 3336 dum
699 3292 807 3354 paene
835 3293 958 3354 expers
986 3273 1073 3335 iilius
1100 3273 1191 3337 vitae

104 3372 181 3424 sset:
208 3366 422 3427 “visceribus
439 3369 645 3429 commoveri
654 3366 669 3390 ’'
685 3365 853 3447 significat
872 3367 1135 3431 misericordiam
1155 3378 1192 3432 et

104 3448 273 3549 {irritarem
285 3459 329 3520 ab
341 3460 490 3522 interiori
503 3482 510 3536 3
531 3461 760 3523 misericordia
770 3461 874 3522 etiam
885 3470 920 3522 et
929 3460 1078 3523 charitas
1088 3481 1190 3528 unum

106 3548 213 3647 sciunt:
240 3552 424 3633 “obligare
444 3554 593 3627 vulnera,
612 3564 647 3616 et
667 3554 841 3617 infundere
860 3554 972 3617 oleum
992 3565 1027 3617 et
1047 3555 1192 3632 vinum,⁰'

104 3643 235 3741 *reniteat
257 3666 376 3728 parare
396 3648 564 3711 medelam
584 3660 704 3727 contra
723 3647 807 3710 salsa
826 3669 911 3732 quae
931 3648 1101 3714 laeserant
1120 3650 1192 3731 ejus

104 3741 176 3800 utam
186 3761 244 3821 per
255 3741 381 3802 bonum
393 3743 516 3803 amoris
527 3753 562 3804 et
573 3762 688 3804 verum
702 3740 777 3806 fidei
792 3743 990 3807 instruendo
1002 3765 1010 3821 ;
1024 3743 1165 3807 “oleum
1176 3745 1192 3769 '’

105 3826 237 3896 uVerbo
260 3832 432 3916 significat
455 3835 581 3898 bonum
606 3836 741 3910 amoris,
762 3846 797 3899 et
819 3837 985 3899 “vinum''
1003 3837 1129 3900 bonum
1154 3849 1190 3902 et

104 3932 183 3988 terum
200 3926 295 3990 fidei:
323 3934 342 3958 ‘⁴
353 3927 476 3990 toliere
493 3949 591 4010 super
607 3931 777 4011 proprium
790 3929 980 4010 jumentum
989 3931 1004 3954 ”
1020 3930 1190 4012 significat

104 4022 253 4116 'ttundum
270 4019 482 4084 intellectum
500 4042 596 4084 suum
612 4034 777 4105 quantum
795 4035 923 4105 posset,
938 4043 1017 4087 nam
1033 4027 1191 4108 “equus”

104 4112 236 4188 unificat
262 4112 486 4188 intellet‘tum,
512 4117 667 4179 similiter
693 4116 907 4197 “jumentum
921 4118 947 4180 :”
976 4119 1128 4184 “ducere
1156 4123 1189 4183 in

104 4196 297 4282 liversorium,
319 4218 354 4271 et
376 4229 490 4272 curam
511 4209 582 4290 ejus
605 4210 762 4285 habere,”
780 4211 948 4293 significat
971 4213 1014 4276 ad
1039 4213 1115 4277 illos
1134 4217 1189 4297 qui

104 4292 146 4360 ius
165 4299 318 4365 instrudti
345 4313 423 4366 sunt
447 4304 480 4366 in
504 4305 756 4384 cognitionibus
777 4306 857 4368 boni
880 4316 915 4369 et
934 4307 1023 4384 veri;
1050 4309 1189 4371 “diver-

104 4393 189 4458 orium
197 4396 212 4419 ”
221 4407 275 4460 est
291 4397 346 4459 ubi
360 4407 518 4460 emuntur
531 4398 596 4460 cibi
611 4408 646 4461 et
664 4408 775 4480 potus,
790 4420 849 4481 per
858 4421 942 4482 quos
956 4400 1189 4482 significantur

104 4489 282 4570 agnitiones
307 4490 387 4553 boni
410 4501 446 4554 et
468 4492 548 4568 veri,
569 4511 608 4554 ac
632 4492 711 4556 inde
734 4494 875 4557 nutritio
897 4494 1078 4577 spiritualis
1101 4516 1187 4578 quae
