2684 4988
357 534 435 583 cnr.
453 517 919 602 v11.,vsns.9.-n.455[b].
1116 518 1193 583 1161

108 703 183 766 etiam
195 705 450 784 perceptionem
464 705 533 766 veri
549 713 584 766 et
602 700 814 768 affedtionem
830 703 911 766 boni
928 697 1106 783 significat,
1121 723 1196 784 per·

107 798 270 877 ceptionem
296 798 367 860 veri
390 819 434 860 ex
458 797 612 879 eoquod
637 797 804 879 loquatur,
824 806 859 860 et
883 793 1094 859 affediionem
1118 796 1197 859 boni

106 907 188 952 exeo
204 891 294 972 quod
319 901 421 971 gustu
445 891 586 972 polleat,
608 896 756 972 “gustus
764 890 779 913 ”
798 891 887 953 enim
906 889 1075 970 significat
1093 910 1197 972 appe·

106 980 193 1085 titum,
210 985 414 1046 desiderium
434 995 468 1047 et
488 982 711 1061 affedtlonem.
756 983 795 1046 In
814 983 918 1046 Libro
936 983 1107 1058 Judicum,

141 1113 267 1178 “Jehovah
275 1115 346 1164 dixit
353 1115 388 1164 ad
397 1115 557 1174 Gideonem
567 1116 695 1180 Quisquis
703 1115 800 1164 lambit
808 1116 902 1176 lingua
911 1130 961 1164 sua
969 1131 1060 1178 aquas,
1068 1116 1198 1178 quemad·

206 1181 318 1229 modum
333 1181 411 1230 canis
425 1181 528 1238 lambit,
543 1196 604 1230 eum
621 1191 725 1230 statues
740 1181 872 1236 seorsim:
896 1190 923 1229 et
938 1181 1059 1244 quisquis
1075 1181 1198 1229 incurva·

207 1247 276 1294 verit
290 1255 418 1308 se'super
429 1261 520 1308 genua
534 1248 568 1296 ad
584 1247 748 1296 bibendum:
767 1255 794 1295 et
808 1246 859 1294 fuit
874 1260 1002 1294 numerus
1018 1242 1197 1294 lambentium

206 1311 232 1359 in
251 1326 335 1360 manu
354 1327 415 1360 sua.
426 1350 431 1361 .
442 1349 448 1360 .
459 1350 476 1369 .‚
492 1312 605 1362 trecenti
621 1311 706 1372 vi1i;''
725 1311 770 1375 qui
788 1309 862 1361 ducti
881 1320 978 1360 contra
997 1311 1156 1370 Midianem,
1171 1320 1199 1361 et

205 1387 399 1438 percusserunt
412 1392 474 1426 eum
491 1377 544 1439 (vii.
559 1377 629 1438 5-7):

104 1513 151 1575 per
169 1500 406 1565 “Midianem''
430 1503 474 1565 ibi
497 1504 735 1586 intelliguntur
757 1505 812 1587 qui
835 1525 904 1567 non
927 1525 1042 1568 verum
1066 1515 1197 1580 curant,

104 1593 164 1669 quia
176 1614 263 1658 mere
280 1596 454 1659 naturales
469 1608 504 1661 et
521 1599 675 1674 externi;
700 1619 802 1681 quare
819 1600 966 1680 percussi
983 1608 1061 1661 sunt
1074 1599 1117 1661 ab
1133 1599 1199 1662 illis

104 1685 147 1763 qui
161 1687 297 1770 “lingua
315 1689 507 1753 lamberunt
524 1711 629 1773 aquas
648 1693 681 1753 in
698 1711 799 1754 manu
815 1693 901 1754 sicut
918 1692 1041 1765 canis,’'
1057 1712 1116 1774 per
1134 1693 1199 1755 hos

104 1779 173 1842 enim
196 1782 436 1863 intelliguntur
461 1785 516 1865 qui
543 1793 711 1867 appetunt
737 1805 828 1858 vera,
857 1785 904 1847 ita
931 1786 986 1866 qui
1013 1806 1058 1847 ex
1086 1784 1199 1866 aliqua

104 1869 256 1938 stellione
274 1876 420 1938 naturali
439 1874 599 1940 affectant
619 1878 703 1940 scire
720 1898 819 1954 vera;
843 1899 901 1960 per
920 1878 1092 1940 “canem”
1107 1879 1198 1941 enim

104 1963 288 2046 significatur
307 1971 481 2052 appetitus
502 1981 536 2033 et
561 1972 694 2053 cupido
715 1991 774 2054 per
795 1971 950 2054 “aquas''
969 1992 1059 2046 vera,
1080 1981 1115 2034 et
1140 1993 1201 2054 per

104 2057 258 2127 “lambere
275 2063 352 2125 illas
370 2063 484 2143 lingua
492 2063 506 2085 '⁹
523 2063 733 2145 significatur
748 2074 912 2146 appetere
927 2075 962 2127 et
980 2086 1024 2128 ex
1042 2066 1201 2147 cupidine

104 2149 256 2233 affedtare3
285 2158 364 2219 ideo
387 2176 446 2239 per
470 2155 532 2218 hos
556 2177 733 2238 percussus
756 2168 816 2220 est·
832 2157 971 2220 Midian.
1023 2157 1106 2238 Quis
1130 2179 1197 2221 non

104 2244 195 2311 videre
216 2259 335 2331 potest
355 2250 445 2333 quod
469 2249 533 2312 hoc
554 2269 623 2313 non
642 2250 842 2313 mandatum
864 2251 992 2326 suisset,
1012 2252 1074 2314 nisi
1093 2252 1198 2333 signi·

104 2332 269 2407 ficavisset?
315 2342 420 2425 Apud
439 2343 614 2415 Davidem,

144 2479 281 2529 ''Occultas
293 2495 342 2529 eos
355 2480 382 2528 in
396 2479 489 2528 abdito
501 2479 631 2528 facierum
644 2488 749 2528 tuarum
763 2495 827 2542 prae
839 2480 1003 2529 elationibus
1015 2479 1075 2539 viri,
1087 2481 1200 2529 abscon-

209 2547 250 2596 dis
262 2561 311 2595 eos
323 2547 352 2595 in
365 2545 542 2594 tabernaculo
554 2560 570 2593 a
582 2546 629 2594 lite
641 2545 793 2607 linguarum
801 2545 815 2564 ”
827 2545 883 2606 (Ps.
895 2546 966 2594 xxxi.
979 2558 1008 2594 21
1024 2543 1069 2609 [B.
1081 2549 1104 2594 Α
1109 2584 1115 2596 .
1128 2542 1198 2610 20]):

104 2682 151 2742 per
161 2672 334 2736 “abditum
349 2671 537 2745 facierum,”
551 2672 583 2733 in
597 2692 663 2753 quo
675 2670 829 2752 Jehovah
843 2671 996 2734 occultat
1009 2692 1080 2746 eos,
1093 2672 1198 2753 signi·

104 2754 200 2827 ficatur
214 2765 374 2828 Divinum
396 2764 527 2827 Bonum
549 2765 660 2826 Divini
681 2764 831 2840 Amoris,
850 2785 929 2828 nam
949 2765 1078 2828 “iacies
1093 2765 1198 2846 jeho-

104 2858 173 2918 vae”
197 2858 364 2942 significat
395 2860 520 2921 bonum
551 2859 688 2933 amoris,
718 2869 753 2921 et
785 2859 970 2922 “abditum
985 2859 1000 2882 ”
1029 2858 1199 2940 significat

104 2941 218 3015 interius
240 2953 329 3035 apud
358 2952 553 3015 hominem:
583 2972 643 3034 per
663 2952 862 3016 “elationes
884 2952 967 3014 viri”
990 2951 1200 3034 significatur

104 3033 188 3107 fastus
208 3047 457 3127 intelligentiae
476 3047 650 3128 propriae;
675 3067 734 3127 per
754 3045 1061 3108 “tabernaculum''
1080 3047 1113 3107 in
1132 3066 1200 3128 quo

104 3131 258 3203 abscondit
277 3138 487 3220 significatur
507 3139 665 3201 Divinum
687 3138 836 3215 Verum;
859 3148 894 3201 et
913 3159 974 3220 per
990 3138 1114 3202 “litem
1134 3138 1198 3201 lin·

104 3235 243 3300 guarum’
259 3232 469 3314 significatur
485 3233 605 3295 falsum
622 3233 793 3314 religionis
810 3254 853 3295 ex
870 3254 937 3313 quo
953 3234 1198 3295 ratiocinantur

104 3332 202 3389 tonna
212 3349 310 3391 vera:
336 3327 415 3390 inde
429 3338 525 3409 patet
539 3328 617 3409 quid
632 3327 690 3390 illa
702 3329 735 3389 in
749 3328 835 3389 serie
845 3325 1047 3408 significant.
1093 3326 1198 3409 Apud

104 3406 274 3496 Jeremzkzm,

145 3555 224 3607 “Ecce
240 3557 299 3620 Ego
312 3558 451 3606 adducens
465 3572 546 3619 super
557 3572 607 3607 vos
621 3567 730 3619 gentem
733 3595 804 3616 .....
808 3572 876 3619 gens
891 3557 968 3618 cujus
982 3572 1035 3606 non
1049 3571 1200 3619 cognosces

208 3624 339 3685 linguam.
351 3638 437 3685 neque
447 3623 581 3685 intelliges
591 3623 654 3686 qnid
664 3623 789 3686 loquatur
790 3660 859 3681 .....
865 3623 988 3671 comedet
996 3637 1112 3672 messem
1122 3631 1199 3673 tuam

208 3699 235 3739 et
247 3702 345 3752 panem
359 3698 435 3737 tuum
442 3687 456 3707 ¹¹
468 3689 504 3749 (ν.
519 3701 555 3748 15,
569 3685 649 3748 1¹]17):

104 3792 211 3876 hicnon
224 3813 427 3895 intelligitur
437 3813 526 3895 quod
541 3813 765 3876 adduceretur
777 3832 864 3893 gens
873 3833 959 3896 quae
972 3821 1063 3875 esset
1077 3813 1205 3893 ignota.

104 3887 196 3985 lillgua
216 3929 275 3971 seu
303 3927 371 3970 non
400 3907 604 3988 intelligibili
632 3906 776 3989 loquela,
801 3907 861 3970 sed
888 3907 1090 3988 intelligitur
1112 3927 1205 3989 gens-

104 3996 175 4061 fssala
190 4023 273 4085 quae
297 4010 389 4064 esset
413 4021 457 4063 ex
482 4022 618 4082 prorsus
641 4001 706 4063 alia
727 4000 902 4082 religione,
920 3999 1012 4081 cujus
1031 4001 1198 4083 dogmata

104 4093 158 4152 non
167 4105 384 4178 cognoscent,
399 4115 461 4157 nec
476 4096 651 4158 ratiocinia
664 4095 741 4158 inde
758 4094 954 4176 intelligent
967 4116 976 4172 ;
998 4104 1033 4157 et
1050 4095 1197 4158 insensu

104 4174 251 4253 aberratio
278 4188 513 4271 significantur
541 4189 625 4251 salsa
653 4188 732 4252 mali
763 4209 898 4270 prorsus
925 4189 1082 4270 opposita
1109 4188 1199 4250 veris

104 4259 182 4357 b<³t1i;
204 4285 337 4366 “gens''
354 4284 444 4347 enim
464 4284 496 4345 in
517 4303 616 4346 sensu
633 4280 807 4346 abstradio
823 4291 876 4345 est
894 4282 1031 4358 malum,
1049 4292 1084 4344 et
1102 4281 1196 4344 “lin-

104 4372 175 4437 HW’
194 4375 244 4440 hic
268 4388 320 4441 est
344 4378 466 4441 salsum
490 4377 672 4460 religionis,
693 4385 729 4439 et
751 4375 895 4458 “loqui''
914 4385 966 4439 est
990 4375 1068 4438 inde
1091 4375 1196 4438 ratio·

104 4457 204 4550 tinam
231 4493 332 4556 quare
360 4473 511 4555 sequitur
533 4473 623 4556 quod
647 4471 835 4535 “comedet
863 4488 1009 4533 messem
1036 4479 1131 4533 tuam
1159 4477 1196 4533 et
