2684 4988
357 476 448 527 cnr.
467 475 529 536 v1.,
548 475 650 526 vens.
666 462 775 525 6.-u.
795 462 926 546 376[f].
1145 469 1204 549 781

136 645 265 708 '‘sacerdos
287 654 325 708 et
351 645 529 726 propheta
552 653 665 707 errant
689 665 748 727 per
766 646 920 719 siceram,
941 647 1167 712 absorbentur
1189 671 1209 712 a

133 740 187 812 rino,
199 740 346 803 aberrant
368 759 431 820 per
448 736 620 811 1¹¹vinum‚”
637 737 806 819 significat
826 741 880 821 qui
901 740 934 803 in
954 739 1108 804 doctrina
1127 743 1208 805 boni

130 842 151 894 et
159 834 206 895 veri
217 852 286 895 esse
303 833 438 895 debent
452 831 544 913 quod
562 831 661 906 tales,
675 842 710 894 et
727 829 899 894 abstratie
915 853 935 896 a
951 836 1104 915 personis
1116 837 1207 918 quod

128 925 172 1006 ipsa
184 923 324 988 dotlrina
339 925 479 987 illorum
496 926 540 987 sit
559 924 656 1001 talis;
680 931 822 988 “errant
839 927 928 989 inter
943 927 1110 1001 videntes,
1125 929 1206 992 titu-

127 1019 337 1100 bantjudicio,”
353 1017 528 1100 significat
547 1019 638 1100 quod
658 1038 726 1080 non
745 1019 884 1082 videant
901 1040 981 1083 vera
999 1041 1086 1102 quae
1105 1022 1206 1084 intel·

125 1112 254 1193 ligentiac.
282 1112 387 1193 Quod
398 1112 483 1175 talia
494 1111 726 1192 significentur
736 1133 844 1195 perca
855 1114 968 1187 verba,
980 1134 1081 1177 nemo
1093 1116 1205 1180 videre

123 1218 204 1287 potest
220 1208 279 1268 nisi
303 1228 349 1269 ex
370 1226 473 1268 sensu
492 1205 674 1287 spirituali;
698 1207 825 1288 absque
844 1227 885 1268 eo
905 1227 972 1270 non
992 1209 1097 1271 scitur
1115 1211 1204 1290 quod

124 1301 304 1363 “corona''et
315 1306 335 1331 ‘⁶
347 1310 451 1382 caput
460 1299 675 1380 ”significent
686 1301 961 1381 intelligentiam,
970 1302 1060 1382 quod
1073 1302 1183 1367 “ebrii
1191 1303 1205 1325 '¹

122 1394 275 1475 significent
288 1395 366 1458 illos
379 1397 434 1477 qui
453 1395 624 1457 insaniunt
638 1395 670 1456 in
685 1394 922 1476 spiritualibus,
936 1395 1026 1475 quod
1041 1400 1061 1426 “
1072 1394 1204 1476 Ephra-

122 1489 169 1550 in”
182 1487 384 1553 intellectum
404 1490 457 1552 hic
478 1489 624 1550 hominis
643 1490 813 1578 proprium
833 1509 892 1550 seu
911 1509 955 1550 ex
975 1500 1096 1563 semet,
1113 1492 1203 1571 quod

123 1583 236 1644 “vallis”
253 1582 422 1664 significet
447 1581 605 1667 inferiora·
624 1583 749 1645 mentis
768 1591 956 1663 quaesunt
979 1582 1146 1645 naturalia
1169 1595 1204 1647 et

121 1677 263 1752 sensualia,
280 1687 315 1740 et
334 1677 425 1758 quod
446 1675 635 1738 “sacerdos
653 1686 688 1739 et
708 1675 899 1758 propheta”
915 1673 1103 1738 doctrinam
1123 1677 1202 1739 boni

121 1781 145 1832 et
158 1772 221 1832 veri.
263 1771 367 1852 Apud
386 1770 544 1842 eundem,

156 1894 339 1954 “Cuutlamini,
355 1897 535 1954 admiramini,
552 1898 731 1959 obstupescite
746 1908 772 1946 et
787 1897 986 1953 voeiieramini;
1007 1898 1127 1946 inebriati
1142 1908 1203 1945 sunt

217 1973 242 2011 et
253 1977 307 2010 nou
317 1963 389 2018 vino,
402 1963 518 2011 titubant
530 1973 556 2011 et
569 1977 623 2010 non
636 1964 736 2017 sicera:
755 1978 817 2011 nam
830 1962 923 2012 eiludit
935 1976 1073 2024 supervos
1083 1961 1203 2025 Jehovalr

219 2028 336 2089 spiritum
357 2027 563 2084 somnolentiae,
586 2037 613 2076 et
633 2028 744 2076 occlusit
764 2028 857 2076 oeulos
878 2038 992 2085 vestros,
1015 2027 1158 2089 prophetas
1178 2040 1204 2076 et

219 2094 301 2155 capita
313 2103 411 2150 vestra,
427 2093 548 2141 videntes
561 2091 682 2140 obtexit''
694 2093 775 2153 (xxix.
786 2108 810 2155 9,
822 2095 876 2154 10):

123 2218 184 2282 haee
194 2219 274 2284 ditia
289 2233 368 2285 sunt
382 2222 426 2285 de
442 2221 575 2303 illisqui
591 2242 726 2303 prorsus
739 2222 821 2285 nihil
835 2223 904 2286 veri
921 2234 1064 2304 possunt
1078 2223 1201 2294 videre,
1291 2233 1298 2255 ¹

122 2330 177 2375 curn
197 2317 327 2379 audiunt
355 2326 391 2379 et
419 2336 466 2378 ex
490 2313 605 2379 Verbo
633 2315 752 2396 legunt
780 2316 882 2393 illud;
913 2317 968 2399 qui
996 2316 1084 2379 tales
1112 2328 1200 2388 sunt,

122 2404 243 2472 dicuntur
261 2410 446 2473 “inebriati
470 2429 537 2470 non
556 2411 646 2482 vino,
669 2429 707 2472 ac
733 2410 884 2473 titubant
907 2421 943 2472 et
967 2430 1034 2473 non
1058 2410 1165 2472 sicera
1177 2410 1203 2487 ;''

124 2501 253 2566 ‘'vinum''
264 2505 297 2566 in
313 2505 428 2586 specie
442 2501 610 2584 significat
624 2522 739 2565 verum
753 2503 934 2584 spiritualis
951 2513 985 2565 et
1004 2503 1081 2566 inde
1098 2485 1202 2567 ratio-

123 2593 184 2656 nalis
202 2596 348 2671 hominis,
368 2616 409 2660 ac
433 2597 567 2659 “sicera
576 2595 591 2620 ’¹
609 2615 725 2659 verum
747 2596 910 2659 naturalis
935 2596 1080 2659 hominis
1104 2598 1200 2660 inde:

76 2745 86 2763 ‚
123 2687 177 2764 quia
186 2689 261 2752 tales
273 2689 522 2771 intelliguntur,
534 2690 610 2752 ideo
623 2687 754 2760 dicitur,
768 2688 924 2751 “Effudit
938 2688 1093 2768 Jehovah
1104 2712 1203 2772 super

123 2796 166 2839 vos
186 2784 326 2864 spiritum
355 2780 617 2856 somnolentiae,
644 2791 679 2844 et
710 2781 854 2845 occlusit
885 2781 1002 2845 oculos
1030 2794 1163 2845 vestros
1179 2785 1203 2860 ;’'

125 2874 253 2951 “spiritus
279 2875 554 2940 somnolentiae”
577 2885 629 2937 est
658 2874 750 2937 nulla
777 2876 962 2956 percepti0,
988 2886 1022 2938 et
1049 2877 1204 2939 “occlusi

125 2965 202 3026 oeuli”
212 2979 284 3032 sunt
301 2970 413 3031 nullus
431 2965 643 3037 intellectus:
666 2973 685 2998 ‘⁴
696 2967 882 3048 prophetas
899 2977 933 3030 et
951 2969 1064 3049 capita
1078 2980 1201 3039 vestra,

126 3050 270 3144 [ndentes]
291 3060 461 3132 obtexit.''
479 3059 648 3141 significat
668 3059 744 3121 illos
763 3061 818 3142 qui
842 3062 874 3121 in
895 3058 1048 3123 dodirina
1067 3063 1147 3132 veri,
1168 3072 1203 3124 et

126 3145 178 3212 inde
192 3155 354 3235 sapientes
374 3164 409 3217 et
429 3153 662 3233 intelligentes
682 3163 817 3227 essent;
844 3153 1084 3234 “prophetae''
1100 3156 1203 3235 signi-

126 3236 198 3308 icant
219 3247 291 3310 illos
314 3249 371 3330 qui
397 3249 431 3309 in
455 3244 608 3309 doetrina
631 3247 699 3307 veri
727 3255 806 3308 sunt
834 3256 868 3308 et
897 3244 1067 3309 abstraete
1098 3249 1204 3328 ipsam

127 3329 284 3421 dolirinam,
301 3346 320 3371 ‘¹
331 3341 445 3422 capita
453 3339 469 3361 ”
481 3337 673 3421 significant
690 3339 862 3420 sapientes
878 3349 913 3402 et
929 3337 1099 3402 abstracte
1117 3342 1205 3421 sapi-

129 3430 278 3505 titianae
297 3433 507 3496 “videntes''
523 3430 715 3514 significant
733 3431 966 3513 intelligentes
983 3443 1017 3495 et
1034 3431 1206 3496 abstrat‘te

130 3516 372 3607 intelligentiam:
397 3527 577 3589 admiratio
597 3546 695 3606 super
715 3536 785 3613 tam
808 3526 902 3606 gravi
927 3526 1127 3606 stupiditate
1147 3526 1205 3588 de-

131 3614 245 3682 scribitur
269 3640 329 3701 per
354 3615 601 3692 “cunetamini,
630 3618 852 3691 admiramini,
882 3618 1144 3698 obstupescite,’'
1167 3640 1205 3682 ac

132 3699 291 3776 lamentatio
314 3733 415 3794 super
437 3711 495 3773 illa
518 3732 577 3793 per
597 3711 885 3774 “vociferamini''
929 3710 1033 3772 Tales
1056 3721 1134 3773 sunt
1160 3711 1206 3773 illi

133 3800 206 3876 quiin
221 3807 285 3868 vita
304 3807 384 3868 mali
405 3815 439 3867 et
459 3805 557 3878 simul
581 3806 614 3867 in
638 3804 807 3887 principiis
830 3802 903 3865 falsi
926 3814 1015 3877 sunt,
1037 3814 1207 3885 utcunque

135 3893 217 3959 eruditi
228 3899 405 3962 creduntur
418 3920 425 3974 ;
446 3918 504 3979 per
516 3899 621 3960 vitam
636 3898 713 3960 mali
728 3898 817 3959 enim
831 3895 1021 3958 occluditur
1033 3898 1208 3977 perceptio

136 3977 247 4058 boniex
267 4014 332 4076 qua
355 3993 427 4055 vita
450 4002 485 4054 et
509 3990 567 4053 lux
592 3991 795 4072 cogitationi
818 3999 881 4063 est,
905 3999 940 4051 et
964 4009 1022 4070 per
1046 3990 1209 4071 principia

138 4069 185 4138 falsi
199 4085 371 4149 occluditur
387 4082 582 4148 intellet'tus
600 4086 678 4157 veri,
697 4084 786 4145 unde
803 4083 920 4145 vident
937 4082 1045 4144 solum
1066 4101 1110 4143 ex
1130 4102 1208 4144 sen-

141 4170 195 4232 suali
208 4174 327 4242 homine
347 4190 384 4241 et
403 4176 484 4239 nihil
505 4198 548 4250 ex
569 4175 742 4258 spirituali.
788 4173 891 4256 Apud
911 4175 1067 4245 eundem,

175 4302 258 4359 ’Ὦπος
266 4312 399 4361 obfirmati
412 4311 512 4367 anima,
525 4324 578 4357 non
589 4310 676 4357 sciunt
685 4309 854 4361 satietatem:
872 4307 1004 4369 iidemque
1018 4316 1139 4368 pastores
1152 4321 1206 4353 non

230 4377 304 4427 sciunt
317 4376 468 4439 intelligere
480 4390 496 4431 ;.
508 4412 513 4423 .
524 4413 529 4423 .
541 4375 649 4430 uenite,
662 4388 765 4422 sumam
776 4373 877 4428 vinum.
890 4381 916 4420 et
929 4372 1091 4420 inebriemur
1103 4373 1187 4420 sicera
1193 4370 1206 4389 '¹

230 4439 275 4499 liri.
287 4456 322 4502 rr,
336 4445 393 4503 12):
