2684 4988
348 473 430 523 car.
447 473 506 536 vn,
523 474 626 525 vans.
646 475 772 542 13.-n.
788 461 921 546 403[d].
1130 463 1192 544 897

110 637 177 702 illum
188 639 374 703 naturalem
391 641 573 715 hominem,
587 642 667 705 licus
683 641 753 723 ejus
768 653 806 707 ut
822 641 945 708 fruetus
957 643 1082 707 malum
1096 655 1193 706 natu-

109 733 165 795 ralis
177 734 257 796 illius
273 735 431 808 hominis,
448 747 483 799 et
499 736 613 799 folium
630 736 699 817 ejus
715 738 832 800 salsum
849 738 935 800 illius
952 738 1042 812 mali,
1057 749 1193 801 constat

110 830 360 910 exsequentibus
377 829 430 892 his
449 828 531 893 locis
542 829 697 912 2—Apud
716 831 911 906 Jeremt'am,

144 969 279 1020 “Ostendit
291 970 503 1100 mihijeltovab,
517 987 576 1021 cum
590 987 649 1021 ecce
661 972 729 1022 duae
743 976 837 1022 corbes
851 974 946 1022 ficuum
959 975 1120 1023 constitutae
1131 983 1195 1023 ante

209 1036 352 1098 Templum
383 1037 486 1086 ehovae
488 1075 557 1091 .....
563 1053 616 1086 una
629 1039 717 1086 corbis
732 1039 795 1087 licus
810 1040 896 1088 bonae
911 1040 996 1096 valde,
1013 1040 1081 1087 sicut
1099 1039 1193 1088 ficuum

208 1102 339 1163 primitias
349 1103 508 1160 terentium
525 1104 645 1152 etaltera
654 1104 741 1152 corbis
751 1104 815 1152 ficus
824 1105 910 1153 malae
920 1104 1005 1160 valde,
1016 1119 1083 1167 quae
1091 1105 1194 1153 comedi

208 1181 260 1214 non
274 1178 399 1229 poterant
412 1182 475 1229 prae
487 1167 588 1217 malitia
597 1185 615 1218 :.
626 1206 632 1218 .
642 1205 648 1218 .
659 1169 735 1218 ,dixit
744 1168 865 1232 Jehovalt
868 1206 938 1225 .....
944 1169 1017 1218 Sicut
1029 1169 1093 1217 ficus
1106 1170 1193 1218 bonae

208 1241 279 1289 sunt,
296 1233 334 1281 ita
351 1247 496 1294 agnoscam
514 1233 701 1295 migrationem
719 1233 931 1298 Jeltudae....in
949 1245 1046 1283 terram
1065 1233 1195 1283 Chaldae-

207 1312 283 1345 orum
302 1299 329 1346 in
349 1300 459 1353 bonum,
473 1308 500 1347 et
518 1313 616 1360 ponam
628 1299 733 1347 oculum
747 1314 835 1347 meum
848 1313 927 1361 super
939 1314 986 1348 eos
1004 1300 1030 1347 in
1044 1301 1153 1357 bonum,
1167 1309 1196 1347 et

209 1363 333 1411 reducam
347 1377 395 1411 eos
406 1377 487 1424 super
498 1373 596 1412 terram
614 1364 691 1420 banc,
706 1373 732 1412 et
743 1364 887 1413 aedificabo
900 1379 947 1413 eos
949 1401 1019 1420 .....
1024 1374 1050 1413 et
1068 1365 1195 1426 plantabo

208 1441 300 1476 eos...
311 1444 331 1477 .:
346 1437 378 1476 et
390 1429 457 1476 sicut
472 1427 536 1476 ficus
549 1429 642 1484 malae,
658 1429 695 1477 ita
706 1429 787 1478 dabo.
798 1467 804 1478 .
814 1427 933 1478 ,relidios
946 1429 973 1477 in
987 1438 1056 1478 terra
1068 1429 1129 1478 hac.
1139 1467 1145 1478 .
1156 1430 1194 1477 .in

209 1494 419 1541 commotionem
430 1502 456 1541 et
468 1493 494 1541 in
508 1493 606 1541 malum
616 1495 741 1542 omnibus
751 1496 876 1555 gentibus
877 1531 947 1549 .....
952 1504 979 1542 et
992 1495 1094 1542 mittam
1108 1495 1134 1542 in
1147 1509 1195 1542 eos

207 1558 335 1620 gladium,
350 1559 450 1620 famem
462 1568 488 1606 et
500 1568 612 1620 pestem,
626 1568 655 1607 ut
667 1570 859 1607 consumantur
867 1559 880 1578 '⁸
893 1560 973 1620 (xxiv.
987 1561 1074 1620 1-10):

111 1705 150 1768 ptr
162 1691 421 1771 “captivitatem
436 1690 636 1771 Judaeorum
653 1692 686 1753 in
703 1700 792 1754 terra
809 1691 1055 1755 Chaldaeorum
1064 1690 1079 1714 ’⁹
1091 1690 1194 1772 signi-

105 1778 198 1846 ·icatur
215 1784 323 1846 simile
341 1785 431 1864 quod
451 1804 509 1866 per
527 1786 761 1866 captivitatem
781 1785 987 1867 spiritualem
1007 1806 1064 1847 seu
1083 1805 1194 1848 remo-

111 1875 206 1940 tionem
223 1879 389 1940 bonorum
408 1899 426 1940 a
446 1878 541 1941 malis
557 1880 589 1940 in
606 1881 733 1942 mundo
749 1879 920 1962 spirituali,
939 1879 1123 1942 secundum
1140 1879 1197 1941 illa

111 1983 171 2046 quae
181 1990 279 2050 supra
293 1989 328 2040 (n.
341 1986 571 2049 391[a].392[a]‚
583 1987 652 2050 394.
664 1987 737 2050 397)
751 1966 941 2032 memorata
953 1981 1052 2046 sunt;
1073 1989 1195 2051 nempe

111 2062 173 2138 quod
190 2063 327 2124 interius
345 2063 434 2135 mali,
451 2064 506 2144 qui
525 2084 627 2144 usque
644 2065 748 2125 vitam
769 2062 931 2125 moralem
947 2062 1090 2125 similem
1107 2063 1196 2124 vitae

111 2156 240 2234 spirituali
265 2157 299 2218 in
323 2157 477 2219 externis
500 2167 681 2238 potuerunt
704 2176 816 2238 agere,
837 2157 869 2218 in
888 2157 1014 2218 mundo
1035 2155 1196 2237 spirituali

110 2252 303 2313 remanserint
322 2269 422 2331 super
441 2262 540 2324 terra,
560 2260 595 2312 et
616 2250 842 2316 habitationes
862 2251 923 2311 sibi
942 2249 1080 2312 iecerint
1100 2270 1198 2330 super

110 2341 275 2407 editioribus
293 2344 376 2406 locis
395 2344 460 2420 ibi;
484 2364 522 2406 ac
542 2345 680 2407 interius
697 2344 775 2406 boni
792 2344 834 2406 ab
848 2343 912 2405 illis
928 2345 1048 2406 remoti
1064 2343 1196 2413 suerint,

108 2452 136 2499 tc
149 2439 304 2502 reconditi
323 2459 344 2500 a
362 2438 511 2501 Domino
529 2439 561 2500 in
582 2449 670 2502 terra
689 2438 859 2501 inferiore:
885 2437 947 2500 hoc
965 2448 1196 2518 repraesenta·

107 2537 216 2596 tunest
230 2554 288 2615 per
299 2535 622 2614 transportationem
632 2532 834 2612 Judaeorum
848 2520 880 2594 in
895 2545 1019 2594 terram
1030 2531 1197 2594 Chaldae-

107 2642 189 2701 untm,
204 2639 237 2690 et
258 2648 318 2709 per
335 2629 578 2690 remanentiam
595 2627 796 2707 reliquorum
813 2627 845 2687 in
863 2636 971 2702 terra;
995 2636 1199 2707 quapropter

107 2719 204 2784 dicitur
228 2723 271 2784 de
299 2721 365 2783 illis
392 2723 445 2802 qui
472 2742 507 2784 se
535 2722 755 2802 transportari
786 2721 873 2801 passi
903 2731 980 2783 sunt
1011 2723 1043 2782 in
1072 2732 1198 2782 terram

108 2811 343 2888 Chaldaeorum,
358 2815 553 2896 “Agnosco
569 2816 901 2895 transmigrationem
914 2814 1064 2895 Jchudae
1082 2816 1114 2875 in
1130 2824 1198 2876 ter·

108 2910 415 2974 ramChaldaeorum
430 2910 465 2972 in
480 2910 616 2983 bonum,
629 2920 664 2972 et
681 2929 804 2991 ponam
821 2909 954 2971 oculum
973 2928 1084 2970 meum
1101 2929 1200 2988 super

107 3006 196 3067 cosin
214 3006 350 3078 bonum,
370 3013 405 3066 et
425 3003 582 3066 reducam
601 3024 660 3066 eos
680 3024 778 3085 super
794 3013 917 3065 terram
938 3003 1036 3076 hanc,
1054 3013 1088 3065 et
1108 3003 1199 3064 aedi-

108 3092 194 3162 ficabo
214 3121 273 3163 eos
295 3109 331 3162 et
359 3098 523 3181 plantabo
546 3119 604 3160 eos
618 3097 644 3175 ;''
670 3099 771 3160 atde
799 3098 862 3160 illis
887 3098 939 3179 qui
968 3106 1200 3159 remanserunt

109 3190 215 3268 (licitur,
232 3195 360 3256 “Dabo
377 3189 511 3256 relidlos
531 3193 563 3254 in
583 3203 672 3254 terra
688 3192 750 3254 hac
771 3194 802 3254 in
820 3193 1094 3265 commotionem,
1115 3201 1149 3253 et
1169 3192 1200 3251 in

111 3287 209 3351 nalum
221 3289 378 3352 omnibus
394 3286 563 3368 gentibus,
577 3296 611 3349 et
629 3288 762 3349 mittam
780 3287 811 3348 in
829 3307 887 3347 eos
904 3284 1064 3366 gladium,
1079 3285 1200 3347 samem

112 3390 137 3442 ct
156 3396 294 3463 pestem,
317 3395 355 3446 ut
383 3380 651 3445 consumantur.'¹
707 3381 806 3461 Quod
837 3381 920 3442 haec
950 3390 1202 3461 repraesentata

114 3470 216 3550 luerint,
241 3487 381 3542 constat
408 3478 511 3539 etiam
540 3497 584 3538 ex
612 3496 663 3547 eo,
688 3475 777 3557 quod
803 3473 983 3555 Templum
1012 3471 1202 3535 Salomonis

116 3565 293 3635 destruttum
312 3573 357 3634 sit
376 3581 457 3632 ante
476 3569 759 3651 deportationem,
779 3580 814 3631 et
833 3568 922 3651 quod
944 3586 1068 3629 novum
1087 3563 1201 3627 aedist-

117 3673 201 3727 catum
222 3668 265 3729 sit
289 3666 371 3727 dum
394 3664 518 3727 reversi
541 3672 639 3738 sunt;
668 3682 725 3743 per
750 3660 973 3743 “templum''
997 3658 1202 3741 significatur

118 3755 199 3820 cultus
220 3760 372 3832 Divinus,
392 3769 427 3821 et
451 3777 510 3839 per
528 3763 680 3820 “novum
701 3756 888 3837 templum”
907 3755 963 3817 ille
987 3765 1202 3817 restauratus

120 3843 157 3912 Ex
175 3853 218 3916 his
235 3864 393 3917 constare
417 3861 531 3933 potest
551 3851 629 3932 quid
653 3849 860 3931 significatur
879 3870 937 3931 per
957 3850 1068 3910 “duas
1085 3849 1204 3910 corbes

122 3936 210 4011 ficum
227 3949 434 4012 constitutas
453 3956 533 4009 ante
550 3944 729 4026 Templum
748 3944 908 4024 Jehovae,
927 3945 958 4004 in
978 3963 1116 4024 quarum
1137 3962 1202 4003 una

124 4033 220 4106 iterum
235 4044 314 4107 ficus
333 4045 444 4106 bonae
461 4040 571 4114 valde,
588 4041 674 4102 sicut
694 4037 814 4101 ficuum
835 4039 996 4119 primitias
1014 4036 1203 4109 serentium,

126 4136 189 4198 etin
206 4140 308 4202 altera
330 4137 414 4199 ficus
435 4135 544 4198 malae
562 4134 674 4207 valde,
694 4155 778 4215 quae
798 4132 929 4196 comedi
953 4150 1020 4193 non
1045 4142 1205 4211 poterant

128 4240 181 4301 me
198 4233 317 4296 malitia
331 4231 358 4309 ;”
386 4249 509 4311 nempe
532 4230 622 4312 quod
649 4229 697 4291 illi
720 4229 775 4309 qui
803 4227 940 4289 interius
967 4226 1045 4287 boni
1073 4236 1162 4296 sunt,
1186 4246 1205 4286 a

129 4321 212 4396 quibus
235 4347 356 4391 novum
387 4325 521 4390 caelum
549 4324 760 4387 formandum
791 4332 853 4394 est,
882 4319 1117 4399 intelligantur
1147 4335 1204 4398 pes

132 4414 256 4485 “curberu
282 4421 405 4485 ficuum
433 4417 626 4492 bonarum,'¹
649 4427 684 4479 et
712 4415 758 4477 illi
785 4417 840 4497 qui
868 4415 1005 4477 interius
1034 4412 1124 4485 mali,
1150 4414 1204 4493 qui
