2684 4988
402 115 489 165 can.
506 115 567 177 vr..
586 115 689 165 vens.
710 116 839 166 12.-u.
855 102 978 187 4o1[e].
1191 109 1251 173 881

133 279 320 347 dottrinalia
335 305 428 368 quae
448 306 494 348 ex
512 283 605 348 bono
623 282 717 367 (nam
733 285 848 348 omnia
864 307 945 349 vera
961 283 1148 361 dodtrinae,
1166 310 1253 372 quae

141 378 278 459 genuina,
301 378 501 461 procedunt
529 400 575 442 ex
602 378 705 454 bono,
729 389 765 443 et
789 389 869 443 sunt
896 379 1005 463 boni),
1030 392 1065 444 et
1091 381 1252 465 “lapides

146 470 316 535 carbunculi
324 471 342 496 '⁹
353 470 554 554 significant
565 470 699 535 illorum
709 471 928 555 splendorem
941 494 986 536 ex
999 473 1091 537 bono
1105 496 1113 552 ;
1133 496 1252 540 omnes

151 565 219 629 euim
239 564 401 650 “lapides
424 568 567 648 pretiosi
577 565 593 590 ”
609 565 805 647 significant
827 588 908 630 vera
931 588 977 630 ex
1000 567 1092 631 bono
1104 590 1112 646 ;
1144 569 1249 645 color,

154 659 283 740 splendor
306 671 342 723 et
371 661 461 743 ignis
484 681 602 723 eorum
632 661 819 742 indigitant
843 660 944 744 quale
967 663 1037 724 veri
1065 684 1109 725 ex
1137 663 1249 726 bono:

158 771 198 833 per
217 759 368 836 “ponam
395 774 536 818 omnem
567 753 669 817 finem
696 774 813 817 eorum
844 756 877 816 in
909 754 1040 836 lapides
1067 757 1250 820 desiderii”

160 846 332 928 significatur
355 848 448 931 quod
467 869 549 912 vera
571 846 771 922 scientifica,
791 870 878 930 quae
902 849 1066 912 naturalis
1090 849 1248 927 hominis,

74 1000 76 1005 .
161 959 191 1000 ex
201 941 277 1004 bono
288 962 436 1005 amoena
448 952 484 1006 et
497 942 648 1023 jucunda
659 953 779 1020 erunt;
800 963 859 1024 per
874 941 1027 1005 “finem”
1040 945 1129 1006 enim
1141 944 1249 1009 simile

162 1031 328 1118 intelligitur
346 1037 439 1118 quod
459 1057 519 1119 per
533 1036 854 1109 “fundamentum''
872 1046 907 1099 et
928 1035 992 1098 hoc
1012 1047 1066 1099 est
1085 1038 1249 1101 naturalis

163 1122 235 1190 hono
237 1131 334 1212 ,quia
350 1131 385 1193 in
401 1128 468 1193 illis
481 1151 567 1212 quae
584 1130 640 1203 ibi,
659 1131 886 1193 terminantur
901 1129 992 1192 bona
1007 1140 1042 1193 et
1056 1151 1135 1193 vera
1151 1132 1248 1212 spiri-

74 1239 78 1247 ·
164 1219 232 1284 uatis
251 1223 418 1300 hominis;
442 1231 507 1287 et‘
512 1223 659 1307 ‘lapides
682 1223 865 1287 desiderii”
883 1234 963 1287 sunt
986 1245 1066 1287 vera
1089 1245 1134 1287 ex
1158 1226 1249 1288 bono

164 1328 269 1379 tuoena
294 1327 330 1380 et
356 1316 526 1399 jucunda:
557 1338 617 1401 per
638 1317 698 1381 illa
726 1317 966 1399 intelliguntur
995 1317 1085 1380 bona
1104 1327 1139 1380 et
1169 1339 1249 1381 vera

165 1400 236 1471 Verbi
237 1432 341 1494 ,quae
354 1412 444 1493 apud
457 1411 535 1475 illos
547 1413 603 1495 qui
619 1433 637 1475 e
655 1432 744 1474 nova
756 1410 912 1484 ecclesia,
926 1432 1013 1495 quae
1029 1411 1112 1473 talia
1129 1423 1246 1475 erunt:

164 1503 249 1579 qvod‘
253 1504 345 1568 ‘''sol
368 1504 538 1586 significet
562 1506 689 1569 bonum
712 1507 848 1577 amoris,
874 1515 970 1587 patet
998 1506 1102 1568 etiam
1126 1526 1246 1581 exeo,

75 1618 78 1624 ·
162 1597 419 1673 quoddicantur
424 1600 557 1664 ‘''soles
576 1601 610 1663 in
628 1599 760 1684 plurali.
806 1599 911 1681 Apud
930 1598 1085 1673 Ht'obum,

192 1729 275 1782 “lium
284 1732 409 1789 laetatus,
417 1733 490 1796 quod
500 1732 600 1782 multae
609 1732 752 1783 facultates
762 1732 837 1790 mihi,
847 1742 874 1781 et
883 1733 955 1794 quod
965 1731 1089 1793 ingentes
1099 1731 1248 1781 invenisset

256 1812 353 1847 manus
362 1801 442 1848 mea?
459 1813 523 1846 ιιιιιιι
534 1798 590 1847 vidi
601 1798 689 1847 lucem
703 1799 774 1862 quod
783 1797 945 1859 splenderet,
958 1806 984 1845 et
994 1797 1085 1845 lunam
1094 1797 1166 1859 quod
1176 1797 1249 1846 clara

255 1862 458 1926 ingrederetur?
474 1874 502 1913 et
514 1864 620 1912 seduxit
632 1878 663 1913 se
680 1863 708 1911 iu
727 1864 833 1911 occulto
850 1876 1008 1920 cormeum,
1022 1871 1050 1911 et
1067 1862 1190 1910 osculata
1206 1871 1248 1911 est

255 1943 352 1978 manua
363 1943 426 1978 mea
436 1943 468 1978 os
480 1928 604 1980 meumi'
615 1928 698 1991 (xxxi.
709 1940 791 1988 25-27
800 1927 817 1990 :)

139 2064 197 2125 ver
210 2057 287 2123 haec
311 2061 346 2123 in
369 2080 470 2123 sensu
490 2059 655 2143 spirituali
675 2059 879 2141 intelligitur
896 2058 987 2142 quod
1007 2077 1074 2121 non
1098 2079 1143 2121 ex
1168 2079 1245 2140 pro·

131 2151 207 2218 nno
224 2154 437 2237 acquisiverit
461 2154 525 2217 sibi
548 2153 825 2235 intelligentiam,
845 2164 881 2216 et
907 2153 997 2234 quod
1021 2172 1089 2214 non
1116 2173 1161 2215 ex
1185 2153 1243 2216 illa

128 2239 198 2309 sibi
212 2250 364 2313 meritum
385 2247 501 2311 iecerit
519 2258 554 2311 et
573 2246 741 2329 gloriatus
760 2248 826 2323 sit;
851 2267 930 2309 narn
951 2247 1075 2309 “Num
1093 2247 1242 2312 laetatus

113 2342 221 2419 ,quod
240 2342 370 2406 multae
392 2342 576 2406 facultates
592 2341 684 2415 mihi,
705 2351 740 2404 et
764 2341 854 2424 quod
878 2342 1036 2422 ingentes
1060 2342 1245 2406 invenisset

122 2441 247 2499 manus
265 2429 382 2500 mea?”
405 2435 575 2517 significat
595 2456 675 2498 num
698 2434 865 2517 gloriatus
884 2437 927 2499 sit
951 2436 1041 2517 quod
1065 2436 1094 2497 ei
1118 2435 1244 2498 intelli-

119 2531 256 2604 genua,
272 2540 307 2594 et
324 2531 415 2613 quod
432 2551 477 2594 ex
494 2531 631 2612 proprio
646 2530 708 2593 sibi
725 2529 818 2592 illam
834 2531 1088 2611 acquisivisset;
1115 2529 1247 2592 “iacul-

121 2620 244 2685 tates”
259 2634 338 2687 suut
354 2625 572 2706 cognitiones
588 2623 667 2686 boui
684 2632 719 2686 et
735 2624 816 2694 veri,
830 2644 889 2705 per
904 2643 988 2705 quas
1005 2622 1245 2710 intelligentia,

120 2723 179 2776 et
194 2719 301 2800 “quod
330 2720 490 2800 ingentes
513 2718 711 2791 invenisset,
732 2737 851 2779 manus
875 2736 950 2780 mea
961 2717 990 2778 ?''
1013 2726 1066 2779 est
1094 2737 1174 2780 num
1201 2740 1246 2782 ex

123 2815 262 2892 proprio
283 2815 538 2896 acquisivisset:
568 2819 677 2875 “num
701 2813 768 2874 vidi
793 2811 902 2874 lucem
923 2812 1013 2894 quod
1038 2812 1245 2894 splenderet,

126 2910 182 2963 et
201 2903 303 2970 lunam
327 2908 419 2990 quod
446 2905 538 2969 clara
564 2906 799 2986 ingrederetur
809 2905 839 2967 ?’'
869 2904 1038 2986 significat
1063 2926 1142 2969 num
1166 2927 1246 2969 vera

131 2997 324 3075 spiritualia,
348 3021 436 3083 quae
458 3000 585 3063 iaciunt
610 2998 875 3081 intelligentiam
900 2999 1029 3081 (“lux”
1052 3010 1087 3062 et
1113 2999 1245 3062 “luna’'

138 3088 318 3170 Significant
335 3114 415 3157 vera
433 3092 657 3177 spiritualia):
684 3099 749 3156 “et
769 3093 907 3156 seduxit
923 3114 960 3157 se
979 3096 1012 3156 in
1028 3093 1166 3157 occulto
1185 3114 1244 3159 cor

140 3196 252 3261 meum,
273 3199 309 3252 et
332 3187 489 3251 osculata
511 3198 565 3251 est
590 3207 710 3250 manus
733 3207 810 3250 mea
832 3208 871 3250 os
894 3207 1007 3250 meum
1020 3187 1050 3249 ?”
1077 3188 1246 3269 significat

150 3290 217 3342 nun
238 3282 312 3346 inde
338 3283 431 3345 intus
461 3281 629 3363 gloriatus
656 3283 730 3356 sim,
754 3293 790 3345 et
817 3301 896 3344 num
920 3281 1161 3345 vindicaverim
1188 3282 1246 3346 illa

157 3370 231 3435 mhi.
268 3375 372 3460 Apud
390 3375 612 3451 Matthaeum,

200 3506 247 3558 “Ut
260 3511 317 3561 sitis
334 3511 381 3561 lilii
401 3510 489 3561 Patris
507 3512 590 3561 vestrl
608 3511 699 3575 quim
717 3512 807 3570 caelis,
824 3526 869 3576 qur
862 3511 967 3560 solem
981 3526 1059 3561 suum
1072 3514 1171 3563 exoriri
1183 3515 1248 3566 iacit

259 3591 337 3640 super
349 3577 437 3627 malos
449 3587 476 3627 et
488 3578 586 3635 bonos,
600 3586 627 3626 et
644 3576 763 3640 pluviam
776 3577 859 3626 mittit
871 3591 953 3641 super
964 3577 1052 3640 justos
1065 3588 1091 3628 et
1108 3579 1247 3643 injustos''

260 3640 292 3703 (v
304 3643 361 3706 es)

172 3764 249 3841 agitur
259 3773 297 3838 ibi
312 3775 355 3840 de
370 3774 543 3840 charitate
559 3795 640 3856 erga
657 3775 861 3858 proximum,
877 3784 914 3837 ut
930 3785 1027 3856 patet
1044 3776 1088 3839 ab
1103 3787 1244 3841 antece·

175 3852 287 3930 dentibus
300 3881 333 3934 et
350 3869 573 3954 sequentibus
590 3870 644 3942 ibi,
662 3881 697 3932 et
714 3870 747 3931 in
764 3871 876 3978 specie
893 3871 934 3932 de
949 3870 1097 3950 Judaeis,
1112 3872 1167 3952 qui
1184 3893 1244 3955 pro

177 3944 273 4023 inimicis
284 3964 454 4031 habebant
466 3975 601 4046 gentes,
614 3975 649 4028 et
663 3986 723 4046 pro
733 3965 849 4027 amicis
860 3985 958 4027 suos·
951 3966 1068 4047 ,quod
1082 3965 1157 4027 illos
1169 3967 1244 4029 dili·

79 4126 86 4149 ἵ
177 4056 255 4115 fluent
265 4077 359 4146 aeque
371 4080 413 4126 ac
427 4080 520 4136 suos,
534 4059 724 4123 illustratur
736 4080 756 4122 a
769 4060 918 4123 Domino
930 4081 989 4142 per
1002 4060 1089 4124 hanc
1103 4080 1244 4143 compa·
