2684 4988
119 456 181 527 888
439 471 688 522 nrocarrrsrs
710 470 937 522 axrnrcaru.

118 640 172 720 qui
196 649 387 720 percuteret
409 651 511 722 caput
532 640 662 722 Jonae”
681 639 889 721 significatur
907 659 1004 702 amor
1021 639 1071 700 sui
1093 635 1169 719 quii

118 731 164 795 illi
184 734 289 813 genti.
307 742 341 795 et
359 753 417 814 per
434 740 603 798 “ventum
620 733 820 797 orientalem
836 735 1072 796 exsiccantem
1080 731 1095 754 ”
1109 729 1169 792 salsi

119 827 206 901 inde,
223 836 258 889 et
276 847 335 908 per
349 835 526 891 “vermem
534 828 549 852 '¹
562 830 616 910 qui
633 830 799 910 percussit
815 827 1008 907 kikajonem
1025 823 1169 906 significat

118 918 302 983 destructio
324 922 460 985 maliet
484 922 564 985 inde
584 922 677 985 falsi:
705 922 795 1004 quod
819 922 883 984 hoc
908 941 969 1002 per
989 919 1169 998 “kikajoner

118 1013 336 1095 significetur,
359 1027 455 1098 patet
479 1037 524 1079 ex
547 1017 599 1078 his
622 1018 654 1078 in
678 1017 905 1098 descriptione
927 1014 997 1087 illa.
1018 1013 1105 1095 quod
1124 1012 1169 1093 Jor

119 1110 262 1189 primum
281 1109 458 1172 “laetatus
475 1112 519 1173 sit
536 1131 635 1192 super
650 1109 872 1191 kikajonem‚”
888 1119 922 1171 et
940 1118 1118 1190 postquam
1131 1104 1169 1168 kil

115 1202 173 1282 jon
195 1209 400 1284 “percussus
419 1215 510 1266 esset
530 1225 550 1266 a
568 1225 681 1267 verme
700 1214 735 1267 et
755 1201 976 1274 exaruisset,’'
992 1201 1082 1284 quod
1102 1207 1169 1262 “exr

118 1299 199 1359 serit
222 1297 269 1359 illi
293 1300 461 1379 usquead
485 1299 661 1372 mortem,”
684 1310 719 1361 et
742 1319 788 1361 ex
810 1319 854 1360 eo
875 1297 965 1378 quod
989 1297 1118 1359 dicatur
1135 1314 1169 1376 qu

120 1392 331 1455 “clementia
342 1413 419 1455 usus
430 1404 521 1456 esset
534 1413 633 1474 super
645 1392 831 1472 kikajone.''
871 1391 972 1472 Quod
986 1389 1169 1472 gensJudai

118 1488 194 1568 quia
211 1488 242 1547 in
261 1486 321 1548 tali
336 1507 452 1550 amore
468 1498 503 1550 et
522 1489 554 1550 in
572 1488 631 1549 tali
648 1488 725 1549 inde
741 1486 837 1559 salso,
854 1486 1066 1548 damnationi
1082 1484 1169 1546 obnor

118 1582 172 1653 sit.
193 1580 394 1662 intelligitur
413 1602 472 1663 per
490 1582 574 1644 haec
594 1583 696 1644 verba
715 1581 757 1643 ad
776 1580 897 1661 Jonam
919 1579 1029 1641 “Non
1048 1573 1169 1660 persedit

118 1674 237 1746 iecisti,
257 1677 334 1755 quia
355 1674 440 1737 filius
459 1672 593 1737 ωτιοὲὶίετ
611 1672 719 1737 faetus
736 1695 784 1747 es,
804 1684 840 1737 et
859 1673 945 1735 lilius
963 1670 1097 1735 ¹¹¹n08tis
1114 1670 1169 1753 peri

118 1770 213 1830 (Qualis
230 1786 289 1829 gens
304 1774 406 1833 Judaioe
423 1773 505 1824 iuerat,
522 1774 630 1818 videatur
647 1773 671 1817 in
691 1773 811 1818 Datim
828 1773 911 1818 Navae
926 1771 1111 1828 Hierosolyme,
1125 1779 1169 1813 ua

119 1845 219 1928 Quod
239 1868 335 1910 amor
353 1850 402 1910 sui
421 1850 474 1911 hic
494 1858 530 1911 et
548 1850 580 1910 in
605 1848 887 1929 praecedentibus
909 1846 995 1908 locis
1014 1843 1169 1926 significet

118 1953 171 2005 est
190 1945 266 2024 quia
286 1964 344 2025 per
362 1943 521 2006 “solem”
540 1945 572 2005 in
592 1943 741 2024 genuino
759 1942 923 2025 spirituali
945 1961 1046 2004 sensu
1064 1936 1169 2021 signifi<

119 2047 172 2099 tur
191 2058 286 2100 amor
308 2040 342 2100 in
365 2037 560 2110 Dominum,
581 2048 616 2100 et
639 2037 714 2099 huic
738 2037 844 2099 amori
867 2037 1045 2116 oppositus
1067 2046 1117 2097 est
1133 2050 1169 2095 au

118 2133 187 2207 sui;
212 2133 315 2196 etiam
339 2131 449 2194 Amor
472 2131 613 2194 Divinus
638 2130 785 2203 Domini.
806 2130 861 2212 qui
883 2139 937 2192 est
962 2149 1120 2211 praesens
1137 2146 1169 2208 ap

118 2227 386 2306 unumquemviS‚
410 2227 554 2288 vertitur
580 2226 613 2287 in
640 2244 791 2287 amorem
816 2225 865 2285 sui
892 2222 981 2304 apud
1011 2223 1126 2293 malos,
1147 2240 1169 2281 n:

119 2338 219 2382 omne
238 2319 379 2381 influens
398 2320 431 2383 in
450 2316 601 2399 subjecto
616 2319 802 2400 recipiente
818 2319 961 2381 vertitur
977 2317 1010 2379 in
1028 2316 1169 2380 conveni«

107 2426 199 2476 tsuae
223 2422 383 2489 naturae;
411 2424 510 2495 prout
533 2413 627 2475 calor
649 2412 730 2474 solis
758 2432 857 2494 purus
882 2412 915 2473 in
943 2411 1168 2491 graveolentia

119 2504 277 2587 subjectis
297 2506 374 2569 talis
395 2517 546 2579 naturae,
567 2517 601 2569 et
624 2505 684 2568 lux
708 2506 788 2568 solis
811 2525 893 2588 pura
916 2506 949 2567 in
974 2515 1083 2568 tetros
1101 2503 1169 2567 colo

119 2602 151 2661 in
168 2597 308 2679 objedtis
327 2600 405 2662 talis
424 2601 647 2680 receptionis:
676 2601 753 2662 inde
770 2610 822 2662 est
838 2601 928 2681 quod
948 2620 1008 2681 per
1026 2599 1157 2661 “solem

119 2695 283 2774 percussit
300 2703 401 2775 caput
417 2693 546 2775 Jonae’¹
560 2693 766 2774 significetur
781 2714 876 2756 amor
892 2695 952 2766 sui,
967 2712 1091 2775 nempe
1106 2695 1137 2754 in
1152 2691 1169 2753 il

119 2799 154 2850 et
180 2808 313 2869 quoque
340 2788 428 2868 apud
455 2787 674 2860 Matthaeum,
703 2808 763 2869 per
792 2787 927 2850 “solem
955 2786 1169 2860 exortum,'¹r

119 2892 242 2944 exusta
261 2894 340 2943 sunt
360 2883 488 2944 semina
508 2903 607 2964 super
624 2882 779 2963 petrosis.
826 2881 864 2943 In
883 2881 1101 2962 Apocalypsi,

169 3025 187 3047 “
195 3021 296 3072 Civitas
304 3023 320 3043 ”
332 3023 409 3073 Nova
422 3024 614 3087 Hierosolyma
628 3027 645 3048 ‘¹
654 3039 708 3073 non
721 3039 789 3087 opus
801 3024 882 3072 habet
894 3024 952 3072 sole
964 3033 991 3072 et
1003 3024 1077 3079 luna.
1092 3033 1119 3072 ut
1130 3024 1169 3072 luc

248 3090 282 3214 i2n3
288 3089 520 3217 illpgglprssnegipn
535 3090 584 3139 Dei
598 3090 711 3140 illtutrat
724 3090 806 3147 illam,
817 3100 844 3139 et
856 3090 965 3138 lucerna
973 3089 1034 3151 ejus
1044 3090 1139 3152 Agnus
1146 3087 1169 3126 ⁹⁶<

120 3307 180 3369 per
192 3285 351 3348 “solem”
365 3287 419 3360 ibi,
433 3308 500 3368 quo
517 3307 584 3350 non
601 3307 685 3368 opus
702 3286 841 3349 habebit
858 3287 979 3349 civitas
996 3286 1096 3349 Nova
1113 3285 1169 3348 Hir

119 3381 261 3462 solyma,
280 3380 488 3462 significatur
501 3389 600 3444 amor
616 3382 789 3455 naturalis,
807 3383 862 3463 qui
880 3382 914 3443 in
933 3401 969 3444 se
989 3379 1165 3463 spectatus

119 3496 213 3538 amor
226 3477 274 3538 sui
287 3486 322 3538 et
337 3476 450 3538 mundi
464 3498 471 3553 ;
491 3486 526 3539 et
541 3497 600 3557 per
611 3482 630 3508 “
641 3475 754 3538 lunam
764 3476 778 3499 ’¹
788 3474 997 3556 significatur
1010 3476 1124 3539 lumen
1137 3495 1169 3538 nr

119 3570 198 3641 rale‚
224 3590 301 3631 narn
327 3569 440 3631 lumen
464 3570 619 3633 naturale
644 3571 677 3631 in
701 3590 738 3632 se
760 3567 951 3652 spectatum
975 3580 1029 3632 est
1053 3591 1098 3633 ex
1121 3589 1169 3632 am

119 3665 273 3737 naturali,
287 3674 322 3726 et
336 3664 435 3746 quale
452 3664 585 3727 luminis
602 3665 786 3727 secundum
803 3664 903 3746 quale
918 3667 1066 3728 amoris:
1091 3675 1127 3728 at
1143 3686 1169 3727 ar

119 3758 299 3841 spiritualis
322 3769 357 3821 et
382 3758 440 3820 lux
465 3759 645 3841 spiritualis
669 3759 878 3839 significatur
901 3780 959 3842 per
982 3761 1074 3841 quod
1100 3760 1169 3841 “gl

120 3854 183 3916 Dei
206 3853 388 3915 illustrabit
412 3853 517 3926 illam,
537 3864 573 3916 et
595 3854 732 3916 lucerna
750 3853 821 3933 ejus
840 3853 991 3933 Agnus.”
1036 3852 1139 3934 Quod
1158 3865 1169 3916 t

119 3967 237 4010 sensus
261 3946 393 4008 illorum
413 3946 591 4009 verborum
612 3949 666 4020 sit,
687 3958 783 4030 patet
803 3947 980 4010 manifeste
1005 3969 1050 4011 ex
1074 3949 1126 4011 his
1146 3968 1169 4028 a

121 4040 273 4114 Esaiam,

170 4173 257 4222 “Non
270 4174 320 4222 erit
332 4174 379 4222 tibi
393 4175 433 4223 sol
445 4175 559 4236 amplius
573 4175 599 4223 in
612 4175 698 4223 lucem
711 4175 834 4232 interdiu,
846 4185 872 4223 et
884 4175 911 4223 in
922 4175 1094 4237 splendorem
1107 4176 1167 4224 luna

248 4240 345 4287 lucebit
355 4240 409 4296 tibi,
422 4241 468 4287 sed
481 4241 530 4288 erit
541 4241 586 4288 tibi
597 4239 716 4304 Jehovah
730 4242 756 4289 in
769 4241 853 4288 lucem
864 4241 1038 4296 aeternitatis.
1051 4251 1078 4289 et
1091 4241 1161 4290 Deus

248 4306 275 4353 in
285 4305 365 4353 decus
376 4315 464 4353 tuum:
484 4320 537 4352 non
549 4306 650 4354 occidet
659 4308 773 4368 amplius
784 4307 829 4355 Sol
838 4315 908 4362 tuus,
920 4317 945 4354 et
957 4306 1033 4354 Luna
1043 4316 1088 4355 tua
1098 4320 1169 4355 none

247 4381 332 4432 getur,
365 4371 407 4418 uia
418 4369 539 4433 Jehovah
551 4373 601 4418 erit
613 4371 659 4418 tibi
678 4372 704 4419 in
722 4372 807 4420 lucem
820 4372 995 4429 aeternitatis,
1009 4382 1037 4420 et
1054 4372 1168 4434 implebu

248 4435 305 4484 dies
317 4435 344 4483 lu
373 4450 404 4484 us
416 4436 453 4483 tui
461 4435 475 4452 ”
487 4436 532 4497 (lx.
544 4448 582 4498 19,
595 4437 650 4497 aol:
