2684 4988
308 489 389 540 car.
405 489 480 550 vn..
497 487 601 538 vens.
621 472 871 558 1.-n.4i7[a].
1068 489 1154 559 moy¹

104 650 147 727 pud
158 655 265 734 Mosen,

114 761 230 820 lletiemiui
247 779 326 820 extra
338 771 435 820 urbem
447 770 578 832 angulum
589 784 685 819 verum
699 779 789 820 ortum
806 769 861 820 duo
873 769 960 820 millia
976 769 1110 828 mmmm,
1122 779 1152 820 et

232 836 287 886 lum
301 835 422 884 meridiei
437 837 560 893 totidem,
574 845 602 885 et
615 835 746 896 angulum
759 835 910 885 occidentis
922 834 1045 894 totidem,
1059 844 1087 886 et
1103 850 1151 887 uu·

166 850 251 964 fflm
264 901 458 964 septentrionis
471 901 585 950 totidem
597 899 692 962 (Num.
704 915 785 950 xxxv.
799 902 839 962 5);

104 1038 259 1110 meterea
277 1028 368 1111 apud
388 1029 534 1102 Josuam

306 1151 384 1214 (Cap.
396 1166 439 1201 xv.
453 1163 466 1211 5
477 1165 482 1210 ;
497 1165 556 1214 cup.
567 1150 642 1202 xviii.
656 1163 695 1209 12,
708 1163 747 1211 ¹⁴.
759 1149 867 1213 15,ao):

114 1302 170 1365 per
193 1282 387 1365 “angulum
415 1281 585 1357 orientis,”
610 1282 822 1355 “meridiei’'
846 1279 1092 1345 “occidentis'’
1113 1291 1149 1346 et

104 1377 327 1460 ptentrionis”
352 1377 556 1460 intelligitur
583 1376 673 1440 latus
700 1377 743 1440 ad
772 1376 909 1459 plagam
936 1375 1148 1450 orientalem,

104 1471 296 1545 idionalem,
315 1471 565 1535 occidentalem
584 1480 620 1534 et
639 1470 955 1553 septentrionalem.
1000 1470 1058 1533 Ex
1076 1471 1149 1552 qui-

108 1575 203 1647 patet
216 1565 308 1647 quod
325 1585 384 1646 per
398 1571 571 1647 “quatuor
583 1563 726 1645 angelos
742 1574 876 1627 stantes
892 1584 992 1645 super
1005 1574 1151 1646 quatuor

104 1659 161 1722 ulis
177 1669 288 1722 terrae
298 1659 313 1683 ”
330 1678 398 1721 non
415 1658 627 1739 intelligatur
643 1679 742 1740 super
757 1668 902 1740 quatuor
918 1658 1051 1741 angulis
1067 1657 1148 1740 ejus,

109 1753 141 1815 in
160 1762 306 1835 quatuor
322 1751 433 1834 plagis
452 1751 542 1832 ejus:
567 1750 722 1815 similiter
741 1751 820 1815 alibi
838 1753 871 1814 in
890 1751 1105 1833 Apocalypsi,

104 1905 198 2022 atarr(as
210 1895 319 2022 “83xibit
331 1895 365 1943 ad
377 1894 559 1944 seducendum
571 1902 668 1956 gentes
677 1909 747 1957 quae
759 1894 787 1942 in
797 1903 913 1957 quatuor
922 1894 1030 1956 angulis
1042 1893 1150 1945 terree”

168 1976 210 2010 xx.
249 1997 255 2010 .

104 2091 132 2154 »d
156 2098 330 2173 “quatuor
352 2090 468 2172 anguli
477 2090 493 2114 ”
511 2091 678 2166 dicantur,
700 2101 736 2154 et
759 2110 828 2154 non
851 2101 996 2174 quatuor
1014 2089 1148 2173 plagae,

104 2188 175 2267 quia
190 2188 296 2249 etiam
313 2206 372 2267 per
390 2184 563 2266 “angulos
571 2185 586 2208 '’
602 2184 836 2266 significantur
851 2187 975 2258 omnia,
989 2187 1149 2268 quoniam

104 2291 112 2342 t
128 2289 305 2355 extrema;
330 2288 487 2342 extrema
506 2280 595 2341 enim
614 2279 908 2361 comprehendunt
931 2281 1044 2341 omnia
1063 2299 1149 2362 quae

104 2383 186 2437 entro
204 2374 247 2436 ad
269 2373 407 2464 ultimas
427 2373 633 2455 peripherias
649 2382 739 2446 sunt,
758 2392 836 2435 nam
852 2383 931 2436 sunt
951 2373 1060 2436 ultimi
1079 2383 1148 2436 ter-

106 2467 123 2528 i
166 2467 250 2530 Inde
269 2476 343 2529 erat
363 2466 453 2548 quod
472 2487 572 2549 super
591 2476 736 2548 quatuor
753 2467 887 2547 angulis
906 2465 1023 2531 altaris
1041 2486 1148 2550 pone·

104 2576 146 2625 :ur
160 2572 306 2643 quatuor
324 2581 460 2634 cornua,
479 2572 513 2623 et
533 2580 633 2642 super
651 2560 717 2623 illis
736 2560 931 2624 funderetur
947 2563 1095 2644 sanguis,
1112 2572 1148 2627 et

104 2664 208 2719 totum
228 2655 337 2718 altare
356 2657 552 2737 expiaretur

104 2787 134 2838 Ut
145 2798 217 2851 putet
231 2788 259 2836 in
274 2789 371 2846 Exodo,
383 2803 441 2850 cap.
451 2789 533 2838 xxvii.
544 2800 575 2843 π
595 2802 654 2850 cup.
664 2787 736 2838 xxix.
749 2800 778 2837 12
789 2802 795 2847 ;
815 2802 873 2851 cap.
884 2803 945 2838 xxx
956 2800 979 2847 a,
989 2801 1013 2850 3,
1025 2801 1071 2848 ro,
1088 2803 1146 2903 esf.

159 2869 273 2980 ffugi}
275 2850 483 2979 ,axliilifiaoiffl
493 2866 516 2913 7,
528 2855 565 2912 18,
575 2866 615 2913 25,
624 2867 664 2913 30,
673 2866 720 2914 34;
738 2868 795 2917 cap.
806 2855 859 2903 xvi.
871 2855 909 2912 18,
921 2867 965 2917 19:
980 2850 1116 2905 Euctlssx
1127 2854 1145 2904 i.

104 3051 133 3114 >d
147 3072 206 3134 per
224 3057 244 3083 “
255 3050 400 3131 angulos
408 3049 423 3074 ”
439 3049 671 3132 significentur
687 3051 810 3124 omnia,
824 3052 901 3133 quia
917 3061 1085 3127 extrema,
1102 3073 1148 3116 ex

104 3165 133 3208 sa
156 3147 200 3208 de
226 3166 294 3227 qua
320 3165 430 3227 supra,
454 3147 532 3227 quia
554 3156 712 3207 extrema
734 3145 911 3208 includunt
935 3157 969 3208 et
993 3165 1148 3228 compre·

106 3239 182 3303 dunt
206 3241 332 3311 omnia,
352 3249 490 3301 constat
514 3238 692 3301 manifeste
715 3259 759 3301 ex
783 3239 983 3320 quibusdam
1006 3242 1147 3303 statutis

104 3333 121 3394 d
137 3333 222 3396 filios
243 3332 396 3408 Israelis;
421 3342 457 3395 ut

104 3464 161 3529 >uod
173 3482 229 3516 non
242 3467 471 3516 circumducerent
482 3481 531 3515 seu
545 3466 671 3515 raderent
682 3466 811 3529 angulum
824 3466 920 3529 capitis
934 3466 976 3517 sui
990 3466 1082 3530 (Levit.
1092 3467 1146 3518 xix.

104 3533 231 3658 >lunarios
244 3597 370 3645 raderent
381 3596 509 3658 angulum
522 3597 621 3645 barbae
634 3611 699 3645 suae
712 3595 804 3658 (Levit.
815 3597 869 3646 xix.
882 3609 929 3657 27:
947 3612 1005 3659 cap.
1015 3597 1069 3647 xxi.
1081 3598 1121 3659 5);

104 3661 122 3712 it
134 3663 203 3727 quod
221 3677 278 3711 non
289 3663 543 3710 ltlconsummarent
557 3662 686 3724 angulum
701 3663 758 3724 agri
776 3663 818 3711 sui
833 3677 893 3711 cum
909 3672 1040 3712 meterent
1054 3663 1146 3726 (levit.

157 3729 211 3777 xix.
222 3742 255 3790 p;
272 3741 330 3790 cap.
340 3727 414 3776 xxiii.
425 3728 474 3788 22).

111 3858 191 3922 haec
207 3868 341 3921 statuta
353 3856 419 3920 illis
434 3858 516 3920 data
529 3867 618 3933 sunt,
634 3878 702 3921 non
718 3859 794 3922 sciri
811 3869 927 3941 potest
944 3861 1006 3923 nisi
1022 3861 1148 3925 sciatur

104 3953 295 4035 lsignificat
313 3953 441 4016 “crinis
460 3952 611 4035 capitis,”
626 3953 706 4035 quid
727 3953 891 4029 “barba,”
906 3955 985 4036 quid
1007 3955 1149 4037 “agen''

104 4048 172 4110 imul
185 4047 265 4130 quid
279 4052 299 4078 “
308 4046 480 4128 angulus.”
526 4047 587 4110 Per
600 4049 754 4110 “crinem
768 4049 889 4129 capitis
897 4047 912 4072 ’'
922 4057 958 4112 et
970 4054 990 4080 “
999 4049 1124 4114 barbae
1132 4048 1148 4075 ’'

104 4142 234 4206 ificatur
257 4140 415 4204 ultimum
437 4142 529 4205 vitae
552 4141 709 4216 hominis,
732 4143 822 4223 quod
846 4143 1001 4207 sensuale
1024 4162 1146 4226 corpo·

104 4248 298 4313 nvocatur;
324 4246 359 4299 et
375 4257 434 4318 per
447 4235 617 4318 “agrum'’
633 4235 844 4317 significatur
859 4237 1014 4313 ecclesia,
1031 4259 1070 4302 ac
1087 4259 1147 4321 per

104 4351 203 4396 essem
212 4330 228 4357 ”
252 4350 370 4395 verum
393 4327 585 4393 doctrinae:
613 4351 717 4412 quare
739 4333 1060 4413 repraesentabatur
1086 4353 1145 4415 per

104 4428 190 4510 quod
212 4436 373 4491 extrema
392 4435 682 4500 conservarentur,
702 4427 780 4508 quia
797 4426 989 4507 significant
1009 4428 1143 4503 omnia,
