2716 4986
132 476 212 543 1234
437 473 690 527 APOCALYPSIS
711 476 939 529 Exulem.

185 639 352 724 504[a].
388 638 566 704 Hactenus
582 651 761 705 ostensum
784 655 839 707 est
861 645 942 727 quid
958 643 1171 727 significatur
1187 665 1237 727 per

127 735 355 816 “grandinem
369 733 395 812 ;''
427 744 581 816 superest
607 736 711 799 etiam
742 745 779 800 ut
809 738 1012 802 ostendatur
1037 738 1118 821 quid
1146 739 1236 819 signi·

125 824 244 891 ficatur
267 848 326 908 per
350 828 521 909 “ignem''
565 829 628 892 Per
651 830 797 911 “ignem
806 830 822 854 ”
844 832 878 894 in
901 830 1020 895 Verbo
1042 831 1238 914 significatur

125 922 251 984 bonum
271 923 394 984 amoris
414 923 581 998 caelestis,
602 943 641 986 ac
666 944 725 1005 per
742 924 940 989 “flammam
949 925 965 950 ’⁷
979 927 1108 989 bonum
1127 925 1237 989 amoris

125 1015 307 1097 spiritualis
320 1038 328 1093 ;
354 1017 388 1078 in
412 1019 571 1098 opposito
594 1028 709 1081 autem
732 1039 832 1082 sensu
855 1039 915 1101 per
935 1020 1104 1102 “ignem''
1122 1017 1236 1101 signifi·

125 1120 222 1174 catur
245 1110 369 1172 malum
394 1112 570 1174 oriundum
593 1132 638 1174 ex
662 1131 777 1176 amore
800 1114 860 1187 sui,
884 1133 922 1176 ac
947 1133 1007 1195 per
1027 1111 1237 1176 “flammam''

126 1203 252 1267 malurn
265 1206 440 1267 oriundum
454 1226 497 1267 ex
511 1225 626 1269 amore
640 1206 765 1271 mundi.
806 1205 988 1270 Sciendum
1005 1218 1058 1271 est
1071 1209 1162 1290 quod
1174 1226 1236 1271 om-

126 1299 181 1360 nia
214 1299 304 1361 bona
326 1318 546 1380 quaecunque
568 1311 659 1376 sunt,
683 1320 778 1364 suam
801 1302 1022 1365 existentiam
1049 1303 1176 1365 ducant
1200 1321 1236 1364 ex

125 1411 239 1455 amore
256 1392 395 1455 caelesti
412 1404 446 1456 et
466 1415 510 1456 ex
527 1415 642 1475 amore
659 1396 841 1477 spirituali;
864 1406 899 1458 et
919 1397 1013 1479 quod
1029 1398 1145 1459 omnia
1160 1395 1238 1458 mala

125 1506 345 1569 quaecunque
365 1498 455 1560 sunt,
475 1508 570 1551 suam
594 1490 815 1553 existentiam
839 1490 966 1555 ducant
990 1511 1036 1554 ex
1060 1511 1175 1554 amore
1197 1491 1238 1551 sui

125 1593 160 1643 et
184 1602 228 1644 ex
253 1602 367 1644 amore
392 1584 528 1660 mundi;
562 1594 599 1647 et
623 1585 700 1666 quia
722 1605 817 1647 amor
839 1586 872 1647 in
896 1595 1041 1668 utroque
1065 1605 1166 1648 sensu
1188 1605 1239 1666 per

127 1678 270 1759 “ignem
279 1676 293 1700 ”
312 1678 344 1739 in
363 1676 480 1740 Verbo
499 1677 719 1759 significatur,
736 1680 814 1742 ideo
829 1681 932 1743 etiam
948 1701 1050 1743 omne
1067 1681 1192 1743 bonum
1208 1691 1239 1742 et

126 1791 227 1836 omne
247 1771 384 1843 malum,
402 1793 488 1856 quae
507 1794 553 1860 erp
572 1774 742 1837 amoribus
758 1774 824 1837 illis
839 1775 926 1838 binis
942 1776 1108 1838 existunt.
1154 1773 1239 1856 Quo·

126 1869 216 1931 niam
236 1869 268 1931 in
286 1867 402 1931 Verbo
419 1869 536 1950 “ignis
544 1868 559 1892 '’
576 1869 699 1933 dicitur
713 1880 748 1933 et
768 1870 810 1933 de
827 1869 922 1933 caelo
937 1882 973 1935 et
991 1870 1034 1933 de
1054 1869 1193 1945 inferno,
1208 1878 1240 1932 et

126 1963 235 2026 adhuc
252 1962 405 2043 ignotum
422 1973 474 2025 est
491 1963 581 2044 quod
601 1983 695 2025 amor
712 1984 771 2045 per
787 1964 929 2046 “ignem
938 1963 952 1988 ”
968 1965 1013 2027 ibi
1029 1963 1239 2045 significetur,

127 2056 228 2119 velim
246 2057 340 2137 plura
358 2056 432 2118 loca
449 2056 597 2119 eVerbo
613 2055 740 2131 afferre,
755 2067 791 2120 ut
808 2058 840 2121 in
859 2057 967 2121 lucem
985 2059 1142 2121 mittatur
1157 2055 1239 2141 quod

128 2170 188 2232 per
208 2151 351 2231 “ignem
360 2150 375 2172 ”
394 2151 426 2212 in
446 2151 537 2213 bono
553 2171 654 2212 sensu
673 2152 717 2214 ibi
736 2151 947 2234 intelligatur
963 2172 1059 2215 amor
1078 2150 1239 2224 caelestis,

129 2254 165 2308 et
189 2244 223 2306 in
246 2243 338 2308 malo
356 2264 457 2307 sensu
481 2264 574 2308 amor
597 2245 777 2308 infernalis.
816 2244 924 2326 ,Quod
949 2266 1009 2327 per
1028 2246 1193 2328 “ignem'’
1208 2246 1238 2307 in

33 2376 38 2386 .
129 2337 246 2401 Verbo
265 2337 472 2419 significetur
488 2359 583 2402 amor
601 2337 759 2402 caelestis
775 2350 871 2421 patet
891 2342 1035 2421 primum
1054 2361 1099 2404 ex
1120 2338 1238 2422 signifi·

127 2435 262 2497 catione
283 2435 397 2515 “ignis
420 2434 566 2509 altaris,”
584 2434 675 2517 quod
699 2436 741 2498 sit
765 2455 859 2498 amor
878 2436 1047 2510 caelestis,
1071 2457 1130 2499 seu
1152 2453 1238 2498 amor

127 2526 161 2587 ln
182 2525 368 2587 Dominum
385 2541 505 2600 (videntur
513 2556 593 2600 supra,
603 2555 626 2588 n.
640 2525 720 2607 496)
736 2548 743 2604 ;
766 2536 801 2589 et
817 2527 909 2609 quod
928 2526 1088 2590 Slmllltel'
1105 2523 1239 2609 “ignis''

127 2637 195 2679 non
219 2617 345 2689 altaris,
366 2629 524 2680 constare
543 2629 659 2700 potest
682 2639 726 2681 ex
751 2619 969 2702 sequentibus
994 2617 1237 2701 locis:—Apud

124 2708 337 2784 Ezechielem,
1227 2726 1234 2743 ·

176 2861 260 2911 “Vidi
279 2878 338 2912 curn
357 2878 418 2912 ecce
431 2874 527 2913 ventus
545 2864 676 2926 procellae
688 2863 762 2914 venit
780 2879 812 2914 ex
830 2865 1023 2927 septentrione,
1038 2867 1124 2914 nubes
1135 2878 1235 2926 magus,

255 2938 281 2977 et
291 2929 361 2990 ignis
371 2930 397 2978 in
411 2944 439 2977 se
452 2930 538 2991 ipsum
553 2945 582 2978 se
596 2931 735 2993 recipiens,
750 2930 792 2979 cui
803 2931 930 2992 splendor
939 2930 1117 2987 circumcirca.
1128 2941 1155 2979 et
1166 2928 1236 2993 qussi

256 2995 358 3056 species
369 3009 469 3056 prunae
480 2990 532 3042 l¹lin
547 2995 635 3044 medio
645 2995 730 3057 ignis:
749 3006 775 3044 et
785 3011 799 3044 e
810 2996 898 3044 medio
908 2994 966 3058 ejus
976 2995 1123 3045 similitudo
1133 3006 1237 3058 quatuor

255 3061 410 3109 animalium
421 3077 438 3109 :.
450 3058 619 3122 ...aspectus
636 3061 791 3109 animalium
809 3060 878 3109 sicut
895 3074 997 3122 prunae
1012 3061 1084 3123 ignis
1095 3058 1236 3110 1¹1srdenter

254 3126 330 3188 juxta
342 3122 479 3188 aspectum
496 3127 667 3188 lampadum:
688 3127 757 3175 idem
777 3126 903 3175 incedens
918 3127 989 3175 inter
1002 3127 1145 3183 animalia:
1166 3127 1201 3174 ita
1213 3133 1237 3173 ut

255 3193 383 3254 splendor
394 3192 457 3252 igni,
469 3202 494 3239 et
505 3207 537 3239 ex
549 3193 610 3252 igne
622 3193 715 3240 exiens
725 3191 820 3253 fulgur.
845 3229 851 3240 .
862 3229 867 3240 .
878 3228 883 3240 .
895 3191 993 3254 ,Supra
1003 3206 1162 3254 expansum,
1173 3188 1236 3254 quod

254 3271 334 3320 super
346 3259 431 3318 capite
444 3271 546 3312 eorum,
560 3267 628 3305 erat.
639 3295 645 3305 .
656 3295 661 3305 .
672 3257 829 3305 ,similitudo
847 3256 945 3313 throni,
960 3271 1043 3319 super
1055 3272 1108 3320 quo
1121 3253 1236 3319 aspectus

255 3324 372 3371 hominis
385 3338 402 3377 ;.
413 3360 418 3371 .
428 3332 466 3373 ,er
479 3323 534 3371 vidi
549 3323 617 3370 sicut
630 3323 745 3384 speciem
761 3336 861 3384 prunae
874 3321 950 3384 juxta
962 3323 1080 3385 speciem
1093 3323 1163 3384 ignis
1175 3321 1237 3370 intre

256 3386 354 3437 l⁸lillam
365 3389 542 3445 circumcirca,
552 3389 587 3436 ab
596 3386 706 3450 aspectu
717 3389 867 3436 lumborum
879 3386 945 3449 Ejus
954 3398 981 3435 et
993 3402 1111 3444 sursum,
1122 3398 1149 3436 et
1160 3388 1192 3436 ab
1200 3400 1237 3434 as-

255 3451 333 3516 pediu
347 3455 498 3502 lumborum
513 3452 577 3515 Ejus
595 3464 622 3501 er
639 3453 764 3501 deorsum
783 3452 837 3501 vidi
856 3453 931 3515 quasi
949 3450 1091 3557 aspectum
1110 3452 1187 3516 ignis,
1200 3449 1236 3501 cui

254 3520 381 3581 splendor
393 3520 561 3568 circumcirca
569 3518 583 3537 '¹
595 3519 622 3579 (i.
633 3532 658 3578 4,
670 3514 721 3582 [5,]
732 3531 770 3578 13,
781 3518 821 3576 26,
832 3529 863 3577 27
873 3531 878 3576 ;
896 3532 954 3580 esp.
964 3514 982 3556 [⁴
991 3518 1047 3568 viii.
1058 3521 1098 3580 2):

123 3698 182 3759 per
202 3677 426 3749 “cherubos,'’
444 3678 499 3759 qui
518 3677 579 3740 visi
601 3677 688 3740 sicut
711 3675 878 3750 animalia,
898 3675 1102 3757 intelligitur
1126 3674 1235 3740 Domi·

123 3791 184 3833 nus
203 3773 313 3854 quoad
339 3773 494 3834 Divinam
515 3772 771 3852 providentiam,
791 3781 826 3834 et
850 3771 961 3853 quoad
986 3772 1177 3835 custodiam
1198 3788 1235 3832 ne

121 3867 263 3929 adeatur
280 3867 340 3928 nisi
357 3886 457 3948 quam
475 3886 533 3946 per
552 3867 677 3929 bonum
691 3866 834 3942 amoris;
858 3874 893 3928 et
906 3865 983 3947 quia
1002 3865 1077 3946 ipsa
1090 3864 1236 3929 custodia

121 3971 173 4023 est
197 3963 229 4023 in
250 3961 363 4034 caelis,
383 3982 421 4023 ac
446 3962 623 4041 praecipue
646 3962 680 4022 in
700 3958 795 4023 caelo
814 3960 934 4022 intimo
950 3979 1009 4021 seu
1033 3961 1148 4034 tertio,
1167 3959 1236 4022 ideo

120 4072 256 4134 quoque
280 4052 344 4114 hoc
365 4053 498 4115 caelum
519 4073 578 4133 per
599 4051 822 4114 “cherubos”
840 4048 1052 4131 significatur
1072 4067 1190 4126 (udatur
1200 4079 1236 4112 su·

120 4171 171 4215 pra,
186 4170 209 4202 n.
230 4156 296 4220 152,
312 4157 382 4219 277.
400 4158 469 4220 313·
487 4158 556 4220 322,
573 4141 643 4221 362,
656 4140 758 4221 462):
786 4150 821 4203 et
844 4141 923 4222 quia
945 4140 1088 4203 tertium
1107 4140 1233 4204 caelum

120 4235 281 4314 imprimis
296 4254 353 4314 per
370 4234 445 4295 illos
462 4232 679 4315 significatur,
694 4254 732 4297 ac
751 4233 916 4295 Dominus
929 4241 981 4294 est
998 4252 1100 4312 supra
1117 4232 1233 4305 caelos,

120 4328 197 4391 ideo
216 4349 348 4411 quoque
369 4330 458 4390 visus
477 4339 530 4391 est
551 4329 716 4390 Dominus
737 4335 865 4409 “super
885 4327 1020 4402 throno,
1041 4347 1142 4409 supra
1161 4328 1232 4391 che·

119 4423 220 4487 rubos
232 4423 257 4486 :''
273 4424 362 4506 quod
379 4424 491 4505 itaque
510 4423 623 4504 “ignis
632 4423 647 4446 ”
660 4424 749 4485 visus
765 4424 809 4486 sit
825 4423 858 4484 in
875 4422 987 4485 medio
1003 4423 1231 4496 cheruborum‚
