2684 4988
378 402 477 519 cns.
496 468 678 531 v1.,vsss.
697 470 806 538 gean.
825 471 894 538 370.
1142 473 1202 542 731

130 651 249 724 postquam
264 648 479 721 propagata
496 647 563 712 est,
579 637 729 701 decrevit
746 640 934 702 successive
954 659 1058 721 usque
1076 639 1120 701 ad
1139 638 1204 702 hoc

131 733 314 816 tenpuquod
328 743 391 796 est
406 731 571 795 ultimum
584 731 664 812 ejus,
675 752 743 813 quo
752 731 922 812 judicium.
954 729 1204 796 Praedictiones

130 829 200 892 dehis
210 828 404 892 successivis
422 827 591 890 ecclesiae
606 827 754 889 statibus
770 827 1030 890 manifestantur
1046 827 1099 889 hic
1116 829 1202 890 sicut

129 941 157 984 rx
169 922 229 986 libro
242 943 296 1004 per
309 923 414 985 varia
429 921 744 1003 repraesentativa;
768 921 827 982 sed
847 921 1022 983 sciendum
1041 930 1094 984 est
1113 922 1203 1003 quod

128 1014 322 1096 praedidliones
342 1016 439 1080 tales
459 1034 529 1077 non
547 1016 639 1079 visae
657 1025 692 1078 et
717 1012 825 1078 led'tae
844 1017 912 1079 sint
934 1017 967 1078 in
991 1015 1086 1089 libro,
1107 1026 1204 1097 post-

127 1128 192 1190 quam
205 1110 308 1192 sigilla
327 1109 405 1191 ejus
422 1119 544 1192 aperta
561 1119 652 1184 sunt,
672 1110 733 1172 sed
752 1109 990 1173 manifestatae
1013 1130 1072 1191 per
1090 1109 1204 1173 caelos

125 1203 267 1268 illumino
283 1225 403 1269 coram
423 1204 556 1285 angelis
574 1205 684 1267 intimi
702 1202 798 1278 caeli,
816 1205 950 1287 quaein
971 1202 1098 1266 ultimis
1117 1204 1203 1268 caeli

124 1309 360 1379 repraesentatae
376 1308 457 1362 sunt
474 1319 534 1380 per
549 1298 632 1362 talia
648 1318 734 1380 quae
749 1299 783 1361 in
800 1297 864 1360 hoc
882 1298 994 1379 capite
1011 1317 1203 1360 memoran-

124 1401 174 1469 tur;
196 1412 322 1474 nempe,
348 1413 410 1475 per
437 1413 543 1474 equos
568 1394 651 1455 varii
677 1391 812 1465 coloris,
838 1402 873 1454 et
901 1392 979 1454 dein
1008 1412 1066 1473 per
1093 1402 1203 1454 terrae

123 1487 307 1560 mussulis
326 1497 362 1550 et
383 1485 483 1549 lunae
501 1486 767 1560 obscurationes,
783 1496 821 1548 et
840 1485 1016 1548 stellarum
1037 1485 1150 1566 lapsus
1170 1487 1202 1548 in

122 1588 231 1642 terram:
253 1581 314 1644 sed
337 1580 423 1644 haec
447 1590 544 1645 erant
565 1581 785 1662 apparentiae
804 1599 918 1642 coram
938 1578 1070 1660 angelis
1093 1579 1203 1642 ultimi

121 1673 189 1746 caeli,
208 1685 240 1738 et
263 1673 458 1755 significant
486 1672 543 1736 illa
565 1695 651 1756 quae
674 1675 791 1737 audita
813 1683 848 1736 et
876 1682 1036 1754 percepta
1063 1683 1141 1736 sunt
1169 1674 1202 1737 in

122 1765 210 1829 intimo
224 1766 328 1843 caelo,
344 1767 399 1831 ubi
416 1787 484 1829 non
501 1765 588 1830 tales
604 1768 824 1849 apparentiae
840 1766 992 1829 suerunt:
1017 1786 1094 1829 nam
1108 1768 1202 1849 quic-

122 1860 177 1938 quid
190 1860 219 1923 in
236 1862 357 1924 intimo
372 1859 470 1924 caelo
487 1860 630 1934 auditur,
648 1861 821 1941 cogitatur
836 1869 871 1923 et
891 1861 1072 1942 percipitur
1090 1880 1112 1922 a
1131 1860 1201 1922 Do-

123 1952 194 2025 mino,
209 1953 269 2016 hoc
288 1973 367 2017 cum
381 1953 560 2017 descendit
579 1974 639 2035 per
654 1952 785 2017 caelum
806 1953 952 2015 medium
971 1953 1015 2015 ad
1034 1952 1201 2027 ultimum,

122 2047 229 2109 vertitur
240 2049 272 2108 in
285 2046 374 2110 tales
387 2047 613 2128 apparentias.
656 2045 711 2109 Ita
723 2066 837 2109 coram
850 2045 960 2109 ultimi
972 2044 1057 2109 caeli
1070 2045 1202 2127 angelis

123 2140 345 2222 promulgantur
358 2159 483 2203 arcana
501 2140 687 2223 sapientiae
707 2138 869 2202 Divinae:
894 2138 943 2203 illi
961 2140 1016 2222 qui
1036 2140 1080 2202 ibi
1099 2138 1201 2203 intel-

123 2226 232 2309 ligentes
254 2244 345 2307 sunt,
365 2233 554 2314 percipiunt
577 2253 701 2295 arcana
723 2231 781 2295 illa
803 2254 848 2296 ex
871 2233 1200 2314 correspondentiis;

123 2331 147 2383 at
158 2321 240 2389 infimi
255 2326 390 2390 illorum
403 2345 472 2387 non
489 2326 688 2407 percipiunt,
701 2325 762 2389 sed
777 2326 879 2388 modo
891 2327 1001 2389 sciunt
1015 2326 1106 2408 quod
1122 2327 1201 2391 inibi

124 2414 298 2495 sintarcana‚
312 2439 375 2482 nec
390 2418 480 2481 ultra
492 2419 662 2500 inquirunt
675 2440 683 2496 ;
706 2438 782 2482 cum
798 2418 851 2481 his
867 2418 927 2483 suit
939 2419 1112 2499 Johannes
1125 2439 1201 2483 cum

123 2505 146 2568 in
158 2513 255 2592 spiritu
273 2533 333 2575 seu
352 2514 386 2576 in
405 2513 545 2575 visione.
592 2510 688 2575 Haec
704 2509 794 2575 dieta
813 2521 903 2586 sunt,
921 2522 957 2574 ut
976 2513 1102 2576 sciatur
1118 2534 1201 2595 quo-

125 2604 195 2667 nodo
218 2605 369 2669 Verbum
397 2606 627 2686 conscriptum
653 2605 709 2679 sit,
737 2605 827 2687 quod
855 2624 977 2687 nempe
1004 2626 1049 2669 ex
1076 2605 1202 2671 talibus

123 2711 180 2772 quae
201 2701 267 2761 visa
294 2709 331 2762 et
358 2697 477 2761 audita
504 2707 583 2760 sunt
613 2699 646 2760 in
674 2697 800 2761 ultimis
826 2696 923 2772 caeli,
951 2699 1000 2762 ita
1028 2720 1073 2762 ex
1102 2703 1202 2764 meris

123 2792 393 2873 correspondentiis
424 2800 459 2854 et
488 2792 796 2872 repraesentativis,
826 2792 860 2853 in
890 2812 1031 2874 quorum
1061 2793 1201 2876 singulis

123 2874 200 2948 luent
221 2883 481 2948 innumerabilia
506 2895 541 2947 et
569 2881 748 2946 ineffabilia
774 2904 898 2947 arcana
926 2886 1113 2966 sapientiae
1141 2887 1201 2951 Di·

123 2989 198 3038 llllae.
391 3026 393 3030 ψ

158 3079 242 3148 310.
275 3065 408 3130 “Audivi
432 3065 554 3128 Mum
582 3065 696 3127 animal
720 3064 1002 3156 dlesus.''-Quod
1031 3067 1201 3150 significet

122 3153 204 3216 ecula
216 3155 337 3218 intimo
352 3176 376 3218 a
390 3153 543 3227 Domino,
558 3163 699 3218 constat
718 3175 763 3216 ex
781 3154 848 3217 illis
866 3176 953 3238 quae
971 3176 1074 3238 supra
1092 3175 1126 3231 (n.
1140 3173 1177 3238 35
1183 3175 1200 3238 3

121 3239 197 3317 ³362)
209 3241 300 3306 ditia
318 3252 411 3317 sunt,
428 3242 484 3306 ubi
502 3242 634 3305 similia.
677 3241 780 3324 Quod
797 3254 944 3324 quatuor
962 3244 1123 3308 animalia
1142 3267 1201 3310 seu

122 3341 229 3407 quatuor
254 3333 394 3397 cherubi
423 3353 505 3397 unus
532 3344 609 3416 post
636 3333 781 3397 alterum
809 3333 913 3397 locuti
940 3337 1019 3409 sint,
1044 3348 1097 3400 est
1124 3339 1202 3421 quia

123 3417 240 3507 illaquae
252 3427 413 3491 dixerunt
427 3426 693 3508 correspondent
710 3448 754 3490 ex
770 3429 949 3510 opposito;
969 3431 1094 3513 primus
1111 3433 1201 3495 enim

123 3511 250 3583 therubus
268 3530 344 3584 erat
363 3518 482 3582 similis
501 3517 600 3595 leoni,
620 3521 787 3584 secundus
806 3521 924 3583 similis
942 3523 1060 3598 vitulo,
1080 3527 1201 3589 tertius

123 3612 199 3686 quoad
214 3613 330 3678 faciem
344 3613 432 3676 sicut
448 3612 561 3688 hom0,
576 3624 610 3676 et
624 3624 763 3695 quartus
775 3615 892 3678 similis
905 3616 1036 3699 aquilae
1049 3617 1180 3683 volanti
1193 3642 1200 3697 ;

123 3704 145 3756 tl
161 3719 207 3781 per
228 3700 419 3768 “leonem'’
440 3701 651 3784 significatur
673 3706 831 3785 potentia
854 3722 973 3779 (videatur
986 3737 1065 3781 supra,
1078 3738 1101 3770 n.
1113 3712 1199 3790 278),

123 3800 162 3860 per
173 3791 361 3854 “vitulum”
376 3789 587 3872 significatur
602 3792 729 3855 bonum
746 3808 779 3866 (n.
792 3808 876 3874 279),
895 3815 954 3877 per
971 3797 1175 3861 “hominem
1185 3799 1202 3824 '⁹

123 3876 253 3954 sapientia
274 3897 309 3953 (n.
325 3880 412 3954 280),
436 3887 471 3942 et
493 3900 553 3962 per
577 3880 778 3963 “aquilam'’
800 3882 1033 3965 intelligentia
1055 3903 1090 3960 (n.
1105 3889 1200 3965 281);

124 3979 193 4041 quare
208 3991 279 4034 cum
295 3972 440 4053 primum
456 3970 591 4046 animal,
608 3972 698 4053 quod
715 3981 788 4034 erat
804 3973 912 4037 simile
929 3974 1029 4050 leoni,
1047 3976 1199 4040 locutum

123 4066 166 4153 tlt,
180 4062 370 4129 describitur
389 4064 513 4145 primus
532 4073 644 4127 status
662 4083 778 4127 eorum
797 4067 852 4147 qui
873 4068 916 4129 ab
935 4068 1089 4144 ecclesia,
1111 4073 1200 4153 quod

123 4142 153 4207 rbi
164 4158 228 4217 tunc
239 4165 330 4217 esset
347 4173 463 4236 pugna
477 4174 522 4216 ex
539 4155 664 4217 Divino
676 4154 771 4218 Vero
784 4158 990 4233 (didatursupra,
1000 4189 1023 4222 n.
1035 4174 1072 4242 35
1080 4175 1200 4242 5-359),

125 4252 177 4302 nan
196 4264 246 4324 per
269 4244 458 4309 “leonem‘'
480 4245 687 4327 significatur
710 4249 865 4329 potentia
888 4270 974 4331 quae
997 4261 1049 4314 est
1076 4252 1201 4316 Divino

124 4323 203 4398 Vero:
224 4359 295 4402 cum
310 4338 496 4402 secundum
509 4339 632 4402 animal
651 4339 802 4403 locutum
819 4351 883 4415 est,
897 4344 988 4425 quod
1005 4356 1078 4408 erat
1092 4344 1202 4408 simile

124 4422 209 4503 u'tulo,
225 4432 422 4496 describitur
440 4432 606 4496 secundus
629 4443 740 4496 status
763 4454 879 4498 eorum
898 4437 953 4518 qui
977 4437 1021 4500 ab
1042 4436 1200 4514 ecclesia,
