2716 4986
386 488 466 539 cnr.
485 487 696 549 vn1.,vsns.
714 486 825 556 7.-u.
845 471 963 556 504[e].
1157 486 1235 554 1245

116 658 165 720 vit
186 667 221 721 et
241 658 411 721 destruxit
431 668 545 721 castra
564 656 827 740 Aegyptiorum.
873 654 975 739 Quod
994 656 1082 739 ignis
1101 678 1120 720 e
1139 655 1236 720 caelo

116 752 331 815 descendens
347 753 540 835 apparuerit
557 773 756 816 consumere
773 751 883 814 malos
902 752 936 814 in
956 751 1082 815 mundo
1101 751 1235 832 spiritu·

117 845 172 919 aii,
190 855 329 909 constat
346 867 391 910 ex
408 845 623 928 Apocalypsi,
641 847 696 909 ubi
715 847 748 908 id
764 846 873 908 visum
889 854 943 909 est
961 844 1128 926 Johanni;
1153 844 1235 908 dicit

117 961 208 1004 emm

167 1073 248 1137 Quod
260 1074 427 1124 descenderit
446 1075 543 1136 ignise
560 1074 636 1123 caelo
651 1083 678 1123 et
695 1072 892 1136 consumpserit
907 1071 1013 1135 Gogum
1031 1081 1059 1121 et
1077 1070 1235 1134 Magogum,

248 1149 274 1188 et
287 1142 391 1188 turbam
404 1155 498 1188 eorum
516 1140 571 1201 (xx.
581 1154 614 1203 9;
632 1140 725 1190 Erech.
737 1140 847 1190 xxxviii.
859 1140 915 1200 22):

118 1281 348 1341 “consumere
357 1278 372 1301 '‘
395 1278 439 1340 ibi
463 1277 632 1360 significat
657 1278 851 1360 dispergere
874 1287 911 1342 et
935 1276 1102 1359 conjicere
1128 1277 1162 1339 in
1184 1277 1235 1340 in·

116 1370 257 1434 sernum.
304 1371 389 1435 Inde
408 1393 541 1455 quoque
561 1374 684 1435 dicitur
702 1372 791 1454 apud
810 1371 963 1447 Esaiam,

168 1505 253 1555 “Erit
266 1505 323 1554 Lux
338 1505 444 1555 Israelis
463 1507 490 1554 in
503 1508 603 1568 ignem.
615 1517 642 1556 et
656 1503 772 1555 Sanetus
784 1505 843 1567 ejus
861 1506 888 1554 in
906 1505 1051 1564 flammam,
1066 1518 1133 1590 quae
1145 1518 1237 1553 acceu-

248 1571 293 1620 det
304 1581 331 1621 et
343 1573 465 1621 comedet
479 1582 616 1634 vepretum
629 1582 656 1621 et
670 1573 829 1621 senticetum
842 1570 901 1633 ejus
916 1571 944 1619 in
958 1571 1001 1619 die
1015 1585 1071 1619 uno
1087 1569 1203 1632 '(x.17):

117 1730 177 1792 per
198 1717 403 1794 “vepretum
426 1722 461 1775 et
481 1712 711 1776 senticetum”
730 1709 963 1793 significantur
982 1709 1072 1774 mala
1095 1721 1131 1774 et
1153 1708 1238 1773 falsa

116 1802 292 1869 dodtrinae
304 1807 470 1869 ecclesiae
483 1829 490 1882 ;
515 1803 702 1869 destructio
715 1806 848 1869 illorum
862 1826 922 1887 per
934 1805 1095 1867 Divinum
1109 1804 1237 1867 Verum

116 1899 330 1962 descendens
357 1921 376 1962 e
399 1899 506 1974 caelo,
532 1899 743 1981 significatur
770 1920 829 1982 per
855 1900 946 1981 quod
972 1898 1079 1962 “Lux
1103 1897 1238 1960 Israelis

116 1995 180 2057 erit
201 1995 234 2055 in
253 1995 379 2074 ignem,
400 2005 435 2058 et
455 1991 600 2056 Sandtus
620 1994 690 2076 ejus
709 1996 742 2057 in
762 1992 963 2057 flammam.”

183 2086 244 2170 [00]
263 2086 433 2170 Quoniam
445 2109 504 2171 per
515 2094 534 2120 ⁴⁶
544 2090 660 2170 ignem
669 2089 684 2113 '’
694 2090 727 2152 in
739 2089 898 2171 opposito
909 2107 1020 2161 sensu,
1032 2107 1091 2149 seu
1102 2104 1237 2167 respec-

117 2185 187 2248 tive
206 2183 249 2245 ad
270 2184 390 2257 malos,
405 2184 537 2266 proprie
553 2184 764 2265 significatur
779 2204 875 2246 amor
894 2184 954 2256 sui,
975 2202 1015 2244 ac
1036 2202 1095 2264 per
1112 2179 1237 2242 “iiam-

117 2278 232 2341 mam”
255 2297 351 2340 amor
385 2279 510 2350 mundi.
536 2279 613 2341 ideo
636 2281 740 2342 etiarn
761 2299 820 2361 per
840 2277 1010 2360 “ignem”
1030 2274 1239 2356 significatur

116 2392 220 2435 omne
233 2372 370 2447 malum,
386 2374 473 2436 sicut
493 2373 677 2447 inimicitia,
693 2374 817 2447 odium,
832 2368 991 2445 vindicta,
1006 2380 1040 2434 et
1054 2369 1149 2453 plura
1160 2368 1237 2443 alia,

118 2483 198 2526 nam
212 2465 328 2526 omnia
347 2464 439 2527 mala
455 2486 499 2527 ex
519 2465 608 2527 binis
624 2463 691 2527 illis
704 2464 893 2546 originibus
912 2463 1103 2526 scaturiunt
1120 2477 1240 2536 (videatur

116 2571 608 2632 ooarsmmvaernerosaymae.n.75);
625 2555 992 2638 consequenturetiam
1004 2550 1238 2635 per“ignem”

117 2645 328 2727 significatur
345 2645 529 2710 destructio
547 2648 693 2710 hominis
709 2648 821 2730 quoad
841 2649 947 2710 vitam
964 2644 1184 2728 spiritualem,
1202 2654 1237 2706 et

116 2741 164 2804 sic
182 2741 361 2804 damnatio
380 2752 414 2805 et
434 2742 609 2805 infernum.
659 2742 754 2805 Haec
775 2743 889 2805 omnia
909 2763 968 2825 per
986 2740 1153 2823 “ignem”
1169 2739 1238 2822 sig·

118 2834 309 2910 nificantur,
334 2837 410 2918 quia
434 2857 493 2918 per
514 2836 683 2919 “ignem”
702 2836 914 2917 significatur
936 2856 1042 2908 amor,
1065 2846 1102 2897 ut
1126 2834 1237 2896 adhuc

118 2940 279 2993 constare
299 2941 415 3011 potest
435 2952 479 2993 ex
499 2932 720 3014 sequentibus
740 2931 823 2994 locis
836 2930 994 3013 :—Apud
1013 2928 1169 3002 Esaiam,

169 3077 187 3097 ⁴·
196 3073 345 3188 Videbuntd
343 3083 370 3123 et
382 3077 575 3202 co(ntabesc3nt
588 3076 615 3125 in
628 3076 720 3125 odium
733 3075 843 3138 populi;
860 3075 943 3124 etiam
956 3074 1028 3137 ignis
1039 3073 1164 3122 inimicos
1177 3081 1239 3122 tuos

251 3154 327 3189 come
347 3139 394 3190 et''
417 3141 488 3191 xxvi.
503 3153 530 3188 11
553 3159 559 3190 ;

117 3275 275 3338 interitus
292 3274 469 3349 malorum,
489 3275 545 3357 qui
568 3274 622 3338 hic
646 3275 886 3356 intelliguntur
908 3294 967 3357 per
988 3274 1184 3358 “populos''
1202 3284 1239 3339 et

117 3388 177 3451 per
197 3368 409 3442 “inimicos'’
428 3369 630 3433 describitur
652 3390 711 3453 per
739 3370 882 3432 “odium
891 3369 907 3393 ”
926 3379 961 3433 et
986 3390 1046 3452 per
1066 3366 1238 3450 “ignem’'

117 3462 223 3544 Apud
242 3464 398 3538 eundem,

168 3596 283 3660 “Quum
296 3598 455 3646 transiveris
470 3612 518 3659 per
530 3612 622 3660 aquas,
635 3608 722 3647 tecum
737 3597 811 3660 Ego:
831 3607 859 3647 et
873 3612 921 3660 per
933 3597 1039 3655 fluvios,
1051 3611 1106 3645 non
1119 3598 1240 3645 submer-

249 3672 313 3775 gent
324 3673 353 3746 te,
361 3678 376 3788 ς(
384 3677 445 3775 clam
457 3663 537 3790 igeris
547 3678 596 3726 per
608 3664 698 3726 ignem
710 3678 765 3713 non
779 3663 909 3722 adureris,
921 3672 948 3712 et
960 3662 1070 3711 flamma
1079 3676 1136 3711 non
1149 3662 1240 3711 incen-

267 3738 294 3775 er
306 3738 332 3776 te
376 3744 392 3775 x
405 3743 442 3777 ru.
456 3740 470 3775 2
489 3745 494 3777 :

119 3861 292 3922 “transire
316 3881 375 3941 per
397 3880 502 3942 aquas
526 3869 561 3922 et
585 3881 644 3941 per
667 3860 786 3924 fluvios
809 3871 844 3924 et
868 3881 936 3924 non
956 3860 1149 3943 submergi”
1168 3862 1237 3942 sig·

118 3953 233 4017 nificat
257 3955 347 4036 quod
371 3954 455 4017 salsa
479 3965 514 4017 et
538 3956 818 4019 ratiocinationes
837 3977 881 4019 ex
905 3955 997 4018 salsis
1016 3966 1136 4018 contra
1159 3977 1239 4019 uera

118 4067 187 4111 non
211 4049 387 4111 intrabunt
411 4059 445 4111 et
469 4059 709 4130 corrumpent;
735 4049 894 4131 “aquae''
914 4050 967 4113 hic
992 4061 1070 4113 sunt
1089 4050 1183 4124 falsa,
1201 4060 1237 4114 et

119 4143 263 4205 “fluvii''
285 4154 365 4205 sunt
389 4145 669 4206 ratiocinationes
692 4165 737 4206 ex
766 4144 858 4208 salsis
885 4154 1006 4208 contra
1033 4165 1131 4207 vera:
1162 4145 1238 4210 “ire

117 4239 305 4318 perignem
325 4248 361 4300 et
381 4258 448 4299 non
463 4238 568 4309 aduri,
589 4248 624 4301 et
644 4237 780 4301 flamma
800 4259 867 4301 non
887 4239 1051 4303 accendi”
1068 4236 1238 4322 significat

116 4333 207 4413 quod
231 4332 319 4394 mala
343 4343 378 4394 et
402 4333 608 4413 cupiditates
631 4354 676 4395 ex
701 4332 765 4395 illis
789 4334 950 4397 oriundae
975 4356 1043 4398 non
1062 4337 1239 4398 nociturae

117 4428 206 4504 sint;
226 4434 244 4458 ‘⁴
254 4429 364 4507 ignis''
378 4427 547 4508 signidem
562 4426 662 4503 mala,
677 4438 712 4492 et
727 4428 891 4492 “flamma
899 4429 913 4452 ’'
927 4431 1132 4514 cupiditates
1147 4429 1236 4494 inde.
