2684 4988
352 500 434 553 cnr.
453 502 644 563 v11.,vaus.
666 503 769 551 1.-n.
785 488 910 572 418[b].
1110 503 1189 571 1013

104 673 165 738 lura
180 675 210 736 in
226 673 452 756 sequentibus
464 673 635 747 dicentur;
660 673 784 752 pariter
799 673 840 735 de
857 671 1065 753 conjectione
1082 673 1188 737 malo·

104 790 143 832 rm
169 771 200 830 in
228 769 371 840 inferna,
397 788 480 848 quae
508 779 626 847 postea
653 766 700 829 fit.
750 766 857 847 Quod.
876 775 1046 849 “quatuor
1072 767 1190 831 venti”

104 861 261 944 gnificent
281 882 385 924 omne
407 860 563 946 Divinum
582 861 779 940 procedens,
797 874 849 923 est
868 863 945 944 quia
963 882 1022 943 per
1039 868 1190 924 “ventos

104 956 176 1017 reli''
196 953 430 1035 significantur
454 954 574 1034 plagae
593 955 696 1030 eaeli;
721 964 830 1017 totum
855 957 942 1017 enim
967 955 1096 1018 caelum
1120 958 1188 1018 dis·

104 1047 212 1111 netum
231 1059 284 1110 est
305 1050 339 1110 in
355 1058 500 1129 quatuor
516 1047 644 1128 plagas,
662 1068 783 1128 nempe
803 1050 1013 1123 orientalem,
1031 1051 1189 1112 occiden-

104 1143 185 1216 rlem,
205 1142 462 1205 meridionalem
481 1153 516 1204 et
540 1141 860 1221 septentrionalem:
885 1144 917 1204 in
941 1143 1036 1205 binas
1059 1144 1188 1225 plagas,

104 1236 269 1299 rientalem
293 1247 329 1299 et
355 1235 613 1307 occidentalem,
639 1235 744 1297 influit
772 1234 936 1297 Dominus
963 1257 1037 1299 cum
1066 1239 1189 1300 Divino

104 1349 168 1392 ono
188 1330 307 1392 fortius
325 1349 427 1410 quarn
446 1348 521 1391 cum
545 1328 669 1391 Divino
689 1328 800 1407 Vero;
824 1340 859 1392 et
882 1331 914 1391 in
939 1331 1034 1392 binas
1058 1331 1187 1412 plagas,

104 1423 326 1485 reridionalem
342 1434 377 1485 et
394 1423 706 1503 septentrionalem,
724 1442 800 1484 cum
820 1422 943 1486 Divino
960 1424 1052 1487 Vero
1071 1425 1187 1489 lortius

104 1536 170 1579 uam
184 1538 260 1580 cum
275 1517 399 1579 Divino
410 1514 551 1594 ‘¹¹B0n03
575 1516 663 1578 unde
679 1516 712 1578 hi
729 1515 803 1596 plus
815 1518 848 1578 in
863 1519 1028 1596 sapientia
1041 1531 1075 1581 et
1088 1519 1187 1582 intel-

104 1613 211 1691 gentia
227 1621 318 1685 sunt,
336 1610 383 1672 illi
399 1620 513 1672 autem
530 1610 604 1690 plus
620 1612 652 1672 in
669 1630 782 1672 amore
799 1621 833 1673 et
851 1611 1037 1674 charitate:
1062 1623 1096 1674 et
1113 1615 1189 1694 quia

104 1705 261 1767 uiversum
292 1703 424 1766 caelum
453 1701 650 1767 distinttum
679 1714 732 1766 est
762 1705 795 1765 in
823 1716 966 1785 quatuor
997 1706 1125 1786 plagas,
1153 1717 1188 1769 et

104 1796 193 1880 lagae
216 1798 294 1861 illae
317 1797 553 1879 intelliguntur
578 1818 637 1879 per
661 1804 833 1879 “quatuor
856 1798 1005 1871 ventos,”
1028 1800 1104 1862 ideo
1130 1820 1190 1879 per

104 1897 243 1976 'quatuor
270 1893 418 1956 ventos”
444 1891 651 1973 significatur
678 1911 777 1954 omne
807 1891 964 1954 Divinum
992 1895 1187 1973 procedens.

104 1982 175 2068 lund
195 1989 351 2051 dicantur
371 1993 542 2069 “quatuor
565 1988 657 2048 venti
681 1986 820 2058 terrae,”
839 1997 891 2048 est
912 1989 987 2067 quia
1011 2008 1070 2067 per
1090 1993 1187 2049 “ter-

104 2083 169 2145 am”
179 2081 379 2163 intelligitur
391 2082 499 2144 omnis
513 2091 601 2144 terra
617 2082 649 2141 in
667 2080 792 2141 mundo
805 2081 977 2160 spirituali,
992 2093 1026 2143 at
1044 2083 1075 2142 in
1090 2102 1188 2143 sensu

104 2173 237 2253 spirituali
260 2194 321 2255 per
340 2179 360 2205 ‘¹
370 2182 496 2235 terram
505 2173 521 2196 '⁹
539 2170 748 2253 significatur
770 2171 903 2234 caelum
925 2182 960 2233 et
981 2172 1128 2233 ecclesia
1148 2189 1190 2245 (cte

104 2273 133 2319 rm
140 2277 160 2308 re
168 2265 274 2309 vidntur
283 2264 430 2322 praecedens
440 2263 570 2320 articulus).

142 2344 198 2427 [h]
230 2345 287 2407 Ex
305 2345 359 2408 his
375 2355 533 2409 constare
549 2354 667 2426 potest
683 2345 763 2426 quid
782 2344 985 2425 intelligitur
1001 2364 1060 2425 per
1075 2350 1187 2424 “qua-

104 2441 154 2499 tuor
170 2448 289 2500 ventos
297 2437 313 2461 '’
330 2436 409 2525 alibi
427 2439 460 2498 in
479 2435 595 2498 Verbo
608 2436 709 2499 :-Ut
729 2436 817 2515 apud
837 2435 1047 2509 Ezechielem,

135 2585 222 2634 “Dixit
228 2586 243 2604 ''
253 2585 387 2634 Dominus
395 2584 509 2649 Jehovih
522 2587 556 2634 ad
568 2588 642 2642 me,“
651 2585 784 2646 Propheta
796 2599 875 2646 super
884 2585 985 2646 spiritu,
996 2585 1136 2646 propheta.
1147 2621 1153 2633 .
1163 2622 1168 2633 .
1179 2622 1185 2634 .

202 2663 228 2700 et
234 2651 458 2712 dicadspiritum,
468 2651 583 2699 Sicdixit
592 2650 723 2698 Dominus
731 2650 845 2714 Jehovih
856 2664 861 2704 ;
878 2659 1014 2712 aquatuor
1022 2649 1109 2697 ventis
1118 2650 1187 2707 veni,

202 2717 320 2778 spiritus,
330 2726 358 2764 et
367 2717 468 2778 inspira
476 2717 504 2763 in
514 2717 616 2764 occisos
626 2716 675 2763 hos
684 2725 714 2763 ut
724 2717 816 2763 vivant
826 2729 832 2772 ;
850 2724 945 2764 etcum
956 2714 1114 2777 prophetavi
1116 2751 1187 2772 .....

202 2781 276 2829 venit
288 2782 406 2843 spiritus,
421 2790 448 2829 et
458 2779 632 2829 revixerunt”
644 2780 752 2839 (xxxvii.
764 2794 787 2842 9,
800 2780 855 2840 rol:

104 2917 161 2985 διες
182 2925 221 2986 de
242 2923 403 2986 “ossibus
422 2922 521 2984 aridis
530 2922 545 2945 ”
563 2922 643 2983 visis
666 2921 862 3002 prophetae,
883 2941 941 3001 per
959 2942 1044 3003 quae
1065 2921 1189 2984 intelli·

104 3025 199 3091 guntur
214 3017 270 3078 filii
288 3016 422 3078 Israelis
437 3015 488 3096 (ut
505 3026 600 3097 patet
613 3036 633 3075 a
646 3035 730 3077 vers.
746 3031 791 3087 rr,
802 3013 883 3095 ibi);
903 3035 942 3077 ac
959 3035 1017 3095 per
1027 3016 1189 3076 visionem

104 3105 169 3172 illam
184 3112 385 3174 describitur
403 3110 595 3173 reformatio
616 3121 652 3171 et
675 3110 873 3171 instauratio
896 3129 1005 3171 novae
1027 3107 1190 3170 ecclesiae

104 3217 132 3262 ex
140 3203 195 3266 illis
207 3206 263 3287 qui
276 3224 346 3266 non
359 3205 448 3284 prius
461 3205 492 3265 in
505 3203 616 3285 aliqua
628 3205 698 3264 vita
711 3203 872 3282 spirituali
888 3203 1029 3265 suerunt.
1076 3198 1191 3262 “Ossa

104 3296 189 3359 arida¹'
201 3309 281 3360 sunt
298 3297 346 3359 illi
362 3299 481 3378 quibus
497 3317 564 3359 non
582 3297 705 3377 aliquid
723 3298 812 3358 vitae
829 3295 1009 3376 spiritualis
1025 3305 1097 3372 est;
1121 3296 1192 3355 vita

104 3391 254 3466 spritualis
267 3412 353 3473 quae
369 3392 434 3453 illis
449 3411 468 3452 a
485 3390 632 3453 Domino
643 3391 735 3464 data,
750 3410 792 3452 ex
808 3410 873 3471 qua
889 3391 976 3469 apud
993 3389 1068 3451 illos
1081 3388 1190 3451 eccle·

104 3479 142 3558 δὴ,
161 3486 359 3549 describitur
382 3505 440 3566 per
463 3485 519 3547 illa
542 3484 664 3560 verba;
690 3504 749 3565 per
773 3483 983 3566 “spiritum”
1006 3503 1104 3564 super
1126 3503 1192 3563 quo

104 3580 307 3660 prophetaret,
324 3590 360 3642 et
379 3600 423 3642 ex
440 3600 506 3661 quo
524 3580 730 3650 revixerunt,
748 3576 953 3658 significatur
968 3578 1039 3638 vita
1057 3577 1191 3656 spiritu·

104 3665 152 3745 alis,
163 3695 245 3756 quae
262 3685 315 3736 est
332 3675 401 3736 vita
418 3673 600 3735 secundum
619 3693 697 3734 vera
714 3671 818 3734 Verbi
832 3693 838 3747 ;
864 3678 910 3732 “a
925 3680 1067 3752 quatuor
1083 3673 1193 3732 ventis

104 3769 165 3842 veni,
176 3768 341 3850 spiritus,''
354 3766 520 3847 significat
536 3787 580 3829 ex
599 3766 722 3828 Divino
738 3764 874 3827 Domini
891 3767 923 3827 in
940 3765 1055 3841 caelo;
1080 3769 1100 3796 “
1111 3784 1193 3845 qua·

104 3859 157 3924 luor
169 3862 285 3925 venti”
298 3872 377 3923 sunt
393 3870 536 3942 quatuor
552 3859 674 3941 plagae
690 3861 722 3922 in
740 3859 845 3933 caelo,
862 3870 897 3922 et
911 3869 1056 3940 quatuor
1072 3856 1193 3937 plagae

104 3959 161 4015 runt
176 3973 278 4016 omne
298 3953 458 4015 Divinum
478 3951 523 4013 ibi
542 3966 763 4024 (ursupmurerum
774 3957 829 4014 αι).
875 3950 913 4012 ln
932 3968 1034 4010 sensu
1057 3947 1193 4012 litterae

104 4053 144 4114 >er
159 4048 337 4126 “spiritum
347 4044 362 4069 '’
381 4045 424 4106 ibi
443 4043 643 4125 intelligitur
660 4045 795 4124 spiritus
814 4041 1051 4122 respirationis,
1069 4041 1123 4122 qui
1142 4052 1194 4103 est

104 4149 221 4217 tentus;
244 4159 347 4222 quare
371 4138 491 4201 dicitur
511 4143 576 4199 “ut
599 4138 728 4200 veniret
752 4147 787 4199 et
810 4137 985 4216 inspiraret
1008 4135 1040 4196 in
1065 4135 1194 4196 occisos

104 4233 171 4304 los?
184 4244 219 4296 et
238 4254 297 4315 per
314 4233 494 4313 “spiritum
514 4232 742 4312 respirationis
751 4230 765 4253 ”
782 4228 988 4311 significatur
1002 4248 1108 4310 aeque
1124 4229 1194 4289 vita

104 4325 268 4402 tpiritualis,
286 4339 323 4390 ut
342 4347 387 4388 ex
407 4321 622 4408 sequentibus
641 4325 791 4406 patebit:
817 4343 875 4404 per
893 4322 1052 4384 “occisos
1060 4321 1074 4344 '¹
1091 4321 1193 4400 signi·

104 4407 198 4485 icatur
215 4421 323 4485 simile
340 4421 430 4502 quod
451 4439 509 4500 per
527 4426 631 4480 “ossa
648 4417 769 4492 arida,''
786 4436 907 4497 nempe
925 4415 972 4478 illi
989 4416 1107 4496 quibus
1127 4432 1193 4475 non
