2684 4988
298 497 377 548 car.
395 497 473 559 v11.,
491 495 593 544 vans.
613 494 719 543 r.-u.
734 478 870 563 419[d].
1064 493 1139 549 roar

104 678 146 723 non
161 674 260 728 ventus
281 666 314 728 in
333 687 391 728 ore
411 664 544 728 illorum
552 664 567 689 ”
585 662 752 745 significat
771 661 862 744 quod
882 680 949 723 non
969 679 1085 722 verum
1108 659 1142 722 in

104 757 240 835 gitatione,
272 761 362 823 “os''
396 761 488 822 enim
521 756 688 840 significat
721 757 982 838 cogitationem.
1039 753 1142 837 Apud

104 873 217 926 reniam,

104 985 209 1048 “Oeagri
220 988 424 1037 ...anhelarunt
439 996 548 1035 ventum
562 986 631 1035 sicut
645 985 704 1044 ceti,
721 984 873 1046 consumpti
888 991 951 1031 sunt
965 981 1034 1030 oculi
1049 995 1141 1030 eorum

158 1052 265 1115 eoquod
278 1067 332 1100 non
348 1051 454 1100 herba'’
466 1051 529 1113 (xiv.
543 1063 565 1111 5,
577 1051 618 1113 6);

104 1179 206 1243 thelare
233 1192 375 1243 ventum
403 1182 489 1243 sicut
517 1179 609 1242 ceti”
637 1177 805 1259 significat
833 1197 899 1239 non
928 1175 998 1238 dari
1026 1194 1141 1237 verum

104 1275 307 1351 dhauriant;
339 1282 409 1338 “eo
432 1274 522 1356 quod
545 1293 612 1336 non
636 1272 762 1335 herba”
782 1270 949 1352 significat
972 1271 1049 1352 quia
1072 1289 1140 1332 non

104 1388 139 1431 nn
163 1371 195 1430 in
220 1368 374 1431 ecclesia.
421 1367 589 1449 Quoniam
617 1367 816 1447 dejiciuntur
844 1365 922 1427 mali
950 1386 1008 1447 per
1034 1364 1140 1427 vehe-

104 1465 220 1526 itiorem
250 1463 414 1526 influxum
445 1464 557 1525 Divini
588 1462 670 1524 Veri
700 1472 735 1524 et
766 1460 850 1523 Boni
879 1460 1093 1542 procedentis
1122 1481 1142 1522 a

104 1558 170 1619 uino
187 1568 223 1619 ut
243 1556 334 1630 Sole,
353 1567 389 1619 ut
409 1578 508 1639 supra
527 1554 654 1619 dietum
674 1566 737 1644 est,
755 1555 832 1616 ideo
851 1575 982 1636 quoque
999 1551 1144 1638 dejediio

107 1671 152 1712 um
167 1652 222 1732 qui
240 1652 272 1712 in
289 1650 380 1712 falsis
398 1651 479 1713 mali
495 1661 574 1712 sunt
592 1671 650 1732 per
668 1648 812 1711 “flatum
830 1649 956 1710 narium
969 1647 1142 1728 Jehovae”

104 1745 336 1808 :ribiturz-Ut
356 1745 445 1827 apud
467 1744 619 1820 Esaiam,

108 1877 224 1927 Paratum
237 1880 272 1927 ab
284 1879 341 1927 heri
354 1878 520 1939 Thopheth,.
531 1916 536 1927 .
547 1915 552 1926 .
563 1892 656 1939 ,rogus
668 1877 735 1939 ejus.
748 1877 817 1937 iguis
829 1886 856 1925 et
868 1877 942 1937 ligna
954 1875 1059 1925 multa”
1069 1891 1142 1940 prae-

152 1954 253 2006 parata,
270 1943 375 1992 “flatus
387 1942 506 2008 Jehovae
518 1943 587 1992 sicut
600 1943 696 1992 fluvius
708 1942 842 2004 sulphuris
854 1942 975 1990 accendit
988 1956 1035 1990 eos
1043 1940 1056 1960 ”
1068 1942 1140 2003 (xxx.

151 2011 206 2069 33)²

104 2123 116 2182 l
131 2122 306 2194 Davidem,

104 2234 286 2298 Apparuerunt
296 2236 365 2284 alvei
375 2250 513 2298 aquarum,
523 2244 550 2284 et
558 2235 676 2283 revelata
683 2244 745 2282 sunt
754 2233 930 2282 fundamenta
938 2234 1010 2282 orbis
1018 2235 1052 2282 ab
1059 2234 1143 2283 incre·

150 2302 258 2363 petione
270 2299 399 2364 Jehovae,
409 2316 426 2349 a
437 2300 501 2349 flatu
513 2301 621 2362 spiritus
634 2300 692 2348 nasi
705 2299 743 2348 tui
751 2297 764 2317 '⁵
776 2298 832 2361 (Ps.
842 2299 915 2348 xviii.
929 2298 959 2346 16
970 2294 1015 2363 [B.
1027 2301 1050 2346 A
1055 2335 1061 2348 .
1073 2295 1141 2363 15]):

104 2413 115 2473 l
131 2413 254 2487 Mosen,

104 2527 123 2575 Α
135 2527 197 2576 flatu
209 2528 315 2576 narium
330 2539 433 2575 tuarum
447 2535 618 2575 coacervatae
632 2536 695 2574 sunt
709 2540 794 2589 aquae
796 2562 866 2584 .....
872 2525 980 2589 spirasti
992 2533 1074 2574 vento
1085 2533 1140 2584 tuo,

150 2592 270 2641 contexit
282 2607 330 2640 eos
344 2607 417 2640 mare
427 2591 440 2610 '¹
453 2593 547 2655 (Exod.
559 2606 603 2641 xv.
616 2593 640 2649 8,
654 2591 709 2653 rol:

104 2707 162 2787 pud
184 2706 341 2776 Hiobum,

104 2817 300 2868 Machinatores
323 2819 473 2878 iniquitatis.
484 2857 490 2868 .
501 2857 506 2868 .
517 2821 563 2869 ,ab
575 2819 659 2868 halitu
673 2818 722 2867 Dei
736 2828 856 2881 pereunt,
871 2834 887 2867 a
898 2820 993 2882 spiritu
1005 2819 1063 2868 nasi
1077 2819 1142 2882 Ejus

151 2884 367 2934 consumuntur''
380 2886 424 2947 (iv.
437 2885 460 2941 8,
474 2884 515 2947 pl:

113 3011 283 3084 “flatum”
313 3011 517 3092 “spiritum''
546 3021 581 3074 et
613 3011 782 3075 “halitum
814 3014 941 3075 narium
967 3013 1143 3094 Jehovae”

104 3125 126 3166 n
144 3107 195 3168 hic
216 3105 417 3186 intelligitur
434 3105 593 3168 Divinum
611 3107 813 3189 procedens,
831 3127 889 3190 per
908 3108 997 3190 quod
1016 3108 1143 3189 disper·

104 3209 146 3261 tur
164 3210 198 3261 et
222 3199 421 3280 dejiciuntur
441 3200 529 3273 mali,
551 3201 629 3262 dum
654 3202 786 3264 intense
805 3212 840 3264 et
863 3202 993 3263 fortiter
1017 3201 1141 3279 influit3

105 3293 142 3355 de
158 3294 221 3356 hoc
246 3294 372 3356 influxu
392 3295 521 3357 dicetur
544 3295 824 3377 insequentibus,
845 3296 900 3357 ubi
919 3296 960 3358 de
982 3295 1141 3378 “procel-

112 3387 419 3468 “tempestatibus”
438 3399 473 3451 et
494 3387 537 3451 de
560 3395 695 3451 “vento
713 3388 897 3452 orientali.”

104 3481 151 3563 [L]
182 3482 285 3562 Quod
311 3489 464 3544 “ventus
487 3483 624 3546 terrae''
647 3485 753 3546 etiam
781 3483 952 3564 significet
979 3483 1140 3547 Divinum

104 3577 218 3647 edens,
243 3585 295 3636 est
320 3596 452 3656 quoque
476 3596 520 3636 ex
544 3577 848 3656 correspondentia
876 3596 951 3638 cum
974 3578 1085 3640 ventis
1109 3579 1140 3640 in

104 3668 150 3731 ido
168 3669 350 3751 spirituali;
375 3670 528 3731 existunt
549 3671 636 3731 enim
657 3671 689 3732 in
711 3671 836 3732 mundo
855 3671 1019 3752 spirituali
1038 3673 1140 3734 etiam

104 3762 208 3845 :iqui
235 3764 385 3824 oriuntur
412 3783 457 3825 ex
485 3763 768 3826 determinatione
793 3764 938 3826 influxus
967 3764 1077 3828 Divini
1106 3776 1140 3829 et

104 3864 171 3919 tunt
191 3857 234 3918 ad
254 3856 408 3918 inferiora
428 3868 537 3919 terrae
557 3858 623 3920 ibi:
652 3859 685 3920 in
705 3858 806 3921 caelis
831 3879 905 3921 raro
928 3858 1028 3941 aliqui
1047 3862 1140 3924 venti

113 3949 200 4013 lenes
219 3952 501 4032 appercipiuntur,
522 3952 580 4013 sed
605 3952 692 4033 apud
717 3952 791 4015 illos
810 3954 864 4034 qui
888 3953 1021 4015 inferius
1041 3975 1140 4035 super

104 4044 123 4105 is
142 4046 296 4108 habitant
324 4045 523 4126 frequenter,
548 4047 739 4110 increscunt
766 4049 855 4109 enim
883 4047 929 4109 illi
955 4049 1139 4110 secundum

104 4157 241 4215 tensum,
265 4140 565 4202 determinationes
585 4141 722 4203 illorum
742 4152 819 4205 sunt
839 4163 858 4204 a
877 4143 986 4223 plagis
1005 4144 1038 4204 in
1058 4164 1140 4225 quas

107 4232 127 4294 it
146 4234 313 4305 Divinum,
334 4236 493 4315 imprimis
512 4257 532 4297 a
551 4238 801 4317 septentrione:
833 4249 867 4300 et
888 4240 964 4320 quia
984 4239 1077 4300 venti
1097 4239 1140 4300 ibi

124 4349 162 4389 ex
187 4329 349 4409 spirituali
377 4330 514 4408 origine,
540 4331 616 4391 inde
645 4351 775 4413 quoque
803 4332 986 4412 spiritualia
1010 4331 1138 4411 signifi·

104 4439 116 4492 t,
125 4423 154 4483 in
167 4443 292 4502 genere
306 4424 463 4484 Divinum
475 4423 602 4486 Verum
613 4446 657 4486 ex
671 4446 736 4506 quo
749 4426 851 4490 :—Ut
862 4428 949 4508 apud
960 4426 1138 4497 Davidem,
