2684 4988
109 464 173 547 896
418 478 668 530 neocnmnms
690 480 916 532 axrmcnrn.

161 648 178 672 ‘⁸
186 646 302 725 Quandq
312 648 378 725 naec
387 649 479 696 omnia
488 648 617 711 incipiunt
629 648 694 706 fieri,
706 649 832 712 suspicite
843 659 871 699 et
882 649 967 699 tollite
976 650 1063 713 capita
1070 659 1153 700 vestra.

239 711 1153 844 &altaaltaiffittlttlttalttzitz‘natil

238 853 328 893 aestas
345 843 396 901 sit;
417 845 455 893 sic
472 854 499 893 et
516 859 565 892 vos
579 845 687 907 quando
701 845 821 895 videritis
838 847 890 894 hoc
907 845 971 902 fieri,
987 848 1153 908 cognosciteq

239 909 369 1035 ξέῗξξίἰῑ
382 923 494 971 regnum
509 909 560 958 Dei
569 908 583 927 ”
595 911 658 969 (xxi.
671 910 767 970 28-31;
785 911 884 960 Manli,
895 912 968 961 xxiv.
980 908 1053 971 l¹l3a;
1072 913 1153 959 Mara:

109 1115 220 1196 agitur
247 1115 291 1178 ibi
321 1116 363 1178 de
394 1116 686 1179 consummatione
713 1116 849 1190 saeculi,
877 1138 963 1199 quae
992 1126 1045 1180 est
1071 1117 1153 1180 ultim

106 1208 277 1290 judicium,
290 1218 325 1272 et
339 1220 577 1272 enumerantur
589 1211 686 1290 signa
698 1231 783 1291 quae
797 1212 1016 1291 praecedunt.
1031 1233 1108 1294 quae
1117 1213 1153 1273 int

111 1303 259 1385 ligantur
286 1324 344 1385 per
372 1305 536 1386 “quando
563 1305 646 1367 haec
673 1306 786 1367 omnia
813 1307 975 1386 incipiunt
1002 1305 1104 1381 fieri;”
1126 1327 1153 1386 qt

111 1416 199 1459 nova
218 1397 361 1460 ecclesia
384 1408 464 1461 tunc
486 1399 693 1471 incohatum,
710 1418 795 1479 quae
818 1400 851 1460 in
875 1400 970 1461 initio
989 1410 1124 1462 externa
1137 1419 1153 1460 e:

110 1490 318 1571 significatur
344 1513 402 1574 per
431 1489 625 1574 “Speitate
655 1491 753 1555 ficum
783 1503 818 1556 et
846 1513 965 1555 omnes
992 1495 1119 1555 arbores
1137 1512 1153 1554 c⁴

110 1587 332 1668 protruserint
345 1587 372 1648 :”
394 1587 476 1649 haec
495 1586 707 1667 “parabola''
726 1608 784 1649 seu
801 1588 1014 1650 “similitudo
1022 1588 1036 1610 ”
1051 1584 1153 1649 dietat

110 1680 187 1760 quia
210 1680 345 1743 “ficus’'
367 1679 535 1761 significat
561 1680 739 1742 ecclesiam
767 1691 959 1751 externam,
983 1695 1018 1744 et
1043 1681 1153 1743 “arbon

111 1773 301 1855 significant
325 1776 538 1855 cognitiones
559 1777 628 1837 veri
651 1784 686 1837 et
709 1775 809 1850 boni;
834 1784 1006 1854 “regnum
1031 1774 1109 1836 Dei’'
1127 1793 1153 1854 qu

111 1878 191 1931 tunc
215 1889 318 1951 prope
341 1881 393 1931 est
418 1868 586 1949 significat
610 1888 733 1931 novam
756 1868 934 1931 ecclesiam
959 1869 1106 1942 Domini;
1128 1878 1153 1929 te

111 1983 192 2043 pore
215 1965 303 2025 enim
329 1963 436 2025 ultimi
457 1963 569 2042 judicii
598 1964 683 2044 perit
707 1973 806 2025 vetus
828 1963 972 2025 ecclesia
995 1973 1029 2025 et
1053 1962 1152 2024 incoha

112 2076 209 2118 nova.
254 2055 356 2137 Apud
374 2056 508 2130 Lucam,

163 2199 284 2248 “Omnis
293 2202 373 2248 arbor
384 2215 401 2248 a
413 2199 520 2262 proprio
529 2197 616 2249 iruelu
625 2201 804 2262 cognoscitur,
816 2215 870 2248 non
880 2200 953 2249 enim
963 2216 996 2249 ex
1008 2200 1088 2262 spinis
1096 2197 1153 2257 tollit

242 2264 314 2320 ficus,
330 2279 415 2328 neque
426 2280 459 2313 ex
472 2267 537 2312 rubo
551 2266 715 2314 vindemiant
728 2281 808 2314 uvam
817 2265 832 2284 ”
844 2266 888 2325 (vi.
899 2279 933 2324 44
943 2280 949 2321 ;
967 2266 1064 2314 Marah.
1075 2265 1113 2312 vii.
1124 2261 1152 2321 ti)

111 2411 345 2493 quoniamper
362 2407 556 2472 “stultum''
572 2409 777 2491 significatur
793 2411 918 2473 bonum
934 2412 1036 2482 vitae,
1052 2421 1082 2472 et
1097 2409 1153 2470 bon

111 2507 201 2567 vitae
220 2516 272 2566 est
294 2506 417 2566 bonum
434 2517 614 2567 externum
634 2505 677 2567 ab
695 2506 839 2576 interno,
856 2525 914 2566 seu
934 2506 1059 2566 bonum
1074 2514 1153 2564 natur

111 2621 155 2661 ex
176 2599 349 2680 spirituali,
369 2609 403 2660 et
423 2600 500 2679 quia
519 2599 622 2661 homo
640 2620 685 2660 ex
709 2599 772 2660 hoc
797 2598 887 2660 bono
906 2600 1122 2678 cognoscitur,
1134 2593 1153 2655 it

111 2693 193 2754 dicit
208 2693 382 2765 Dominus,
397 2690 545 2754 “Omnis
558 2693 656 2755 arbor
668 2713 712 2754 ex
727 2693 859 2773 proprio
873 2689 980 2754 iruttu
992 2689 1153 2772 cognoscit!

111 2807 156 2847 ex
184 2787 287 2867 spinis
311 2806 378 2848 non
406 2786 571 2867 colligunt
599 2785 689 2859 ficus,
714 2798 822 2866 neque
846 2806 890 2847 ex
914 2786 998 2847 rubo
1021 2780 1153 2846 vindemia

113 2900 210 2942 uvam
224 2880 249 2955 ;''
270 2878 403 2942 “ficus’'
422 2881 474 2942 hic
494 2891 547 2942 est
569 2881 692 2941 bonum
708 2880 843 2942 externi
863 2899 922 2941 seu
942 2879 1097 2941 naturalis
1112 2877 1153 2939 hol

113 2976 173 3048 nis,
198 2985 233 3037 et
259 2974 374 3036 “uva’'
397 2984 449 3036 est
478 2974 601 3036 bonum
626 2975 748 3036 interni
776 2994 834 3037 seu
858 2973 1039 3056 spiritualis
1065 2969 1153 3034 homin

114 3068 283 3151 “spinae''
306 3079 340 3131 et
366 3069 518 3130 “rubus''
541 3079 619 3130 sunt
643 3067 731 3129 mala
754 3068 818 3130 illis
841 3069 1008 3148 opposita.
1060 3060 1153 3145 Quoni

113 3185 211 3244 reges
225 3163 376 3244 Jehudae
396 3173 430 3225 et
451 3162 583 3225 Israelis
600 3162 899 3243 repraesentabant
921 3161 1098 3223 Dominum
1112 3172 1153 3237 qut

113 3258 270 3319 Divinum
285 3257 423 3330 Verum,
436 3267 470 3318 et
485 3257 641 3318 Divinum
656 3254 783 3318 Verum
797 3256 890 3336 quasi
903 3256 1039 3335 angitur
1051 3265 1083 3315 et
1094 3251 1153 3313 labo

112 3354 200 3433 apud
215 3353 383 3414 hominem
397 3351 532 3432 quando
545 3370 613 3412 non
627 3351 748 3411 vivitur
761 3349 946 3410 secundum
960 3349 992 3410 id
1007 3359 1041 3411 et
1053 3347 1087 3410 fit
1099 3347 1153 3408 bon

112 3448 212 3518 vitae,
237 3456 273 3507 at
296 3444 433 3526 quando
455 3443 492 3505 fit
517 3444 641 3505 bonum
665 3444 766 3516 vitae,
791 3443 892 3517 vivit3
917 3443 982 3505 hoc
1006 3438 1153 3523 significat

113 3552 165 3604 est
186 3538 273 3622 [per]

168 3683 246 3747 Quod
259 3698 293 3730 ex
306 3682 382 3744 jussu
394 3681 512 3745 Jehovae
526 3681 559 3728 ad
577 3680 699 3729 Hiskiam
713 3694 802 3741 regem
815 3679 935 3744 Jehudae
947 3668 1153 3740 aegrotantem&

243 3759 302 3796 rent
311 3763 426 3795 massam
436 3747 540 3803 ficuum,
550 3758 576 3795 et
585 3757 754 3793 contererent
763 3760 843 3807 super
850 3746 934 3802 ulcus,
943 3755 970 3792 et
979 3747 1018 3794 sic
1026 3737 1153 3800 viveretln

242 3828 285 3861 xx.
299 3825 329 3871 7;
347 3813 421 3860 Esai.
434 3811 542 3860 xxxviii.
556 3814 604 3872 21).

113 3956 169 4018 Ex
186 3956 236 4018 his
252 3966 408 4019 constare
425 3964 539 4036 potest
554 3954 643 4035 quod
659 3960 677 3985 ¹‘
688 3952 791 4015 ficus”
804 3954 836 4014 in
853 3954 1002 4033 genuino
1015 3945 1153 4024 sensuale

113 4050 191 4112 iicet
208 4050 395 4112 naturalem
413 4050 583 4111 hominem
600 4047 710 4128 quoad
727 4049 853 4109 bonum
870 4057 904 4109 et
922 4067 1049 4118 verum,
1062 4036 1152 4127 ipsafi

114 4155 149 4207 ut
168 4146 266 4207 arbor
281 4144 468 4206 naturalem
489 4143 671 4216 hominem,
689 4141 769 4204 ficus
789 4154 825 4205 ut
844 4139 968 4204 fruitus
987 4143 1107 4204 bonum
1123 4154 1153 4198 na

112 4239 189 4301 ralis
209 4240 361 4312 hominia,
383 4259 420 4301 ac
440 4238 554 4300 solium
573 4237 642 4316 ejus
661 4258 775 4299 verum
795 4237 881 4299 illius
901 4238 991 4298 boni.

175 4340 242 4422 [ὠ]
274 4340 375 4421 Quod
399 4351 514 4401 autem
540 4337 677 4400 “ficus”
695 4340 728 4401 in
751 4340 912 4419 opposito
936 4358 1038 4400 sensu
1060 4330 1153 4418 signifi

113 4433 300 4495 naturalem
320 4434 490 4495 hominem
507 4432 618 4512 quoad
637 4432 761 4493 malum
779 4444 813 4493 et
833 4430 964 4502 salsum,
982 4430 1062 4493 licus
1080 4441 1113 4491 ut
1127 4447 1153 4490 ar
