<?xml version="1.0" encoding="UTF-8"?>
<!DOCTYPE html PUBLIC "-//W3C//DTD XHTML 1.0 Transitional//EN"
    "http://www.w3.org/TR/xhtml1/DTD/xhtml1-transitional.dtd">
<html xmlns="http://www.w3.org/1999/xhtml" xml:lang="en" lang="en">
 <head>
  <title>
</title>
<meta http-equiv="Content-Type" content="text/html;charset=utf-8" />
  <meta name='ocr-system' content='tesseract 3.04.00' />
  <meta name='ocr-capabilities' content='ocr_page ocr_carea ocr_par ocr_line ocrx_word'/>
</head>
<body>
  <div class='ocr_page' id='page_1' title='image "./apocalypsisexpl00swedgoog_0427.png"; bbox 0 0 2684 4988; ppageno 0'>
   <div class='ocr_carea' id='block_1_1' title="bbox 405 93 1237 180">
    <p class='ocr_par' dir='ltr' id='par_1_1' title="bbox 405 93 1237 180">
     <span class='ocr_line' id='line_1_1' title="bbox 405 93 1237 180; baseline 0.005 -23"><span class='ocrx_word' id='word_1_1' title='bbox 405 107 695 169; x_wconf 79' lang='lat' dir='ltr'>cnr.v11.,vnns.</span> <span class='ocrx_word' id='word_1_2' title='bbox 714 107 821 176; x_wconf 81' lang='lat' dir='ltr'>5.-N.</span> <span class='ocrx_word' id='word_1_3' title='bbox 838 93 964 178; x_wconf 85' lang='lat' dir='ltr'>434[a].</span> <span class='ocrx_word' id='word_1_4' title='bbox 1162 112 1237 180; x_wconf 84' lang='lat'>1091</span> 
     </span>
    </p>
   </div>
   <div class='ocr_carea' id='block_1_2' title="bbox 90 274 1262 4132">
    <p class='ocr_par' dir='ltr' id='par_1_2' title="bbox 90 274 1262 4132">
     <span class='ocr_line' id='line_1_2' title="bbox 90 274 1241 359; baseline 0.005 -23.259"><span class='ocrx_word' id='word_1_5' title='bbox 90 274 263 359; x_wconf 56' lang='lat' dir='ltr'>apostoli</span> <span class='ocrx_word' id='word_1_6' title='bbox 280 274 438 338; x_wconf 90' lang='lat' dir='ltr'>similiter</span> <span class='ocrx_word' id='word_1_7' title='bbox 449 295 488 339; x_wconf 92' lang='lat' dir='ltr'>ac</span> <span class='ocrx_word' id='word_1_8' title='bbox 505 276 684 339; x_wconf 90' lang='lat' dir='ltr'>duodecim</span> <span class='ocrx_word' id='word_1_9' title='bbox 697 276 803 339; x_wconf 88' lang='lat' dir='ltr'>tribus</span> <span class='ocrx_word' id='word_1_10' title='bbox 819 275 953 339; x_wconf 82' lang='lat' dir='ltr'>Israelis</span> <span class='ocrx_word' id='word_1_11' title='bbox 966 287 1241 358; x_wconf 88' lang='lat' dir='ltr'>repraesentave-</span> 
     </span>
     <span class='ocr_line' id='line_1_3' title="bbox 90 369 1241 454; baseline 0.005 -24"><span class='ocrx_word' id='word_1_12' title='bbox 90 376 92 437; x_wconf 76' lang='grc' dir='ltr'>ξ</span> <span class='ocrx_word' id='word_1_13' title='bbox 144 378 200 431; x_wconf 77' lang='lat' dir='ltr'>nint</span> <span class='ocrx_word' id='word_1_14' title='bbox 208 389 322 431; x_wconf 91' lang='lat' dir='ltr'>omma</span> <span class='ocrx_word' id='word_1_15' title='bbox 335 369 511 444; x_wconf 87' lang='lat' dir='ltr'>ecclesiae,</span> <span class='ocrx_word' id='word_1_16' title='bbox 522 380 557 433; x_wconf 96' lang='lat' dir='ltr'>et</span> <span class='ocrx_word' id='word_1_17' title='bbox 567 371 707 452; x_wconf 90' lang='lat' dir='ltr'>quisque</span> <span class='ocrx_word' id='word_1_18' title='bbox 719 370 895 452; x_wconf 87' lang='lat' dir='ltr'>apostolus</span> <span class='ocrx_word' id='word_1_19' title='bbox 905 371 1040 454; x_wconf 87' lang='lat' dir='ltr'>aliquod</span> <span class='ocrx_word' id='word_1_20' title='bbox 1053 373 1241 436; x_wconf 84' lang='lat' dir='ltr'>universale</span> 
     </span>
     <span class='ocr_line' id='line_1_4' title="bbox 90 463 1239 548; baseline 0.004 -23"><span class='ocrx_word' id='word_1_21' title='bbox 90 482 93 491; x_wconf 88' lang='lat'>·</span> <span class='ocrx_word' id='word_1_22' title='bbox 143 463 348 527; x_wconf 77' lang='lat' dir='ltr'>essentiale</span> <span class='ocrx_word' id='word_1_23' title='bbox 318 484 411 545; x_wconf 80' lang='lat' dir='ltr'>eJus;</span> <span class='ocrx_word' id='word_1_24' title='bbox 434 474 468 527; x_wconf 91' lang='lat' dir='ltr'>et</span> <span class='ocrx_word' id='word_1_25' title='bbox 488 465 563 546; x_wconf 91' lang='lat' dir='ltr'>quia</span> <span class='ocrx_word' id='word_1_26' title='bbox 587 465 705 528; x_wconf 91' lang='lat' dir='ltr'>Petrus</span> <span class='ocrx_word' id='word_1_27' title='bbox 727 465 835 528; x_wconf 90' lang='lat' dir='ltr'>simile</span> <span class='ocrx_word' id='word_1_28' title='bbox 854 465 1131 546; x_wconf 84' lang='lat' dir='ltr'>repraesentabat</span> <span class='ocrx_word' id='word_1_29' title='bbox 1150 467 1239 548; x_wconf 93' lang='lat' dir='ltr'>quod</span> 
     </span>
     <span class='ocr_line' id='line_1_5' title="bbox 143 552 1240 640; baseline 0.004 -21"><span class='ocrx_word' id='word_1_30' title='bbox 143 552 270 631; x_wconf 85' lang='lat' dir='ltr'>Reuben,</span> <span class='ocrx_word' id='word_1_31' title='bbox 294 558 375 620; x_wconf 91' lang='lat' dir='ltr'>ideo</span> <span class='ocrx_word' id='word_1_32' title='bbox 396 557 453 621; x_wconf 93' lang='lat' dir='ltr'>ille</span> <span class='ocrx_word' id='word_1_33' title='bbox 477 560 602 639; x_wconf 90' lang='lat' dir='ltr'>primus</span> <span class='ocrx_word' id='word_1_34' title='bbox 625 559 856 640; x_wconf 91' lang='lat' dir='ltr'>apostolorum</span> <span class='ocrx_word' id='word_1_35' title='bbox 880 570 963 635; x_wconf 91' lang='lat' dir='ltr'>erat,</span> <span class='ocrx_word' id='word_1_36' title='bbox 988 561 1073 622; x_wconf 91' lang='lat' dir='ltr'>sicut</span> <span class='ocrx_word' id='word_1_37' title='bbox 1098 559 1240 624; x_wconf 88' lang='lat' dir='ltr'>Reuben</span> 
     </span>
     <span class='ocr_line' id='line_1_6' title="bbox 142 648 1240 730; baseline 0.005 -21"><span class='ocrx_word' id='word_1_38' title='bbox 142 657 196 710; x_wconf 73' lang='lat' dir='ltr'>etat</span> <span class='ocrx_word' id='word_1_39' title='bbox 212 651 339 730; x_wconf 76' lang='lat' dir='ltr'>primus</span> <span class='ocrx_word' id='word_1_40' title='bbox 358 648 503 711; x_wconf 81' lang='lat' dir='ltr'>filiorum</span> <span class='ocrx_word' id='word_1_41' title='bbox 520 649 651 730; x_wconf 78' lang='lat' dir='ltr'>Jacobl.</span> <span class='ocrx_word' id='word_1_42' title='bbox 695 667 779 724; x_wconf 83' lang='lat' dir='ltr'>(Quod</span> <span class='ocrx_word' id='word_1_43' title='bbox 790 663 804 681; x_wconf 80' lang='lat'>‘¹</span> <span class='ocrx_word' id='word_1_44' title='bbox 814 667 897 713; x_wconf 78' lang='lat' dir='ltr'>Petrus</span> <span class='ocrx_word' id='word_1_45' title='bbox 905 668 918 682; x_wconf 81' lang='lat'>&#39;⁸</span> <span class='ocrx_word' id='word_1_46' title='bbox 929 669 1046 725; x_wconf 85' lang='lat' dir='ltr'>significet</span> <span class='ocrx_word' id='word_1_47' title='bbox 1057 682 1140 713; x_wconf 82' lang='lat' dir='ltr'>verum</span> <span class='ocrx_word' id='word_1_48' title='bbox 1151 668 1175 712; x_wconf 89' lang='lat' dir='ltr'>in</span> <span class='ocrx_word' id='word_1_49' title='bbox 1186 668 1240 714; x_wconf 88' lang='lat' dir='ltr'>luce</span> 
     </span>
     <span class='ocr_line' id='line_1_7' title="bbox 140 738 1238 822; baseline 0.006 -25"><span class='ocrx_word' id='word_1_50' title='bbox 140 751 653 818; x_wconf 65' lang='lat' dir='ltr'>onem,vioaerursupm.n.9‚411[a].)</span> <span class='ocrx_word' id='word_1_51' title='bbox 696 738 797 820; x_wconf 86' lang='lat' dir='ltr'>Quod</span> <span class='ocrx_word' id='word_1_52' title='bbox 823 740 967 803; x_wconf 90' lang='lat' dir='ltr'>Reuben</span> <span class='ocrx_word' id='word_1_53' title='bbox 990 740 1088 804; x_wconf 87' lang='lat' dir='ltr'>suerit</span> <span class='ocrx_word' id='word_1_54' title='bbox 1111 743 1238 822; x_wconf 90' lang='lat' dir='ltr'>primus</span> 
     </span>
     <span class='ocr_line' id='line_1_8' title="bbox 140 829 1239 918; baseline 0.006 -25"><span class='ocrx_word' id='word_1_55' title='bbox 140 829 257 896; x_wconf 80' lang='lat' dir='ltr'>filiorum</span> <span class='ocrx_word' id='word_1_56' title='bbox 274 834 406 915; x_wconf 87' lang='lat' dir='ltr'>Jacobi,</span> <span class='ocrx_word' id='word_1_57' title='bbox 426 846 461 898; x_wconf 92' lang='lat' dir='ltr'>et</span> <span class='ocrx_word' id='word_1_58' title='bbox 481 835 571 917; x_wconf 93' lang='lat' dir='ltr'>quod</span> <span class='ocrx_word' id='word_1_59' title='bbox 595 835 673 898; x_wconf 90' lang='lat' dir='ltr'>inde</span> <span class='ocrx_word' id='word_1_60' title='bbox 695 838 801 899; x_wconf 89' lang='lat' dir='ltr'>tribus</span> <span class='ocrx_word' id='word_1_61' title='bbox 819 837 862 900; x_wconf 90' lang='lat' dir='ltr'>ab</span> <span class='ocrx_word' id='word_1_62' title='bbox 884 838 942 900; x_wconf 93' lang='lat' dir='ltr'>illo</span> <span class='ocrx_word' id='word_1_63' title='bbox 962 836 1052 900; x_wconf 68' lang='lat' dir='ltr'>dieta</span> <span class='ocrx_word' id='word_1_64' title='bbox 1075 840 1107 899; x_wconf 91' lang='lat' dir='ltr'>in</span> <span class='ocrx_word' id='word_1_65' title='bbox 1131 839 1239 918; x_wconf 92' lang='lat' dir='ltr'>primo</span> 
     </span>
     <span class='ocr_line' id='line_1_9' title="bbox 139 923 1239 1014; baseline 0.007 -27"><span class='ocrx_word' id='word_1_66' title='bbox 139 923 197 990; x_wconf 90' lang='lat' dir='ltr'>loco</span> <span class='ocrx_word' id='word_1_67' title='bbox 214 929 244 991; x_wconf 91' lang='lat' dir='ltr'>in</span> <span class='ocrx_word' id='word_1_68' title='bbox 263 931 432 1011; x_wconf 89' lang='lat' dir='ltr'>plerisque</span> <span class='ocrx_word' id='word_1_69' title='bbox 449 929 533 992; x_wconf 91' lang='lat' dir='ltr'>locis</span> <span class='ocrx_word' id='word_1_70' title='bbox 552 931 585 992; x_wconf 91' lang='lat' dir='ltr'>in</span> <span class='ocrx_word' id='word_1_71' title='bbox 602 929 719 993; x_wconf 88' lang='lat' dir='ltr'>Verbo</span> <span class='ocrx_word' id='word_1_72' title='bbox 735 932 937 1005; x_wconf 91' lang='lat' dir='ltr'>nominetur,</span> <span class='ocrx_word' id='word_1_73' title='bbox 954 942 1026 994; x_wconf 90' lang='lat' dir='ltr'>erat</span> <span class='ocrx_word' id='word_1_74' title='bbox 1046 952 1147 995; x_wconf 87' lang='lat' dir='ltr'>causa</span> <span class='ocrx_word' id='word_1_75' title='bbox 1162 935 1239 1014; x_wconf 91' lang='lat' dir='ltr'>quia</span> 
     </span>
     <span class='ocr_line' id='line_1_10' title="bbox 138 1021 1237 1108; baseline 0.005 -24"><span class='ocrx_word' id='word_1_76' title='bbox 138 1021 362 1104; x_wconf 85' lang='lat' dir='ltr'>primogenitus</span> <span class='ocrx_word' id='word_1_77' title='bbox 372 1033 445 1086; x_wconf 87' lang='lat' dir='ltr'>erat</span> <span class='ocrx_word' id='word_1_78' title='bbox 457 1045 464 1101; x_wconf 94' lang='lat'>;</span> <span class='ocrx_word' id='word_1_79' title='bbox 484 1034 519 1086; x_wconf 89' lang='lat' dir='ltr'>et</span> <span class='ocrx_word' id='word_1_80' title='bbox 533 1043 591 1105; x_wconf 90' lang='lat' dir='ltr'>per</span> <span class='ocrx_word' id='word_1_81' title='bbox 603 1025 930 1105; x_wconf 84' lang='lat' dir='ltr'>“primogenituram</span> <span class='ocrx_word' id='word_1_82' title='bbox 940 1025 954 1048; x_wconf 92' lang='grc'>”</span> <span class='ocrx_word' id='word_1_83' title='bbox 964 1027 996 1087; x_wconf 92' lang='lat' dir='ltr'>in</span> <span class='ocrx_word' id='word_1_84' title='bbox 1008 1025 1124 1089; x_wconf 90' lang='lat' dir='ltr'>Verbo</span> <span class='ocrx_word' id='word_1_85' title='bbox 1135 1027 1237 1108; x_wconf 90' lang='lat' dir='ltr'>signi·</span> 
     </span>
     <span class='ocr_line' id='line_1_11' title="bbox 138 1110 1238 1200; baseline 0.009 -26"><span class='ocrx_word' id='word_1_86' title='bbox 138 1110 235 1178; x_wconf 80' lang='lat' dir='ltr'>icatur</span> <span class='ocrx_word' id='word_1_87' title='bbox 255 1137 373 1179; x_wconf 90' lang='lat' dir='ltr'>verum</span> <span class='ocrx_word' id='word_1_88' title='bbox 397 1138 442 1181; x_wconf 88' lang='lat' dir='ltr'>ex</span> <span class='ocrx_word' id='word_1_89' title='bbox 467 1117 568 1194; x_wconf 94' lang='lat' dir='ltr'>bono,</span> <span class='ocrx_word' id='word_1_90' title='bbox 588 1138 647 1181; x_wconf 88' lang='lat' dir='ltr'>seu</span> <span class='ocrx_word' id='word_1_91' title='bbox 671 1118 760 1200; x_wconf 93' lang='lat' dir='ltr'>quod</span> <span class='ocrx_word' id='word_1_92' title='bbox 783 1120 884 1194; x_wconf 90' lang='lat' dir='ltr'>idem,</span> <span class='ocrx_word' id='word_1_93' title='bbox 904 1140 1018 1182; x_wconf 88' lang='lat' dir='ltr'>verum</span> <span class='ocrx_word' id='word_1_94' title='bbox 1042 1121 1074 1181; x_wconf 93' lang='lat' dir='ltr'>in</span> <span class='ocrx_word' id='word_1_95' title='bbox 1099 1120 1183 1197; x_wconf 90' lang='lat' dir='ltr'>lucc,</span> <span class='ocrx_word' id='word_1_96' title='bbox 1202 1130 1238 1184; x_wconf 91' lang='lat' dir='ltr'>et</span> 
     </span>
     <span class='ocr_line' id='line_1_12' title="bbox 136 1205 1235 1295; baseline 0.006 -25"><span class='ocrx_word' id='word_1_97' title='bbox 136 1205 198 1272; x_wconf 82' lang='lat' dir='ltr'>inde</span> <span class='ocrx_word' id='word_1_98' title='bbox 222 1208 304 1273; x_wconf 84' lang='lat' dir='ltr'>lides</span> <span class='ocrx_word' id='word_1_99' title='bbox 331 1233 377 1273; x_wconf 89' lang='lat' dir='ltr'>ex</span> <span class='ocrx_word' id='word_1_100' title='bbox 405 1211 595 1288; x_wconf 84' lang='lat' dir='ltr'>charitate;</span> <span class='ocrx_word' id='word_1_101' title='bbox 623 1216 742 1275; x_wconf 77' lang='lat' dir='ltr'>&#39;verum</span> <span class='ocrx_word' id='word_1_102' title='bbox 769 1214 858 1276; x_wconf 90' lang='lat' dir='ltr'>enim</span> <span class='ocrx_word' id='word_1_103' title='bbox 886 1224 921 1276; x_wconf 88' lang='lat' dir='ltr'>et</span> <span class='ocrx_word' id='word_1_104' title='bbox 949 1214 1038 1295; x_wconf 93' lang='lat' dir='ltr'>quod</span> <span class='ocrx_word' id='word_1_105' title='bbox 1068 1213 1145 1276; x_wconf 86' lang='lat' dir='ltr'>fidei</span> <span class='ocrx_word' id='word_1_106' title='bbox 1172 1225 1235 1290; x_wconf 89' lang='lat' dir='ltr'>est,</span> 
     </span>
     <span class='ocr_line' id='line_1_13' title="bbox 137 1303 1236 1387; baseline 0.005 -21"><span class='ocrx_word' id='word_1_107' title='bbox 137 1303 256 1380; x_wconf 82' lang='lat' dir='ltr'>primum</span> <span class='ocrx_word' id='word_1_108' title='bbox 273 1316 416 1386; x_wconf 91' lang='lat' dir='ltr'>apparet</span> <span class='ocrx_word' id='word_1_109' title='bbox 433 1305 571 1379; x_wconf 87' lang='lat' dir='ltr'>homini,</span> <span class='ocrx_word' id='word_1_110' title='bbox 588 1307 692 1369; x_wconf 88' lang='lat' dir='ltr'>intrat</span> <span class='ocrx_word' id='word_1_111' title='bbox 709 1308 798 1369; x_wconf 92' lang='lat' dir='ltr'>enim</span> <span class='ocrx_word' id='word_1_112' title='bbox 815 1326 874 1387; x_wconf 90' lang='lat' dir='ltr'>per</span> <span class='ocrx_word' id='word_1_113' title='bbox 889 1308 1039 1369; x_wconf 89' lang='lat' dir='ltr'>auditum</span> <span class='ocrx_word' id='word_1_114' title='bbox 1058 1309 1090 1369; x_wconf 94' lang='lat' dir='ltr'>in</span> <span class='ocrx_word' id='word_1_115' title='bbox 1108 1328 1236 1372; x_wconf 88' lang='lat' dir='ltr'>memo·</span> 
     </span>
     <span class='ocr_line' id='line_1_14' title="bbox 137 1395 1236 1485; baseline 0.006 -26"><span class='ocrx_word' id='word_1_116' title='bbox 137 1395 257 1472; x_wconf 76' lang='lat' dir='ltr'>clamet</span> <span class='ocrx_word' id='word_1_117' title='bbox 273 1400 353 1462; x_wconf 92' lang='lat' dir='ltr'>inde</span> <span class='ocrx_word' id='word_1_118' title='bbox 369 1409 532 1462; x_wconf 89' lang='lat' dir='ltr'>evocatur</span> <span class='ocrx_word' id='word_1_119' title='bbox 547 1400 580 1461; x_wconf 93' lang='lat' dir='ltr'>in</span> <span class='ocrx_word' id='word_1_120' title='bbox 598 1401 853 1480; x_wconf 83' lang='lat' dir='ltr'>cogitationem,</span> <span class='ocrx_word' id='word_1_121' title='bbox 867 1410 901 1463; x_wconf 89' lang='lat' dir='ltr'>et</span> <span class='ocrx_word' id='word_1_122' title='bbox 918 1402 1007 1483; x_wconf 93' lang='lat' dir='ltr'>quod</span> <span class='ocrx_word' id='word_1_123' title='bbox 1025 1402 1127 1465; x_wconf 90' lang='lat' dir='ltr'>homo</span> <span class='ocrx_word' id='word_1_124' title='bbox 1143 1405 1236 1485; x_wconf 87' lang='lat' dir='ltr'>cogi-</span> 
     </span>
     <span class='ocr_line' id='line_1_15' title="bbox 137 1492 1234 1577; baseline 0.005 -23"><span class='ocrx_word' id='word_1_125' title='bbox 137 1497 179 1553; x_wconf 80' lang='lat' dir='ltr'>tat</span> <span class='ocrx_word' id='word_1_126' title='bbox 193 1492 251 1556; x_wconf 95' lang='lat' dir='ltr'>hoc</span> <span class='ocrx_word' id='word_1_127' title='bbox 271 1496 343 1556; x_wconf 91' lang='lat' dir='ltr'>visu</span> <span class='ocrx_word' id='word_1_128' title='bbox 363 1495 513 1556; x_wconf 89' lang='lat' dir='ltr'>interiori</span> <span class='ocrx_word' id='word_1_129' title='bbox 532 1495 625 1556; x_wconf 89' lang='lat' dir='ltr'>videt</span> <span class='ocrx_word' id='word_1_130' title='bbox 645 1505 679 1557; x_wconf 88' lang='lat' dir='ltr'>et</span> <span class='ocrx_word' id='word_1_131' title='bbox 699 1496 907 1576; x_wconf 90' lang='lat' dir='ltr'>appercipit;</span> <span class='ocrx_word' id='word_1_132' title='bbox 931 1506 966 1558; x_wconf 91' lang='lat' dir='ltr'>et</span> <span class='ocrx_word' id='word_1_133' title='bbox 985 1497 1074 1577; x_wconf 90' lang='lat' dir='ltr'>quod</span> <span class='ocrx_word' id='word_1_134' title='bbox 1094 1499 1234 1577; x_wconf 93' lang='lat' dir='ltr'>primum</span> 
     </span>
     <span class='ocr_line' id='line_1_16' title="bbox 137 1585 1235 1672; baseline 0.006 -25"><span class='ocrx_word' id='word_1_135' title='bbox 137 1585 248 1650; x_wconf 86' lang='lat' dir='ltr'>videtur</span> <span class='ocrx_word' id='word_1_136' title='bbox 263 1599 297 1651; x_wconf 88' lang='lat' dir='ltr'>et</span> <span class='ocrx_word' id='word_1_137' title='bbox 315 1589 552 1670; x_wconf 89' lang='lat' dir='ltr'>appercipitur,</span> <span class='ocrx_word' id='word_1_138' title='bbox 567 1588 631 1650; x_wconf 92' lang='lat' dir='ltr'>hoc</span> <span class='ocrx_word' id='word_1_139' title='bbox 648 1590 791 1669; x_wconf 93' lang='lat' dir='ltr'>primum</span> <span class='ocrx_word' id='word_1_140' title='bbox 807 1599 859 1652; x_wconf 91' lang='lat' dir='ltr'>est</span> <span class='ocrx_word' id='word_1_141' title='bbox 876 1590 935 1653; x_wconf 91' lang='lat' dir='ltr'>sed</span> <span class='ocrx_word' id='word_1_142' title='bbox 953 1591 1055 1653; x_wconf 92' lang='lat' dir='ltr'>modo</span> <span class='ocrx_word' id='word_1_143' title='bbox 1071 1612 1235 1672; x_wconf 89' lang='lat' dir='ltr'>apparen-</span> 
     </span>
     <span class='ocr_line' id='line_1_17' title="bbox 138 1680 1235 1767; baseline 0.007 -27"><span class='ocrx_word' id='word_1_144' title='bbox 138 1686 187 1753; x_wconf 88' lang='lat' dir='ltr'>ter,</span> <span class='ocrx_word' id='word_1_145' title='bbox 197 1702 258 1745; x_wconf 89' lang='lat' dir='ltr'>non</span> <span class='ocrx_word' id='word_1_146' title='bbox 274 1695 391 1745; x_wconf 91' lang='lat' dir='ltr'>autem</span> <span class='ocrx_word' id='word_1_147' title='bbox 403 1680 601 1746; x_wconf 69' lang='lat' dir='ltr'>actualiter:</span> <span class='ocrx_word' id='word_1_148' title='bbox 626 1683 752 1746; x_wconf 92' lang='lat' dir='ltr'>bonum</span> <span class='ocrx_word' id='word_1_149' title='bbox 768 1693 822 1747; x_wconf 90' lang='lat' dir='ltr'>est</span> <span class='ocrx_word' id='word_1_150' title='bbox 838 1681 1016 1748; x_wconf 70' lang='lat' dir='ltr'>actualiter</span> <span class='ocrx_word' id='word_1_151' title='bbox 1031 1687 1235 1767; x_wconf 89' lang='lat' dir='ltr'>primogeni-</span> 
     </span>
     <span class='ocr_line' id='line_1_18' title="bbox 138 1775 1235 1859; baseline 0.009 -26"><span class='ocrx_word' id='word_1_152' title='bbox 138 1780 193 1837; x_wconf 85' lang='lat' dir='ltr'>tum</span> <span class='ocrx_word' id='word_1_153' title='bbox 207 1796 260 1839; x_wconf 91' lang='lat' dir='ltr'>seu</span> <span class='ocrx_word' id='word_1_154' title='bbox 276 1779 420 1858; x_wconf 89' lang='lat' dir='ltr'>primum</span> <span class='ocrx_word' id='word_1_155' title='bbox 437 1775 611 1852; x_wconf 89' lang='lat' dir='ltr'>ecclesiae,</span> <span class='ocrx_word' id='word_1_156' title='bbox 626 1778 785 1859; x_wconf 90' lang='lat' dir='ltr'>quoniam</span> <span class='ocrx_word' id='word_1_157' title='bbox 797 1797 912 1840; x_wconf 88' lang='lat' dir='ltr'>verum</span> <span class='ocrx_word' id='word_1_158' title='bbox 929 1780 1047 1842; x_wconf 87' lang='lat' dir='ltr'>existit</span> <span class='ocrx_word' id='word_1_159' title='bbox 1064 1801 1108 1841; x_wconf 86' lang='lat' dir='ltr'>ex</span> <span class='ocrx_word' id='word_1_160' title='bbox 1125 1780 1235 1858; x_wconf 90' lang='lat' dir='ltr'>bono;</span> 
     </span>
     <span class='ocr_line' id='line_1_19' title="bbox 137 1864 1235 1954; baseline 0.005 -22"><span class='ocrx_word' id='word_1_161' title='bbox 137 1864 335 1935; x_wconf 78' lang='lat' dir='ltr'>formatenim</span> <span class='ocrx_word' id='word_1_162' title='bbox 345 1893 381 1934; x_wconf 91' lang='lat' dir='ltr'>se</span> <span class='ocrx_word' id='word_1_163' title='bbox 394 1871 519 1934; x_wconf 91' lang='lat' dir='ltr'>bonum</span> <span class='ocrx_word' id='word_1_164' title='bbox 532 1873 564 1933; x_wconf 95' lang='lat' dir='ltr'>in</span> <span class='ocrx_word' id='word_1_165' title='bbox 576 1873 673 1945; x_wconf 70' lang='lat' dir='ltr'>veris</span> <span class='ocrx_word' id='word_1_166' title='bbox 685 1892 724 1934; x_wconf 92' lang='lat' dir='ltr'>ac</span> <span class='ocrx_word' id='word_1_167' title='bbox 735 1893 771 1934; x_wconf 91' lang='lat' dir='ltr'>se</span> <span class='ocrx_word' id='word_1_168' title='bbox 784 1893 843 1954; x_wconf 88' lang='lat' dir='ltr'>per</span> <span class='ocrx_word' id='word_1_169' title='bbox 853 1894 932 1936; x_wconf 90' lang='lat' dir='ltr'>vera</span> <span class='ocrx_word' id='word_1_170' title='bbox 942 1875 1030 1936; x_wconf 90' lang='lat' dir='ltr'>sistit</span> <span class='ocrx_word' id='word_1_171' title='bbox 1041 1874 1235 1950; x_wconf 90' lang='lat' dir='ltr'>videndum,</span> 
     </span>
     <span class='ocr_line' id='line_1_20' title="bbox 138 1966 1262 2048; baseline 0.003 -21"><span class='ocrx_word' id='word_1_172' title='bbox 138 1981 219 2044; x_wconf 87' lang='lat' dir='ltr'>quare</span> <span class='ocrx_word' id='word_1_173' title='bbox 239 1986 355 2031; x_wconf 89' lang='lat' dir='ltr'>verum</span> <span class='ocrx_word' id='word_1_174' title='bbox 379 1977 432 2028; x_wconf 90' lang='lat' dir='ltr'>est</span> <span class='ocrx_word' id='word_1_175' title='bbox 456 1966 581 2027; x_wconf 93' lang='lat' dir='ltr'>bonum</span> <span class='ocrx_word' id='word_1_176' title='bbox 605 1967 638 2028; x_wconf 93' lang='lat' dir='ltr'>in</span> <span class='ocrx_word' id='word_1_177' title='bbox 661 1966 767 2028; x_wconf 83' lang='lat' dir='ltr'>forma</span> <span class='ocrx_word' id='word_1_178' title='bbox 780 1988 787 2043; x_wconf 93' lang='lat'>;</span> <span class='ocrx_word' id='word_1_179' title='bbox 816 1967 894 2029; x_wconf 89' lang='lat' dir='ltr'>inde</span> <span class='ocrx_word' id='word_1_180' title='bbox 917 1978 968 2029; x_wconf 91' lang='lat' dir='ltr'>est</span> <span class='ocrx_word' id='word_1_181' title='bbox 992 1967 1081 2048; x_wconf 94' lang='lat' dir='ltr'>quod</span> <span class='ocrx_word' id='word_1_182' title='bbox 1106 1968 1262 2032; x_wconf 79' lang='lat' dir='ltr'>dicatur·</span> 
     </span>
     <span class='ocr_line' id='line_1_21' title="bbox 138 2056 1236 2142; baseline 0.009 -26"><span class='ocrx_word' id='word_1_183' title='bbox 138 2074 230 2123; x_wconf 79' lang='lat' dir='ltr'>verum</span> <span class='ocrx_word' id='word_1_184' title='bbox 252 2083 296 2125; x_wconf 87' lang='lat' dir='ltr'>ex</span> <span class='ocrx_word' id='word_1_185' title='bbox 325 2061 416 2123; x_wconf 90' lang='lat' dir='ltr'>bono</span> <span class='ocrx_word' id='word_1_186' title='bbox 443 2069 478 2123; x_wconf 92' lang='lat' dir='ltr'>et</span> <span class='ocrx_word' id='word_1_187' title='bbox 505 2058 588 2122; x_wconf 88' lang='lat' dir='ltr'>fides</span> <span class='ocrx_word' id='word_1_188' title='bbox 615 2080 658 2122; x_wconf 88' lang='lat' dir='ltr'>ex</span> <span class='ocrx_word' id='word_1_189' title='bbox 684 2056 861 2135; x_wconf 84' lang='lat' dir='ltr'>charitate,</span> <span class='ocrx_word' id='word_1_190' title='bbox 885 2062 975 2142; x_wconf 93' lang='lat' dir='ltr'>quod</span> <span class='ocrx_word' id='word_1_191' title='bbox 1003 2063 1091 2123; x_wconf 92' lang='lat' dir='ltr'>enim</span> <span class='ocrx_word' id='word_1_192' title='bbox 1115 2071 1236 2126; x_wconf 89' lang='lat' dir='ltr'>estex</span> 
     </span>
     <span class='ocr_line' id='line_1_22' title="bbox 138 2149 1235 2236; baseline 0.011 -26"><span class='ocrx_word' id='word_1_193' title='bbox 138 2149 237 2235; x_wconf 85' lang='lat' dir='ltr'>aliquo,</span> <span class='ocrx_word' id='word_1_194' title='bbox 259 2157 324 2219; x_wconf 94' lang='lat' dir='ltr'>hoc</span> <span class='ocrx_word' id='word_1_195' title='bbox 352 2155 435 2217; x_wconf 91' lang='lat' dir='ltr'>illud</span> <span class='ocrx_word' id='word_1_196' title='bbox 463 2164 515 2217; x_wconf 91' lang='lat' dir='ltr'>est</span> <span class='ocrx_word' id='word_1_197' title='bbox 543 2155 576 2217; x_wconf 93' lang='lat' dir='ltr'>in</span> <span class='ocrx_word' id='word_1_198' title='bbox 604 2155 763 2235; x_wconf 85' lang='lat' dir='ltr'>imagine,</span> <span class='ocrx_word' id='word_1_199' title='bbox 786 2175 825 2217; x_wconf 93' lang='lat' dir='ltr'>ac</span> <span class='ocrx_word' id='word_1_200' title='bbox 850 2156 883 2216; x_wconf 91' lang='lat' dir='ltr'>in</span> <span class='ocrx_word' id='word_1_201' title='bbox 910 2176 944 2218; x_wconf 90' lang='lat' dir='ltr'>se</span> <span class='ocrx_word' id='word_1_202' title='bbox 968 2154 1159 2236; x_wconf 67' lang='lat' dir='ltr'>spectatum</span> <span class='ocrx_word' id='word_1_203' title='bbox 1182 2167 1235 2222; x_wconf 92' lang='lat' dir='ltr'>est</span> 
     </span>
     <span class='ocr_line' id='line_1_23' title="bbox 139 2242 1235 2332; baseline 0.006 -24"><span class='ocrx_word' id='word_1_204' title='bbox 139 2242 239 2312; x_wconf 90' lang='lat' dir='ltr'>bonum</span> <span class='ocrx_word' id='word_1_205' title='bbox 262 2251 443 2313; x_wconf 90' lang='lat' dir='ltr'>lormatum</span> <span class='ocrx_word' id='word_1_206' title='bbox 463 2259 498 2311; x_wconf 93' lang='lat' dir='ltr'>et</span> <span class='ocrx_word' id='word_1_207' title='bbox 518 2259 657 2326; x_wconf 90' lang='lat' dir='ltr'>natum;</span> <span class='ocrx_word' id='word_1_208' title='bbox 681 2249 745 2311; x_wconf 94' lang='lat' dir='ltr'>hoc</span> <span class='ocrx_word' id='word_1_209' title='bbox 765 2251 878 2331; x_wconf 87' lang='lat' dir='ltr'>itaque</span> <span class='ocrx_word' id='word_1_210' title='bbox 898 2261 950 2313; x_wconf 88' lang='lat' dir='ltr'>est</span> <span class='ocrx_word' id='word_1_211' title='bbox 974 2252 1235 2332; x_wconf 87' lang='lat' dir='ltr'>primogenitum</span> 
     </span>
     <span class='ocr_line' id='line_1_24' title="bbox 138 2337 1235 2425; baseline 0.008 -24"><span class='ocrx_word' id='word_1_212' title='bbox 138 2337 258 2407; x_wconf 87' lang='lat' dir='ltr'>insensu</span> <span class='ocrx_word' id='word_1_213' title='bbox 270 2343 436 2425; x_wconf 89' lang='lat' dir='ltr'>spirituali</span> <span class='ocrx_word' id='word_1_214' title='bbox 447 2343 561 2406; x_wconf 90' lang='lat' dir='ltr'>Verbi.</span> <span class='ocrx_word' id='word_1_215' title='bbox 600 2344 778 2406; x_wconf 89' lang='lat' dir='ltr'>Praeterea</span> <span class='ocrx_word' id='word_1_216' title='bbox 787 2345 875 2424; x_wconf 92' lang='lat' dir='ltr'>apud</span> <span class='ocrx_word' id='word_1_217' title='bbox 889 2344 1033 2408; x_wconf 79' lang='lat' dir='ltr'>infantes</span> <span class='ocrx_word' id='word_1_218' title='bbox 1044 2355 1095 2408; x_wconf 92' lang='lat' dir='ltr'>est</span> <span class='ocrx_word' id='word_1_219' title='bbox 1109 2347 1235 2410; x_wconf 93' lang='lat' dir='ltr'>bonum</span> 
     </span>
     <span class='ocr_line' id='line_1_25' title="bbox 138 2433 1235 2524; baseline 0.008 -28"><span class='ocrx_word' id='word_1_220' title='bbox 138 2433 338 2513; x_wconf 88' lang='lat' dir='ltr'>innocentiae,</span> <span class='ocrx_word' id='word_1_221' title='bbox 362 2439 453 2521; x_wconf 90' lang='lat' dir='ltr'>quod</span> <span class='ocrx_word' id='word_1_222' title='bbox 483 2439 626 2520; x_wconf 93' lang='lat' dir='ltr'>primum</span> <span class='ocrx_word' id='word_1_223' title='bbox 652 2459 673 2501; x_wconf 91' lang='lat' dir='ltr'>a</span> <span class='ocrx_word' id='word_1_224' title='bbox 704 2437 852 2501; x_wconf 92' lang='lat' dir='ltr'>Domino</span> <span class='ocrx_word' id='word_1_225' title='bbox 879 2439 1072 2515; x_wconf 80' lang='lat' dir='ltr'>infunditur,</span> <span class='ocrx_word' id='word_1_226' title='bbox 1097 2462 1141 2503; x_wconf 90' lang='lat' dir='ltr'>ex</span> <span class='ocrx_word' id='word_1_227' title='bbox 1168 2463 1235 2524; x_wconf 94' lang='lat' dir='ltr'>quo</span> 
     </span>
     <span class='ocr_line' id='line_1_26' title="bbox 139 2525 1234 2615; baseline 0.008 -25"><span class='ocrx_word' id='word_1_228' title='bbox 139 2525 219 2595; x_wconf 86' lang='lat' dir='ltr'>homo</span> <span class='ocrx_word' id='word_1_229' title='bbox 230 2535 372 2615; x_wconf 92' lang='lat' dir='ltr'>primum</span> <span class='ocrx_word' id='word_1_230' title='bbox 389 2532 425 2595; x_wconf 84' lang='lat' dir='ltr'>fit</span> <span class='ocrx_word' id='word_1_231' title='bbox 442 2533 565 2609; x_wconf 92' lang='lat' dir='ltr'>homo;</span> <span class='ocrx_word' id='word_1_232' title='bbox 585 2542 620 2594; x_wconf 87' lang='lat' dir='ltr'>et</span> <span class='ocrx_word' id='word_1_233' title='bbox 632 2533 710 2613; x_wconf 92' lang='lat' dir='ltr'>quia</span> <span class='ocrx_word' id='word_1_234' title='bbox 726 2531 852 2595; x_wconf 92' lang='lat' dir='ltr'>bonum</span> <span class='ocrx_word' id='word_1_235' title='bbox 865 2543 917 2596; x_wconf 91' lang='lat' dir='ltr'>est</span> <span class='ocrx_word' id='word_1_236' title='bbox 931 2536 1064 2608; x_wconf 86' lang='lat' dir='ltr'>amoris,</span> <span class='ocrx_word' id='word_1_237' title='bbox 1077 2545 1113 2597; x_wconf 91' lang='lat' dir='ltr'>et</span> <span class='ocrx_word' id='word_1_238' title='bbox 1132 2536 1234 2599; x_wconf 91' lang='lat' dir='ltr'>homo</span> 
     </span>
     <span class='ocr_line' id='line_1_27' title="bbox 140 2625 1233 2710; baseline 0.008 -25"><span class='ocrx_word' id='word_1_239' title='bbox 140 2641 216 2704; x_wconf 83' lang='lat' dir='ltr'>super</span> <span class='ocrx_word' id='word_1_240' title='bbox 230 2647 382 2692; x_wconf 91' lang='lat' dir='ltr'>amorem</span> <span class='ocrx_word' id='word_1_241' title='bbox 404 2647 500 2691; x_wconf 90' lang='lat' dir='ltr'>suum</span> <span class='ocrx_word' id='word_1_242' title='bbox 523 2647 592 2689; x_wconf 91' lang='lat' dir='ltr'>non</span> <span class='ocrx_word' id='word_1_243' title='bbox 616 2625 768 2702; x_wconf 68' lang='lat' dir='ltr'>reflectit,</span> <span class='ocrx_word' id='word_1_244' title='bbox 788 2628 848 2691; x_wconf 91' lang='lat' dir='ltr'>sed</span> <span class='ocrx_word' id='word_1_245' title='bbox 871 2650 970 2709; x_wconf 89' lang='lat' dir='ltr'>super</span> <span class='ocrx_word' id='word_1_246' title='bbox 989 2632 1233 2710; x_wconf 83' lang='lat' dir='ltr'>cogitationem</span> 
     </span>
     <span class='ocr_line' id='line_1_28' title="bbox 140 2721 1233 2807; baseline 0.006 -26"><span class='ocrx_word' id='word_1_247' title='bbox 140 2736 172 2781; x_wconf 80' lang='lat' dir='ltr'>ex</span> <span class='ocrx_word' id='word_1_248' title='bbox 188 2725 354 2796; x_wconf 90' lang='lat' dir='ltr'>memoria,</span> <span class='ocrx_word' id='word_1_249' title='bbox 374 2734 409 2784; x_wconf 91' lang='lat' dir='ltr'>et</span> <span class='ocrx_word' id='word_1_250' title='bbox 431 2723 507 2803; x_wconf 89' lang='lat' dir='ltr'>quia</span> <span class='ocrx_word' id='word_1_251' title='bbox 531 2721 656 2784; x_wconf 93' lang='lat' dir='ltr'>bonum</span> <span class='ocrx_word' id='word_1_252' title='bbox 681 2741 747 2783; x_wconf 92' lang='lat' dir='ltr'>non</span> <span class='ocrx_word' id='word_1_253' title='bbox 772 2723 861 2802; x_wconf 89' lang='lat' dir='ltr'>prius</span> <span class='ocrx_word' id='word_1_254' title='bbox 884 2723 988 2786; x_wconf 88' lang='lat' dir='ltr'>habet</span> <span class='ocrx_word' id='word_1_255' title='bbox 1011 2723 1110 2806; x_wconf 91' lang='lat' dir='ltr'>quale</span> <span class='ocrx_word' id='word_1_256' title='bbox 1133 2746 1233 2807; x_wconf 91' lang='lat' dir='ltr'>quam</span> 
     </span>
     <span class='ocr_line' id='line_1_29' title="bbox 141 2816 1232 2899; baseline 0.008 -25"><span class='ocrx_word' id='word_1_257' title='bbox 141 2828 195 2879; x_wconf 84' lang='lat' dir='ltr'>cum</span> <span class='ocrx_word' id='word_1_258' title='bbox 209 2817 388 2881; x_wconf 79' lang='lat' dir='ltr'>formatum</span> <span class='ocrx_word' id='word_1_259' title='bbox 407 2829 460 2880; x_wconf 88' lang='lat' dir='ltr'>est</span> <span class='ocrx_word' id='word_1_260' title='bbox 479 2818 512 2879; x_wconf 90' lang='lat' dir='ltr'>in</span> <span class='ocrx_word' id='word_1_261' title='bbox 529 2837 618 2889; x_wconf 88' lang='lat' dir='ltr'>vera,</span> <span class='ocrx_word' id='word_1_262' title='bbox 636 2827 669 2879; x_wconf 91' lang='lat' dir='ltr'>et</span> <span class='ocrx_word' id='word_1_263' title='bbox 689 2816 816 2899; x_wconf 90' lang='lat' dir='ltr'>absque</span> <span class='ocrx_word' id='word_1_264' title='bbox 833 2818 921 2899; x_wconf 90' lang='lat' dir='ltr'>quali</span> <span class='ocrx_word' id='word_1_265' title='bbox 942 2819 1022 2881; x_wconf 90' lang='lat' dir='ltr'>nihil</span> <span class='ocrx_word' id='word_1_266' title='bbox 1042 2821 1232 2899; x_wconf 84' lang='lat' dir='ltr'>percipitur,</span> 
     </span>
     <span class='ocr_line' id='line_1_30' title="bbox 142 2905 1232 2995; baseline 0.012 -30"><span class='ocrx_word' id='word_1_267' title='bbox 142 2905 197 2973; x_wconf 89' lang='lat' dir='ltr'>inde</span> <span class='ocrx_word' id='word_1_268' title='bbox 210 2924 257 2976; x_wconf 88' lang='lat' dir='ltr'>est</span> <span class='ocrx_word' id='word_1_269' title='bbox 274 2914 365 2995; x_wconf 92' lang='lat' dir='ltr'>quod</span> <span class='ocrx_word' id='word_1_270' title='bbox 385 2913 559 2993; x_wconf 88' lang='lat' dir='ltr'>ignoretur</span> <span class='ocrx_word' id='word_1_271' title='bbox 574 2912 663 2993; x_wconf 91' lang='lat' dir='ltr'>quod</span> <span class='ocrx_word' id='word_1_272' title='bbox 683 2911 808 2980; x_wconf 93' lang='lat' dir='ltr'>bonum</span> <span class='ocrx_word' id='word_1_273' title='bbox 827 2914 870 2975; x_wconf 90' lang='lat' dir='ltr'>sit</span> <span class='ocrx_word' id='word_1_274' title='bbox 890 2914 1032 2993; x_wconf 90' lang='lat' dir='ltr'>primum</span> <span class='ocrx_word' id='word_1_275' title='bbox 1052 2923 1086 2976; x_wconf 90' lang='lat' dir='ltr'>et</span> <span class='ocrx_word' id='word_1_276' title='bbox 1107 2915 1232 2995; x_wconf 92' lang='lat' dir='ltr'>primo·</span> 
     </span>
     <span class='ocr_line' id='line_1_31' title="bbox 143 3006 1233 3090; baseline 0.009 -28"><span class='ocrx_word' id='word_1_277' title='bbox 143 3006 284 3083; x_wconf 82' lang='lat' dir='ltr'>genitum;</span> <span class='ocrx_word' id='word_1_278' title='bbox 308 3008 435 3070; x_wconf 91' lang='lat' dir='ltr'>bonum</span> <span class='ocrx_word' id='word_1_279' title='bbox 455 3007 544 3069; x_wconf 92' lang='lat' dir='ltr'>enim</span> <span class='ocrx_word' id='word_1_280' title='bbox 568 3007 711 3087; x_wconf 83' lang='lat' dir='ltr'>primum</span> <span class='ocrx_word' id='word_1_281' title='bbox 731 3008 918 3087; x_wconf 91' lang='lat' dir='ltr'>concipitur</span> <span class='ocrx_word' id='word_1_282' title='bbox 936 3028 956 3069; x_wconf 92' lang='lat' dir='ltr'>a</span> <span class='ocrx_word' id='word_1_283' title='bbox 978 3008 1125 3071; x_wconf 91' lang='lat' dir='ltr'>Domino</span> <span class='ocrx_word' id='word_1_284' title='bbox 1144 3011 1233 3090; x_wconf 94' lang='lat' dir='ltr'>apud</span> 
     </span>
     <span class='ocr_line' id='line_1_32' title="bbox 143 3091 1233 3183; baseline 0.006 -21"><span class='ocrx_word' id='word_1_285' title='bbox 143 3091 293 3177; x_wconf 84' lang='lat' dir='ltr'>honinem,</span> <span class='ocrx_word' id='word_1_286' title='bbox 312 3114 347 3166; x_wconf 92' lang='lat' dir='ltr'>et</span> <span class='ocrx_word' id='word_1_287' title='bbox 367 3103 517 3183; x_wconf 89' lang='lat' dir='ltr'>gignitur</span> <span class='ocrx_word' id='word_1_288' title='bbox 536 3122 594 3182; x_wconf 91' lang='lat' dir='ltr'>per</span> <span class='ocrx_word' id='word_1_289' title='bbox 610 3121 699 3174; x_wconf 89' lang='lat' dir='ltr'>vera,</span> <span class='ocrx_word' id='word_1_290' title='bbox 717 3102 750 3163; x_wconf 91' lang='lat' dir='ltr'>in</span> <span class='ocrx_word' id='word_1_291' title='bbox 767 3103 885 3182; x_wconf 92' lang='lat' dir='ltr'>quibus</span> <span class='ocrx_word' id='word_1_292' title='bbox 904 3103 1029 3165; x_wconf 92' lang='lat' dir='ltr'>bonum</span> <span class='ocrx_word' id='word_1_293' title='bbox 1049 3113 1101 3166; x_wconf 92' lang='lat' dir='ltr'>est</span> <span class='ocrx_word' id='word_1_294' title='bbox 1121 3105 1153 3167; x_wconf 91' lang='lat' dir='ltr'>in</span> <span class='ocrx_word' id='word_1_295' title='bbox 1173 3126 1233 3169; x_wconf 91' lang='lat' dir='ltr'>sua</span> 
     </span>
     <span class='ocr_line' id='line_1_33' title="bbox 144 3185 1232 3281; baseline 0.014 -32"><span class='ocrx_word' id='word_1_296' title='bbox 144 3185 220 3258; x_wconf 79' lang='lat' dir='ltr'>lorma</span> <span class='ocrx_word' id='word_1_297' title='bbox 239 3208 273 3261; x_wconf 90' lang='lat' dir='ltr'>et</span> <span class='ocrx_word' id='word_1_298' title='bbox 297 3197 420 3278; x_wconf 86' lang='lat' dir='ltr'>effigie.</span> <span class='ocrx_word' id='word_1_299' title='bbox 466 3197 643 3259; x_wconf 90' lang='lat' dir='ltr'>Praeterea</span> <span class='ocrx_word' id='word_1_300' title='bbox 666 3197 839 3258; x_wconf 90' lang='lat' dir='ltr'>sciendum</span> <span class='ocrx_word' id='word_1_301' title='bbox 863 3198 1024 3278; x_wconf 90' lang='lat' dir='ltr'>estquod</span> <span class='ocrx_word' id='word_1_302' title='bbox 1049 3219 1127 3261; x_wconf 91' lang='lat' dir='ltr'>vera</span> <span class='ocrx_word' id='word_1_303' title='bbox 1146 3221 1232 3281; x_wconf 90' lang='lat' dir='ltr'>quae</span> 
     </span>
     <span class='ocr_line' id='line_1_34' title="bbox 143 3281 1231 3371; baseline 0.006 -19"><span class='ocrx_word' id='word_1_304' title='bbox 143 3281 173 3344; x_wconf 58' lang='lat' dir='ltr'>ab</span> <span class='ocrx_word' id='word_1_305' title='bbox 184 3287 307 3355; x_wconf 91' lang='lat' dir='ltr'>homine</span> <span class='ocrx_word' id='word_1_306' title='bbox 324 3293 356 3354; x_wconf 92' lang='lat' dir='ltr'>in</span> <span class='ocrx_word' id='word_1_307' title='bbox 377 3291 447 3371; x_wconf 88' lang='lat' dir='ltr'>ejus</span> <span class='ocrx_word' id='word_1_308' title='bbox 463 3290 602 3353; x_wconf 88' lang='lat' dir='ltr'>insantia</span> <span class='ocrx_word' id='word_1_309' title='bbox 618 3299 654 3352; x_wconf 91' lang='lat' dir='ltr'>et</span> <span class='ocrx_word' id='word_1_310' title='bbox 673 3291 815 3370; x_wconf 89' lang='lat' dir='ltr'>pueritia</span> <span class='ocrx_word' id='word_1_311' title='bbox 831 3291 1026 3354; x_wconf 88' lang='lat' dir='ltr'>hauriuntur</span> <span class='ocrx_word' id='word_1_312' title='bbox 1042 3314 1085 3354; x_wconf 91' lang='lat' dir='ltr'>ex</span> <span class='ocrx_word' id='word_1_313' title='bbox 1104 3292 1231 3370; x_wconf 93' lang='lat' dir='ltr'>Verbo,</span> 
     </span>
     <span class='ocr_line' id='line_1_35' title="bbox 144 3373 1230 3467; baseline 0.006 -23"><span class='ocrx_word' id='word_1_314' title='bbox 144 3373 263 3450; x_wconf 63' lang='lat' dir='ltr'>doctrina</span> <span class='ocrx_word' id='word_1_315' title='bbox 286 3387 365 3449; x_wconf 89' lang='lat' dir='ltr'>inde</span> <span class='ocrx_word' id='word_1_316' title='bbox 384 3395 421 3449; x_wconf 92' lang='lat' dir='ltr'>et</span> <span class='ocrx_word' id='word_1_317' title='bbox 444 3386 705 3467; x_wconf 86' lang='lat' dir='ltr'>praedicatione,</span> <span class='ocrx_word' id='word_1_318' title='bbox 726 3397 912 3464; x_wconf 87' lang='lat' dir='ltr'>appareant</span> <span class='ocrx_word' id='word_1_319' title='bbox 931 3387 1066 3467; x_wconf 92' lang='lat' dir='ltr'>quidem</span> <span class='ocrx_word' id='word_1_320' title='bbox 1084 3398 1120 3450; x_wconf 92' lang='lat' dir='ltr'>ut</span> <span class='ocrx_word' id='word_1_321' title='bbox 1141 3410 1230 3464; x_wconf 89' lang='lat' dir='ltr'>vera,</span> 
     </span>
     <span class='ocr_line' id='line_1_36' title="bbox 143 3475 1231 3563; baseline 0.009 -26"><span class='ocrx_word' id='word_1_322' title='bbox 143 3475 182 3537; x_wconf 77' lang='lat' dir='ltr'>sed</span> <span class='ocrx_word' id='word_1_323' title='bbox 197 3500 292 3563; x_wconf 84' lang='lat' dir='ltr'>usque</span> <span class='ocrx_word' id='word_1_324' title='bbox 310 3500 377 3543; x_wconf 93' lang='lat' dir='ltr'>non</span> <span class='ocrx_word' id='word_1_325' title='bbox 397 3490 475 3542; x_wconf 90' lang='lat' dir='ltr'>sunt</span> <span class='ocrx_word' id='word_1_326' title='bbox 491 3500 570 3542; x_wconf 88' lang='lat' dir='ltr'>vera</span> <span class='ocrx_word' id='word_1_327' title='bbox 589 3479 677 3560; x_wconf 91' lang='lat' dir='ltr'>apud</span> <span class='ocrx_word' id='word_1_328' title='bbox 698 3478 811 3556; x_wconf 92' lang='lat' dir='ltr'>illum;</span> <span class='ocrx_word' id='word_1_329' title='bbox 835 3493 912 3543; x_wconf 89' lang='lat' dir='ltr'>sunt</span> <span class='ocrx_word' id='word_1_330' title='bbox 932 3481 1034 3543; x_wconf 93' lang='lat' dir='ltr'>modo</span> <span class='ocrx_word' id='word_1_331' title='bbox 1052 3483 1137 3545; x_wconf 90' lang='lat' dir='ltr'>sicut</span> <span class='ocrx_word' id='word_1_332' title='bbox 1156 3503 1231 3546; x_wconf 91' lang='lat' dir='ltr'>cor·</span> 
     </span>
     <span class='ocr_line' id='line_1_37' title="bbox 143 3564 1231 3660; baseline 0.007 -26"><span class='ocrx_word' id='word_1_333' title='bbox 143 3564 200 3634; x_wconf 78' lang='lat' dir='ltr'>lices</span> <span class='ocrx_word' id='word_1_334' title='bbox 209 3577 333 3658; x_wconf 88' lang='lat' dir='ltr'>absque</span> <span class='ocrx_word' id='word_1_335' title='bbox 347 3574 478 3649; x_wconf 90' lang='lat' dir='ltr'>nucleo,</span> <span class='ocrx_word' id='word_1_336' title='bbox 492 3595 550 3637; x_wconf 90' lang='lat' dir='ltr'>seu</span> <span class='ocrx_word' id='word_1_337' title='bbox 563 3575 649 3637; x_wconf 86' lang='lat' dir='ltr'>sicut</span> <span class='ocrx_word' id='word_1_338' title='bbox 662 3576 810 3654; x_wconf 88' lang='lat' dir='ltr'>corporis</span> <span class='ocrx_word' id='word_1_339' title='bbox 823 3587 857 3637; x_wconf 89' lang='lat' dir='ltr'>et</span> <span class='ocrx_word' id='word_1_340' title='bbox 875 3574 968 3638; x_wconf 87' lang='lat' dir='ltr'>saciei</span> <span class='ocrx_word' id='word_1_341' title='bbox 985 3576 1091 3638; x_wconf 82' lang='lat' dir='ltr'>forma</span> <span class='ocrx_word' id='word_1_342' title='bbox 1103 3580 1231 3660; x_wconf 91' lang='lat' dir='ltr'>absque</span> 
     </span>
     <span class='ocr_line' id='line_1_38' title="bbox 141 3665 1230 3752; baseline 0.005 -21"><span class='ocrx_word' id='word_1_343' title='bbox 141 3665 221 3731; x_wconf 64' lang='lat' dir='ltr'>laima</span> <span class='ocrx_word' id='word_1_344' title='bbox 238 3680 274 3734; x_wconf 89' lang='lat' dir='ltr'>et</span> <span class='ocrx_word' id='word_1_345' title='bbox 292 3672 384 3732; x_wconf 91' lang='lat' dir='ltr'>vita:</span> <span class='ocrx_word' id='word_1_346' title='bbox 409 3670 492 3732; x_wconf 90' lang='lat' dir='ltr'>haec</span> <span class='ocrx_word' id='word_1_347' title='bbox 517 3688 584 3731; x_wconf 91' lang='lat' dir='ltr'>non</span> <span class='ocrx_word' id='word_1_348' title='bbox 609 3669 697 3749; x_wconf 92' lang='lat' dir='ltr'>prius</span> <span class='ocrx_word' id='word_1_349' title='bbox 720 3668 803 3731; x_wconf 91' lang='lat' dir='ltr'>fiunt</span> <span class='ocrx_word' id='word_1_350' title='bbox 825 3691 904 3732; x_wconf 87' lang='lat' dir='ltr'>vera</span> <span class='ocrx_word' id='word_1_351' title='bbox 922 3691 1022 3752; x_wconf 90' lang='lat' dir='ltr'>quam</span> <span class='ocrx_word' id='word_1_352' title='bbox 1047 3691 1122 3734; x_wconf 91' lang='lat' dir='ltr'>cum</span> <span class='ocrx_word' id='word_1_353' title='bbox 1146 3675 1230 3737; x_wconf 92' lang='lat' dir='ltr'>reci·</span> 
     </span>
     <span class='ocr_line' id='line_1_39' title="bbox 137 3756 1230 3845; baseline 0.005 -20"><span class='ocrx_word' id='word_1_354' title='bbox 137 3756 242 3834; x_wconf 67' lang='lat' dir='ltr'>liuntur</span> <span class='ocrx_word' id='word_1_355' title='bbox 260 3764 451 3837; x_wconf 88' lang='lat' dir='ltr'>voluntate,</span> <span class='ocrx_word' id='word_1_356' title='bbox 472 3764 517 3826; x_wconf 90' lang='lat' dir='ltr'>sic</span> <span class='ocrx_word' id='word_1_357' title='bbox 537 3764 626 3826; x_wconf 91' lang='lat' dir='ltr'>enim</span> <span class='ocrx_word' id='word_1_358' title='bbox 648 3763 790 3843; x_wconf 88' lang='lat' dir='ltr'>primum</span> <span class='ocrx_word' id='word_1_359' title='bbox 809 3765 1013 3845; x_wconf 90' lang='lat' dir='ltr'>recipiuntur</span> <span class='ocrx_word' id='word_1_360' title='bbox 1032 3769 1074 3830; x_wconf 94' lang='lat' dir='ltr'>ab</span> <span class='ocrx_word' id='word_1_361' title='bbox 1094 3769 1230 3832; x_wconf 92' lang='lat' dir='ltr'>homine</span> 
     </span>
     <span class='ocr_line' id='line_1_40' title="bbox 134 3858 1225 3943; baseline 0.009 -27"><span class='ocrx_word' id='word_1_362' title='bbox 134 3866 157 3918; x_wconf 88' lang='lat' dir='ltr'>et</span> <span class='ocrx_word' id='word_1_363' title='bbox 165 3862 243 3941; x_wconf 82' lang='lat' dir='ltr'>apud</span> <span class='ocrx_word' id='word_1_364' title='bbox 256 3860 352 3922; x_wconf 92' lang='lat' dir='ltr'>illum</span> <span class='ocrx_word' id='word_1_365' title='bbox 365 3859 525 3939; x_wconf 92' lang='lat' dir='ltr'>incipiunt</span> <span class='ocrx_word' id='word_1_366' title='bbox 539 3859 650 3920; x_wconf 90' lang='lat' dir='ltr'>vivere</span> <span class='ocrx_word' id='word_1_367' title='bbox 664 3880 671 3934; x_wconf 87' lang='lat'>;</span> <span class='ocrx_word' id='word_1_368' title='bbox 691 3858 849 3920; x_wconf 90' lang='lat' dir='ltr'>voluntas</span> <span class='ocrx_word' id='word_1_369' title='bbox 862 3862 950 3922; x_wconf 92' lang='lat' dir='ltr'>enim</span> <span class='ocrx_word' id='word_1_370' title='bbox 964 3873 1015 3925; x_wconf 89' lang='lat' dir='ltr'>cst</span> <span class='ocrx_word' id='word_1_371' title='bbox 1030 3864 1099 3943; x_wconf 90' lang='lat' dir='ltr'>ipse</span> <span class='ocrx_word' id='word_1_372' title='bbox 1113 3864 1225 3937; x_wconf 88' lang='lat' dir='ltr'>hom0,</span> 
     </span>
     <span class='ocr_line' id='line_1_41' title="bbox 128 3954 1226 4028; baseline 0.004 -12"><span class='ocrx_word' id='word_1_373' title='bbox 128 3963 153 4019; x_wconf 82' lang='lat' dir='ltr'>ct</span> <span class='ocrx_word' id='word_1_374' title='bbox 170 3976 265 4019; x_wconf 90' lang='lat' dir='ltr'>omne</span> <span class='ocrx_word' id='word_1_375' title='bbox 289 3957 417 4019; x_wconf 93' lang='lat' dir='ltr'>bonum</span> <span class='ocrx_word' id='word_1_376' title='bbox 440 3964 493 4017; x_wconf 88' lang='lat' dir='ltr'>est</span> <span class='ocrx_word' id='word_1_377' title='bbox 512 3954 708 4028; x_wconf 88' lang='lat' dir='ltr'>voluntatis,</span> <span class='ocrx_word' id='word_1_378' title='bbox 729 3975 768 4017; x_wconf 89' lang='lat' dir='ltr'>ac</span> <span class='ocrx_word' id='word_1_379' title='bbox 793 3975 892 4017; x_wconf 91' lang='lat' dir='ltr'>omne</span> <span class='ocrx_word' id='word_1_380' title='bbox 912 3978 1025 4019; x_wconf 88' lang='lat' dir='ltr'>verum</span> <span class='ocrx_word' id='word_1_381' title='bbox 1051 3968 1101 4020; x_wconf 86' lang='lat' dir='ltr'>cst</span> <span class='ocrx_word' id='word_1_382' title='bbox 1126 3958 1226 4021; x_wconf 89' lang='lat' dir='ltr'>intel·</span> 
     </span>
     <span class='ocr_line' id='line_1_42' title="bbox 120 4046 1227 4132; baseline -0.004 -17"><span class='ocrx_word' id='word_1_383' title='bbox 120 4046 212 4115; x_wconf 70' lang='lat' dir='ltr'>letius</span> <span class='ocrx_word' id='word_1_384' title='bbox 230 4051 320 4114; x_wconf 91' lang='lat' dir='ltr'>inde.</span> <span class='ocrx_word' id='word_1_385' title='bbox 367 4048 423 4111; x_wconf 87' lang='lat' dir='ltr'>Ex</span> <span class='ocrx_word' id='word_1_386' title='bbox 447 4049 497 4111; x_wconf 89' lang='lat' dir='ltr'>his</span> <span class='ocrx_word' id='word_1_387' title='bbox 516 4059 672 4112; x_wconf 90' lang='lat' dir='ltr'>constare</span> <span class='ocrx_word' id='word_1_388' title='bbox 695 4060 809 4130; x_wconf 89' lang='lat' dir='ltr'>potest</span> <span class='ocrx_word' id='word_1_389' title='bbox 830 4050 917 4113; x_wconf 91' lang='lat' dir='ltr'>unde</span> <span class='ocrx_word' id='word_1_390' title='bbox 936 4060 988 4113; x_wconf 89' lang='lat' dir='ltr'>est</span> <span class='ocrx_word' id='word_1_391' title='bbox 1008 4051 1097 4132; x_wconf 90' lang='lat' dir='ltr'>quod</span> <span class='ocrx_word' id='word_1_392' title='bbox 1122 4050 1227 4113; x_wconf 90' lang='lat' dir='ltr'>tribus</span> 
     </span>
    </p>
   </div>
   <div class='ocr_carea' id='block_1_3' title="bbox 0 0 1346 4988">
    <p class='ocr_par' dir='ltr' id='par_1_3' title="bbox 0 0 1346 4988">
     <span class='ocr_line' id='line_1_43' title="bbox 0 0 1346 4988; baseline 0 1"><span class='ocrx_word' id='word_1_393' title='bbox 0 0 1346 4988; x_wconf 95' lang='lat' dir='ltr'> </span> 
     </span>
    </p>
   </div>
  </div>
 </body>
</html>
