2684 4988
92 479 96 487 ’
195 509 276 571 1124
503 503 754 556 aeocncvrsrs
777 504 1005 556 exemerim.

191 677 274 739 haec
295 677 328 738 in
342 673 586 738 BenediDione
600 673 741 738 filiorum
756 674 889 739 Israelis
908 696 928 738 a
945 675 1056 749 Mose,
1071 678 1104 739 in
1123 699 1191 760 qua
1206 678 1303 758 agitur

191 771 234 833 de
254 771 382 844 Verbo,
399 772 556 852 quiahoc
576 790 635 850 per
655 775 675 801 “
687 769 808 832 Mosen
817 769 832 793 ’'
850 771 884 833 in
903 790 1005 833 sensu
1021 773 1298 852 repraesentativa

192 865 410 948 significatur,
430 885 468 928 ac
493 885 553 946 per
577 863 703 928 “Urim
726 874 762 927 et
786 864 1005 928 Thummim”
1024 865 1231 946 significatur
1246 865 1292 928 Di·

192 962 306 1022 vinum
330 959 458 1021 Verum
482 959 619 1022 elucens
642 980 687 1021 ex
711 958 835 1022 Divino
863 958 971 1035 Bono,
996 961 1045 1023 ita
1070 960 1235 1038 Verbum;
1259 979 1288 1022 ac

192 1075 252 1135 per
275 1053 437 1117 “Levin”
460 1054 504 1116 ibi
531 1053 733 1135 intelligitur
758 1050 892 1117 affeetio
917 1056 987 1117 veri
1018 1055 1216 1136 spiritualis;
1241 1075 1284 1137 per

194 1149 326 1212 “virum
354 1145 508 1210 sanetum
536 1167 635 1229 quem
664 1157 840 1210 tentarunt
867 1149 901 1210 in
932 1149 1047 1212 Massa
1075 1160 1111 1213 et
1139 1152 1281 1231 adaquas

192 1242 351 1316 Meriba,”
366 1242 568 1323 intelligitur
585 1242 750 1305 Dominus
767 1243 878 1324 quoad
899 1243 1061 1307 Divinum
1078 1244 1210 1318 Verum,
1223 1264 1277 1307 nnn

193 1337 351 1409 “Petra'’
367 1336 409 1399 ad
429 1356 529 1417 quam
549 1336 606 1398 illa
626 1337 774 1399 tentatio
790 1335 903 1410 fiebat,
924 1338 1098 1419 significat
1117 1339 1274 1407 Dominum,

192 1443 226 1493 et
252 1437 385 1512 “aquae
409 1431 509 1493 inde’'
533 1431 656 1493 Divina
679 1452 778 1507 vera;
809 1452 869 1513 per
892 1439 1056 1512 “patrem
1082 1444 1117 1497 et
1143 1432 1275 1497 matren”

192 1526 310 1608 quibus
333 1526 420 1588 dixit
441 1525 548 1588 “Non
572 1525 640 1588 vidi
658 1522 775 1600 l¹¹vos,”
793 1525 1001 1606 significatur
1025 1527 1177 1591 Ecclesia
1196 1527 1271 1588 lsrae-

194 1621 295 1694 litica,
313 1641 398 1702 quae
416 1640 482 1683 non
494 1622 634 1701 agnovit
649 1619 830 1682 Dominum
843 1642 850 1696 ;
869 1620 1015 1684 ecclesia
1028 1623 1149 1686 dicitur
1161 1630 1178 1654 ‘⁴
1186 1616 1272 1702 pater’'

192 1736 237 1777 ex
253 1715 344 1778 bono
361 1726 396 1777 et
414 1721 551 1777 “mater
559 1714 574 1738 '⁹
590 1735 635 1777 ex
654 1735 754 1777 vero:
779 1735 837 1796 per
854 1714 1004 1778 “fratres
1023 1717 1125 1780 suos”
1140 1736 1212 1798 quos
1226 1730 1271 1775 non

192 1812 342 1892 agnovit,
363 1820 396 1872 et
418 1830 477 1890 per
497 1815 516 1841 “
528 1808 637 1872 filios”
655 1829 740 1890 quos
760 1829 827 1872 non
846 1811 952 1883 novit,
969 1811 1200 1892 intelliguntur
1211 1810 1272 1870 bona

192 1919 227 1968 et
244 1925 324 1967 vera
339 1904 503 1967 ecclesiae
519 1924 605 1985 quae
622 1903 710 1985 apud
729 1903 806 1966 illos
822 1923 889 1967 non
906 1916 1003 1967 erant
1017 1927 1025 1980 ;
1046 1904 1270 1968 “fratres’'sunt

193 2000 283 2062 bona
302 2010 337 2061 et
358 1998 469 2060 “filii”
488 2007 566 2060 sunt
585 2017 683 2060 vera:
709 1998 769 2059 sed
788 1999 865 2079 quia
885 1997 971 2060 “filii
992 1999 1077 2061 Levi
1086 1999 1101 2022 '⁹
1119 1996 1270 2080 significant

193 2096 282 2157 bona
308 2104 343 2156 et
366 2114 446 2155 vera
468 2092 644 2166 ecclesiae,
668 2102 704 2155 et
731 2093 764 2154 in
788 2111 913 2172 genere
943 2091 1155 2157 affeftionem
1177 2092 1270 2155 veriet

193 2190 272 2252 boni
302 2187 520 2269 spiritualem,
550 2187 626 2249 ideo
656 2186 778 2249 dicitur
806 2186 847 2248 de
877 2186 943 2249 illis
970 2189 1061 2269 quod
1091 2185 1271 2250 “custodient

194 2283 358 2354 Verbum,
382 2282 500 2344 foedus
528 2281 722 2354 servabunt,
742 2279 866 2360 judicia
893 2281 1066 2345 docebunt
1091 2281 1271 2363 Jacobunet

193 2378 305 2459 legem
323 2376 512 2450 lsraelem,''
525 2397 584 2457 per
596 2374 685 2457 quod
701 2374 909 2456 significatur
920 2376 1012 2457 quod
1029 2376 1076 2438 illi
1092 2378 1146 2459 qui
1161 2377 1190 2438 in
1203 2370 1270 2436 affec·

193 2473 285 2534 tione
303 2472 371 2533 veri
391 2471 553 2550 spirituali
573 2480 662 2541 sunt,
683 2468 808 2532 saciant
828 2469 979 2532 Verbum
999 2490 1038 2532 ac
1059 2471 1198 2533 doceant
1212 2469 1270 2528 bona

193 2577 227 2630 et
241 2587 319 2629 vera
335 2566 519 2641 ecclesiae;
543 2565 615 2644 ipsa
634 2565 723 2626 enim
741 2562 873 2627 aflet'tio
890 2566 958 2627 veri
978 2566 1159 2646 spiritualis
1175 2563 1236 2626 facit
1247 2566 1270 2619 et

193 2662 305 2734 docet,
326 2680 403 2721 nam
429 2659 593 2722 Dominus
617 2659 648 2720 in
673 2657 764 2721 illam
789 2659 893 2722 influit
917 2659 1052 2722 etfacit
1076 2660 1193 2722 bonurn
1210 2650 1269 2734 apud

192 2756 364 2818 hominem
388 2766 422 2817 et
447 2755 549 2816 docet
569 2772 683 2815 verum
707 2754 795 2832 apud
826 2753 939 2828 illum;
972 2753 1171 2817 “Verbum”
1186 2750 1220 2814 ibi
1236 2754 1269 2808 est

194 2850 351 2913 Divinum
368 2849 507 2922 Verum,
526 2847 724 2910 “custodire
741 2847 846 2910 illud”
862 2861 914 2910 est
934 2847 1055 2923 lacere,
1075 2843 1269 2911 “foedus'’est

192 2941 384 3025 conjunctio
403 2964 462 3024 per
478 2943 510 3005 id
530 2962 604 3005 cum
623 2942 780 3015 Domino,
802 2942 950 3022 “judicia
959 2943 974 2966 ”
991 2953 1070 3008 sunt
1090 2963 1165 3006 vera
1181 2934 1268 3002 doctri·

192 3059 255 3102 nae
273 3060 318 3100 ex
333 3037 459 3110 Verbo,
475 3045 493 3068 ‘⁶
504 3037 561 3099 lex
571 3036 586 3059 ”
599 3046 651 3099 est
665 3037 790 3098 bonum
803 3038 883 3109 veri,
899 3035 1096 3116 “Jacobus”
1107 3047 1140 3100 et
1154 3023 1269 3096 “lsrael’'

192 3143 270 3196 sunt
284 3132 426 3195 ecclesia
439 3152 445 3192 :
467 3131 577 3194 cultus
590 3151 634 3192 ex
647 3132 732 3192 veris
745 3128 918 3193 doetrinae
932 3130 1138 3211 significatur
1150 3131 1267 3210 per‘¹pu

192 3248 271 3292 nere
300 3226 448 3289 suffitum
475 3226 507 3287 in
534 3223 681 3298 nasum,”
704 3235 740 3286 et
767 3224 877 3286 cultus
907 3246 952 3286 ex
984 3226 1076 3288 bono
1102 3223 1209 3287 amoris
1228 3231 1267 3297 ptr

193 3330 345 3404 “ponere
359 3321 595 3383 holocaustum
609 3339 708 3398 super
720 3319 827 3398 altare
839 3318 866 3381 :”
885 3319 1063 3400 dissipatio
1076 3320 1215 3382 salsorum
1228 3327 1267 3391 ptr

192 3440 270 3482 vera
289 3415 497 3497 significatur
517 3436 576 3495 per
592 3421 795 3495 “percutere
816 3414 948 3476 lumbos
967 3416 1200 3496 insurgentium
1212 3422 1265 3470 con·

192 3527 245 3577 tra
264 3513 359 3575 illum
372 3511 397 3589 ;''
421 3531 460 3573 ac
484 3511 660 3589 dissipatio
683 3509 848 3572 malorum
873 3528 931 3588 per
952 3516 1153 3590 “percutere
1174 3501 1265 3569 lumbos

192 3628 326 3671 osorum
346 3617 382 3669 ut
402 3627 468 3668 non
490 3604 695 3685 resurgant.”
742 3604 837 3666 Haec
854 3604 896 3666 de
917 3605 1001 3667 Levi
1021 3603 1110 3667 dieta
1128 3611 1203 3672 sunt,
1216 3592 1264 3677 quia

193 3703 350 3766 Divinum
372 3701 510 3773 Verum,
530 3700 620 3781 quod
644 3709 696 3761 est
717 3698 879 3772 Verbum,
900 3719 968 3762 non
993 3701 1083 3780 apud
1106 3700 1182 3761 alios
1199 3695 1265 3788 datur

191 3819 290 3879 quarn
315 3797 402 3876 apud
426 3816 509 3876 quos
532 3805 585 3856 est
608 3792 741 3857 afledtio
764 3795 832 3855 veri
856 3794 1057 3873 spiritualis;
1089 3791 1204 3856 affectio
1220 3797 1264 3845 ven

192 3893 371 3974 spiritualis
395 3901 446 3952 est
471 3909 583 3951 amare
608 3889 716 3968 ipsum
741 3908 867 3961 verum,
892 3898 926 3950 et
951 3891 1131 3951 aestimare
1152 3888 1181 3949 id
1200 3891 1265 3958 supra

192 4007 291 4049 omne
315 3987 440 4048 bonum
465 3983 590 4057 mundi,
611 3984 688 4064 quia
707 4003 766 4063 per
787 3982 891 4045 idest
912 3983 1040 4045 homini
1059 3985 1128 4046 vita
1149 3985 1266 4072 aeterum¹

191 4102 268 4144 nam
288 4083 358 4143 vita
381 4090 520 4142 aeterna
544 4099 611 4141 non
635 4098 695 4159 per
717 4078 782 4141 alia
805 4079 916 4140 media
939 4078 1160 4158 implantatur
1179 4069 1267 4139 honiss¹

190 4195 290 4259 quarn
318 4194 377 4255 per
400 4195 489 4247 vera,
514 4183 762 4255 consequenter
785 4192 843 4253 per
866 4171 1032 4247 Verbum,
1057 4193 1134 4235 nam
1161 4189 1210 4253 per
1226 4165 1269 4227 hol
1329 4218 1333 4261 1

189 4272 291 4333 docet
322 4269 487 4331 Dominus
516 4289 604 4330 vera.
660 4265 807 4330 Affettio
830 4268 899 4329 veri
926 4267 1119 4346 spiritualis,
1143 4263 1273 4349 quaeest

189 4386 301 4428 amare
329 4385 408 4426 vera
435 4383 535 4442 supra
562 4382 663 4425 omne
691 4363 816 4424 bonum
844 4361 969 4436 mundi,
995 4362 1044 4424 ita
1067 4361 1277 4424 describitura
1331 4444 1333 4449 Ι

190 4461 337 4523 Domino
356 4459 445 4540 apud
464 4456 683 4532 Matthaeum,
