2684 4988
108 473 170 539 912
420 470 671 522 APOCALYPSIS
695 472 920 527 ssxmchA.

161 643 178 664 ¹¹
187 639 287 690 Sustuli
299 640 393 689 oeulos
407 654 483 689 meos
500 650 527 690 et
538 641 604 700 ridi,
618 655 677 690 cum
690 655 753 691 ecce
770 652 885 706 quatuor
901 657 995 692 currus
1012 655 1126 693 aeuntes
1137 643 1183 694 inter

243 743 249 754 .
260 743 266 754 .
276 743 282 755 .
292 715 419 764 montes,
434 716 461 754 et
474 717 581 755 montes
593 717 700 755 montes
712 706 804 757 ueris”
815 709 861 771 (vi.
872 708 911 771 1):

108 841 220 920 agitur
248 839 282 901 in
311 859 354 900 eo
382 840 494 920 capite
523 840 567 902 de
595 840 817 902 instauranda
846 860 935 903 nova
964 839 1103 904 ecclesia
1124 839 1184 922 apid

108 944 242 1015 gentes,
263 952 341 995 nam
360 935 473 1013 agitur
492 933 535 995 de
558 953 648 996 novo
671 934 812 1016 templo,
830 955 889 1016 per
908 935 1000 1016 quod
1018 932 1186 1016 significatur

109 1047 198 1089 nova
225 1026 389 1089 ecclesia:
429 1048 488 1108 per
511 1033 653 1090 “currus
680 1039 847 1091 exeuntes
874 1029 919 1091 ab
945 1024 1186 1102 intermontes?

108 1120 318 1201 significatur
344 1118 498 1183 doctrina
523 1141 610 1202 quae
640 1121 815 1185 formanda
843 1143 889 1185 ex
920 1123 1012 1186 bono
1038 1143 1094 1204 per
1114 1140 1186 1197 vera3

111 1220 253 1277 “currus
262 1214 277 1237 '’
300 1214 493 1295 significant
523 1212 733 1290 doi'trinalia,
760 1221 924 1280 “montes
936 1216 952 1240 ”
973 1217 1063 1280 bona
1085 1214 1185 1288 amoris¹

111 1310 229 1371 “inter
258 1308 418 1371 montes”
444 1307 613 1389 significat
640 1330 720 1372 vera
747 1331 792 1374 ex
820 1310 928 1384 bonis,
957 1330 1036 1373 nam
1064 1305 1187 1371 “valles”
1220 1372 1228 1396 ι

109 1423 195 1484 quae
218 1413 296 1465 sunt
318 1405 435 1465 “inter
454 1402 613 1466 montes'’
635 1403 828 1484 significant
851 1425 932 1468 vera
954 1404 1187 1484 inferioraque
1222 1414 1228 1475 ,·

109 1506 188 1559 sunt
206 1517 284 1559 vera
302 1497 464 1559 naturalis
481 1496 646 1559 hominis:
668 1508 704 1561 ut
721 1501 847 1561 sciatur
859 1499 950 1581 quod
964 1519 1024 1581 per
1037 1492 1186 1560 “montes'‘

109 1589 341 1671 significentur
354 1591 443 1652 bona
460 1591 624 1654 naturalis
640 1591 797 1666 hominis,
812 1592 890 1656 ideo
905 1593 1029 1655 dicitur
1043 1599 1102 1655 “et
1118 1607 1185 1653 mou·

109 1693 163 1746 tes
179 1695 315 1747 montes
330 1686 417 1747 aeris
429 1685 455 1761 ;”
480 1692 566 1748 “aes
576 1681 592 1708 ¹⁹
608 1684 776 1766 significat
790 1686 916 1749 bonum
934 1686 1093 1749 naturalis
1108 1682 1185 1747 homi·

109 1779 170 1840 nis.
216 1778 320 1861 Apud
341 1779 550 1853 Sachariam,

161 1911 306 1977 “Jehovah
320 1913 403 1962 exibit
415 1923 441 1962 et
454 1915 585 1976 pugnabit
598 1924 693 1963 contra
705 1925 801 1976 gentes
803 1952 873 1972 .....
878 1917 991 1964 stabunt
1003 1915 1080 1977 pedes
1092 1910 1186 1976 ipsiuin

239 1979 282 2026 die
299 1979 346 2027 illo
360 1994 440 2041 super
456 1979 550 2028 Monte
568 1980 707 2028 Olivarum
722 1991 785 2029 ante
802 1981 884 2030 iacies
903 1980 1106 2043 Hierosolymae
1117 1973 1186 2026 abuti·

239 2053 309 2100 ente,
322 2054 349 2092 et
360 2045 512 2093 diffindetur
526 2044 607 2093 Mons
620 2045 766 2102 Olivarum,
778 2061 840 2109 pars
852 2046 911 2107 ejus
924 2061 1018 2095 versus
1029 2055 1110 2094 ortum
1119 2051 1186 2091 εἴτετ-

240 2123 287 2157 sus
297 2123 369 2157 mare
377 2110 447 2158 valle
456 2124 563 2171 magna,
571 2120 597 2159 et
607 2112 713 2160 recedet
722 2125 785 2173 pars
792 2111 893 2159 montis
900 2125 995 2160 versus
1003 2108 1184 2173 septentrionem.

240 2185 266 2222 et
281 2189 343 2236 pars
355 2175 414 2235 ejus
428 2189 524 2223 versus
538 2176 695 2231 meridiem:
713 2185 776 2225 tunc
789 2176 899 2237 fugietis
916 2191 965 2238 per
976 2177 1073 2225 vallem
1088 2170 1185 2222 montium

241 2254 371 2298 meorum,
386 2250 413 2288 et
425 2241 559 2303 pertinget
571 2241 650 2290 vallis
662 2241 795 2290 montium
809 2256 902 2291 versus
915 2242 983 2290 Azal
991 2241 1005 2260 ''
1017 2241 1077 2301 (xiv.
1087 2237 1144 2300 3-5l:

110 2370 194 2433 haec
214 2369 304 2434 ditia
323 2383 401 2434 sunt
422 2374 464 2435 de
481 2372 602 2435 ultimo
618 2372 744 2453 judicio
759 2373 849 2454 quod
866 2393 885 2435 a
903 2373 1051 2435 Domino
1067 2388 1130 2433 cum
1144 2365 1185 2428 luit

110 2465 142 2527 in
167 2466 314 2538 mundo;
347 2484 424 2526 nam
450 2465 625 2538 Dominus,
650 2486 726 2529 cum
746 2467 805 2529 luit
833 2469 866 2528 in
891 2467 1027 2539 mundo,
1052 2463 1145 2528 omnia
1162 2458 1185 2518 in

110 2559 212 2622 caelis
236 2571 270 2622 et
295 2562 327 2621 in
352 2559 487 2621 inlemis
510 2562 542 2623 in
563 2562 715 2623 ordinem
739 2561 892 2642 redegit;
916 2582 1020 2642 quare
1042 2572 1114 2622 tunc
1131 2551 1185 2616 tecit

107 2652 266 2734 judicium
294 2675 393 2735 super
421 2655 529 2716 malos
557 2666 591 2717 et
619 2676 718 2736 super
741 2656 868 2717 bonos:
901 2655 966 2717 hoc
988 2655 1131 2736 judicium
1149 2653 1185 2708 est

110 2749 199 2829 quod
224 2750 256 2810 in
275 2749 391 2810 Verbo
408 2748 544 2811 Veteris
565 2750 780 2812 Testamenti
804 2749 1007 2830 intelligitur
1029 2769 1084 2832 per
1102 2745 1185 2806 “dien

110 2843 384 2924 indignationis‚’'
409 2843 535 2917 “irae'’
561 2844 930 2916 “excandescentiae,’'
952 2841 1132 2907 “vinditiae
1148 2835 1185 2916 Je-

110 2934 252 3005 hovae,”
271 2955 309 2996 ac
334 2955 393 3016 per
414 2941 569 2997 “annum
588 2935 872 3011 retributionum;
900 2952 943 3008 (ne
957 2952 1005 2997 noc
1016 2947 1186 3009 judiciorum

109 3040 133 3085 in
148 3041 265 3098 opusculo
280 3042 318 3085 De
333 3041 421 3086 Ultimo
434 3040 642 3102 Judici0,n.46;)
664 3025 755 3107 quod
778 3025 821 3087 de
839 3025 993 3094 adventu
1016 3021 1145 3091 Domini,
1159 3032 1184 3076 ³9

110 3117 152 3179 de
168 3117 292 3198 judicio
309 3128 389 3180 tunc
410 3119 442 3179 in
460 3139 501 3180 eo
516 3120 629 3199 capite
646 3129 778 3198 agatur,
797 3128 892 3199 patet
909 3118 954 3180 ab
973 3119 1025 3181 his
1041 3118 1135 3180 verbis
1148 3109 1185 3178 ibi,

162 3252 179 3272 '⁴
187 3249 264 3298 Tunc
278 3251 368 3299 veniet
379 3250 500 3314 Jehovah
515 3249 589 3299 Deus
602 3265 687 3307 meus,
699 3264 795 3298 omnes
807 3247 893 3298 sandii
905 3249 1024 3307 Tecum:
1041 3261 1066 3300 et
1077 3250 1121 3299 erit
1130 3246 1149 3293 in
1158 3239 1187 3288 dit

241 3316 288 3364 illo
307 3331 360 3363 non
379 3318 432 3371 lux.
448 3316 576 3377 splendor
593 3326 619 3364 et
636 3315 804 3370 coruscatio:
826 3325 852 3363 et
866 3315 917 3364 erit
931 3316 990 3365 dies
1004 3330 1071 3365 unus
1084 3314 1121 3379 qui
1132 3315 1187 3377 nolu?

241 3380 431 3506 ΙεῶἰίῑῐΙρρρῐζαὲ,
445 3396 502 3506 ρρττ
520 3382 578 3430 dies
596 3396 645 3429 nec
664 3395 727 3441 nox,
741 3381 805 3444 quia
821 3381 894 3428 circa
910 3386 1019 3443 tempus
1031 3391 1142 3444 vesperae
1154 3376 1189 3425 ⁸1¹¹

112 3574 276 3650 “tempus
300 3591 461 3651 vesperae
470 3569 485 3593 ’'
508 3580 561 3632 est
585 3569 741 3632 ultimum
765 3581 900 3650 tempus
923 3568 1096 3643 ecclesiae,
1114 3575 1192 3648 quan·

111 3664 156 3724 do
175 3663 356 3743 judicium;
385 3675 465 3727 tunc
488 3663 683 3745 “vespera”
703 3674 754 3726 est
779 3664 876 3727 malis
899 3664 960 3727 sed
983 3664 1097 3727 '‘lux’'
1113 3655 1195 3756 bonif·

112 3757 201 3819 Dum
221 3757 305 3820 haec
329 3760 472 3839 primum
491 3760 652 3829 sciuntur,
673 3768 770 3839 patet
793 3758 869 3820 dein
894 3778 954 3839 per
972 3777 1105 3821 sensum
1124 3753 1200 3836 spirl·

111 3851 238 3912 tualem
263 3852 340 3932 quid
361 3851 494 3931 singula
513 3852 558 3913 ibi
581 3851 793 3932 significant:
819 3871 951 3933 nempe,
969 3872 1029 3934 per
1048 3832 1206 3933 “Jehonh

111 3946 219 4008 exibit
250 3956 285 4008 et
315 3947 481 4027 pugnabit
512 3956 631 4008 contra
661 3957 784 4026 gentes
795 3945 809 3968 ”
836 3946 1046 4026 significatur
1072 3939 1212 4038 ultimi?

108 4040 267 4121 judicium
284 4061 382 4121 super
400 4040 530 4116 malos;
557 4043 679 4103 “exire
695 4051 730 4103 et
754 4040 928 4120 pugnare”
944 4052 997 4103 est
1015 4043 1121 4105 lacere
1134 4031 1218 4119 judt‘

111 4137 210 4207 cium,
235 4145 270 4197 et
296 4135 469 4215 “gentes”
493 4146 571 4197 sunt
597 4134 694 4197 mali:
720 4155 778 4215 per
799 4135 967 4197 “stabunt
992 4136 1096 4217 pedes
1119 4123 1228 4229 Ιρείυξ)4

111 4249 211 4309 super
221 4229 341 4290 Monte
356 4228 529 4291 Olivarum
543 4240 623 4291 ante
636 4229 736 4291 iacies
752 4228 1013 4307 Hierosolymae
1025 4231 1069 4292 ab
1081 4232 1204 4293 oriente

112 4322 321 4402 significatur
343 4324 433 4404 quod
457 4344 501 4384 ex
527 4324 650 4384 Divino
675 4322 804 4384 Amore
828 4342 885 4402 per
906 4322 1029 4385 Divina
1049 4345 1128 4387 vera
1148 4331 1228 4409 pro‘¹

111 4417 269 4479 cedentia
285 4438 329 4478 ex
348 4417 472 4478 Divino
486 4417 582 4478 Bono
596 4417 714 4498 Ipsius,
727 4425 746 4447 “
757 4417 856 4477 Mons
866 4416 879 4438 '¹
892 4419 982 4478 enim
996 4407 1228 4492 “Olivarum''
