2684 4988
117 442 178 507 802
426 455 677 507 arocanvrsrs
700 457 927 509 exsucata.

113 624 397 705 opprimentibus:
416 626 1032 712 per⁴⁴esurientes‘’intelligunturqui
1042 628 1229 703 desiderant

113 717 212 790 bona,
224 739 308 800 quos
320 721 397 801 quia
410 722 514 783 nutrit
530 720 704 796 Dominus,
718 723 839 785 dicitur
851 723 1028 804 “Jehovah
1041 725 1103 788 dat
1115 741 1223 807 panem

113 814 334 876 esurientibus
347 813 373 889 ;”
397 815 506 877 “dare
530 835 650 896 panem
660 815 676 840 '’
694 826 747 884 est
766 818 903 890 nutrire,
923 827 958 880 et
980 820 1123 882 nutritio
1139 820 1220 901 spiri·

113 906 212 970 tualis
224 918 276 970 est
287 910 438 981 scientia,
449 909 675 989 intelligentia
685 921 720 973 et
731 911 897 992 sapientia
910 931 917 972 τ
935 920 970 974 et
982 933 1042 994 per
1054 919 1074 945 ‘¹
1083 909 1217 977 vindos'

112 1001 347 1081 intelliguntur
360 1005 415 1084 qui
433 1004 626 1066 desiderant
643 1025 734 1078 vera,
747 1006 807 1067 sed
823 1005 948 1068 abillis
965 1007 1157 1071 detinentur
1168 1025 1213 1088 per

112 1094 196 1158 salsa
215 1094 398 1169 doetrinae,
419 1097 472 1158 vel
493 1118 551 1178 per
570 1099 796 1177 ignorantiam
815 1101 892 1180 quia
911 1119 980 1162 non
1000 1100 1125 1163 habent
1143 1099 1208 1163 Ver·

111 1187 213 1265 bum;
236 1209 341 1270 quare
362 1188 526 1252 “solvere
544 1188 703 1253 vindtos”
721 1201 774 1254 est
797 1190 943 1254 liberare
966 1192 1106 1255 abillis.
1144 1207 1206 1265 (Qut

111 1288 125 1307 ‘¹
133 1292 206 1339 vincti
214 1293 227 1308 '¹
239 1294 272 1338 illi
283 1295 400 1346 dieantur,
411 1295 520 1340 videatur
531 1309 554 1340 n.
566 1306 634 1352 5037.
646 1296 713 1353 50⁸6.
725 1297 804 1354 5096.)
847 1279 953 1362 Apud
972 1282 1128 1356 eundem,

166 1407 287 1471 jehovah
303 1410 404 1471 “ponit
416 1410 550 1458 desertum
569 1410 596 1457 in
616 1420 740 1471 stagnum
754 1425 891 1473 aquarum,
906 1421 933 1459 et
947 1422 1046 1460 terram
1061 1411 1170 1460 siccitatis
1182 1411 1200 1458 iu

243 1474 329 1522 exitus
342 1489 479 1537 aquarum.
494 1484 521 1523 et
538 1475 601 1524 lacit
620 1476 656 1524 ibi
674 1476 793 1527 habitare
805 1478 963 1535 esurientes,
978 1487 1007 1526 ut
1019 1479 1119 1539 erigant
1133 1478 1200 1527 urbem

241 1539 422 1595 habitationis.
437 1551 464 1588 et
480 1550 572 1589 serant
584 1555 673 1603 agros,
687 1551 714 1589 et
727 1541 848 1602 plantent
861 1542 954 1591 vineas
967 1554 994 1591 et
1007 1542 1104 1591 faciant
1113 1537 1199 1590 frudun

243 1615 389 1665 proventus
398 1604 411 1623 '¹
423 1605 480 1665 (Ps.
489 1607 548 1654 cvii.
559 1611 664 1665 35-37l:

111 1747 194 1810 haec
218 1767 353 1829 prorsus
372 1747 469 1811 aliter
488 1747 712 1829 intelligenda
731 1758 808 1811 sunt
828 1769 929 1831 quam
948 1750 1127 1812 secundum
1143 1764 1197 1810 seu·

111 1861 184 1905 sum
202 1840 347 1915 litterae,
362 1842 409 1904 ita
423 1862 554 1923 nempe,
569 1843 659 1924 quod
673 1842 728 1924 qui
744 1843 778 1904 in
791 1844 985 1924 ignorantia
998 1844 1197 1925 cognitionum

111 1939 180 1999 veri
197 1947 286 2007 sunt,
303 1947 338 1998 et
355 1949 469 1999 tamen
486 1939 519 1999 in
535 1937 703 2000 desiderio
719 1938 847 2000 sciendi
864 1938 949 2011 illas,
966 1937 1067 2001 valde
1082 1938 1198 1999 ditentur

111 2042 147 2095 et
167 2031 436 2111 locupletentur;
461 2050 537 2093 nam
554 2052 612 2113 per
628 2032 719 2113 quod
736 2031 889 2113 Jehovah
907 2038 1043 2113 “ponat
1060 2033 1196 2093 desertum

111 2125 144 2188 in
172 2135 331 2206 stagnum
357 2124 541 2206 aquarum”
565 2123 773 2206 significatur
795 2125 849 2187 ubi
877 2127 1070 2207 ignorantia
1091 2125 1148 2186 veri
1166 2118 1197 2182 ibi

111 2220 173 2282 erit
187 2220 394 2282 abundantia
407 2241 413 2295 ;
435 2226 453 2250 “
464 2220 634 2281 desertum
644 2219 658 2242 '’
671 2229 723 2282 est
737 2219 791 2281 ubi
808 2221 1000 2300 ignorantia
1014 2220 1091 2294 veri,
1104 2225 1196 2294 “stag-

111 2334 189 2375 num
201 2335 360 2395 aquarum
370 2314 384 2336 ”
396 2324 448 2376 est
461 2314 667 2375 abundantia
681 2313 769 2392 ejus:
787 2334 846 2395 per
856 2313 947 2395 quod
961 2320 1092 2395 “ponat
1103 2322 1197 2375 terram

110 2408 273 2470 siccitatis
289 2410 321 2471 in
338 2409 451 2470 exitus
464 2426 623 2490 aquarum
632 2406 646 2430 ’¹
659 2406 891 2488 significantur
904 2407 1026 2470 similia
1042 2409 1074 2470 in
1087 2398 1198 2468 naturali

111 2502 267 2578 homine;
296 2509 414 2564 “terra
441 2500 627 2563 siccitatis”
655 2502 743 2562 enirn
771 2511 823 2562 est
852 2501 905 2562 ubi
934 2502 1121 2581 ignorantia
1140 2492 1198 2565 veri,

112 2598 253 2658 “exitus
265 2616 424 2678 aquarum
435 2596 449 2620 ”
462 2606 514 2657 est
531 2595 749 2669 abundantia,
763 2595 925 2657 naturalis
942 2595 1046 2658 homo
1062 2605 1110 2657 est
1122 2586 1199 2654 “exi-

111 2691 194 2764 tus,”
210 2701 245 2753 et
264 2698 398 2773 “aquae
407 2690 422 2714 ’⁹
441 2702 519 2753 sunt
539 2710 635 2752 vera:
660 2690 749 2771 quod
771 2689 900 2752 “saciat
920 2691 964 2752 ibi
983 2690 1131 2752 habitare
1146 2703 1200 2749 esu·

110 2785 261 2847 rientes”
285 2785 451 2866 significat
479 2785 569 2866 quod
597 2784 672 2846 illos
699 2785 754 2866 qui
781 2785 813 2846 in
841 2784 1007 2847 desiderio
1034 2786 1100 2847 veri
1123 2787 1201 2854 sunt;

112 2880 314 2942 “habitare''
337 2890 389 2941 est
418 2880 541 2954 vivere,
566 2878 802 2940 “esurientes''
826 2888 904 2939 sunt
931 2879 987 2959 qui
1014 2879 1203 2940 desiderant:

112 2979 176 3036 “ut
200 2976 332 3055 erigant
356 2974 470 3037 urbem
495 2972 735 3036 habitationis”
758 2972 925 3054 significat
954 2983 990 3035 ut
1017 2973 1138 3036 saciant
1158 2966 1206 3032 sihi

111 3067 297 3132 dodtrinam
321 3070 430 3143 vitae;
459 3067 589 3129 “urbs''
611 3077 663 3128 est
688 3065 850 3140 dod'trina,
875 3077 910 3129 et
935 3065 1150 3130 “habitatio''
1167 3072 1209 3127 est

110 3165 199 3226 vita:
226 3171 291 3225 “ut
310 3174 423 3225 serant
443 3182 554 3242 agros,
575 3161 732 3241 plantent
751 3163 876 3232 vineas,
897 3171 931 3222 et
955 3160 1065 3223 serant
1087 3157 1212 3224 studium

110 3258 323 3340 proventus,''
336 3256 503 3338 significat
517 3257 664 3336 recipere
678 3276 767 3328 vera,
782 3255 971 3335 intelligere
988 3255 1056 3327 illa,
1070 3266 1105 3318 et
1120 3255 1215 3318 iacere

109 3352 187 3428 illa;
213 3359 353 3414 “serere
372 3371 471 3431 agros
481 3350 495 3374 ”
511 3360 564 3411 est
584 3351 701 3411 instrui
718 3359 752 3411 et
772 3351 920 3429 recipere
939 3369 1029 3424 vera,
1047 3349 1218 3431 “plantare

109 3447 224 3508 vineas
233 3444 248 3468 '’
259 3455 310 3506 est
325 3446 471 3524 recipere
485 3443 542 3505 illa
554 3441 740 3517 intellectu,
752 3442 815 3505 hoc
829 3455 892 3514 est,
903 3443 1021 3523 spiritu
1034 3465 1041 3519 ;
1060 3440 1219 3506 “vineae'’

110 3541 199 3602 enim
223 3551 300 3601 sunt
321 3560 399 3600 vera
421 3539 616 3619 spiritualia,
637 3538 715 3599 inde
734 3537 940 3617 “plantare''
959 3536 1035 3598 illas
1058 3548 1111 3600 est
1134 3538 1221 3618 spiri·

110 3633 246 3696 tualiter
270 3633 327 3694 illa
350 3634 508 3713 recipere,
532 3632 595 3694 hoc
620 3641 683 3704 est,
709 3630 918 3711 intelligere;
948 3631 1061 3694 “serre
1087 3629 1223 3695 fructum

109 3727 316 3809 proventus’'
333 3737 384 3789 est
404 3727 513 3788 lacere
532 3726 589 3787 illa
608 3736 641 3787 et
662 3727 810 3806 recipere
830 3727 928 3798 bona,
947 3724 1124 3788 “fruetus'’
1140 3727 1224 3790 enim

110 3833 187 3883 sunt
208 3814 295 3883 faeta
314 3832 348 3884 et
368 3821 456 3883 bona
474 3821 660 3883 charitatis.
705 3818 808 3901 Apud
828 3819 984 3893 eundem,

161 3954 332 4016 “Cognoscit
344 3954 465 4017 Jehovah
478 3954 535 4001 dies
554 3953 727 4014 integrorum,
742 3963 769 4001 et
785 3953 918 4000 hereditas
936 3967 1029 4001 eorum
1048 3953 1075 4001 in
1091 3963 1226 4003 aeternum

239 4021 288 4146 {dist
300 4020 522 4146 ;x}?‘r;ipu1tlget'rle)r;t
531 4020 557 4067 iu
569 4029 690 4080 tempore
698 4019 769 4076 mali,
779 4029 806 4066 et
815 4019 842 4066 in
850 4019 942 4066 diebus
951 4018 1031 4067 lamis
1039 4016 1227 4068 satiabuntur”

289 4123 294 4133 .
398 4123 403 4133 .
449 4122 454 4142 ,
518 4123 523 4134 .

110 4229 210 4292 “dies
224 4230 430 4309 integrorum
440 4227 455 4250 ”
467 4225 658 4308 significant
671 4236 780 4289 status
793 4246 908 4288 eorum
920 4226 976 4307 qui
992 4226 1025 4288 in
1041 4226 1135 4290 bono
1150 4235 1228 4291 sunt

108 4334 142 4386 et
166 4323 244 4385 inde
268 4323 366 4395 veris,
391 4343 448 4383 seu
468 4323 522 4403 qui
546 4323 578 4384 in
602 4320 768 4383 charitate
791 4330 826 4383 et
849 4321 927 4382 inde
950 4318 1036 4396 fide;
1060 4341 1121 4402 per
1139 4320 1227 4403 quod

109 4416 290 4498 “Jehovah
318 4418 486 4480 hereditas
510 4436 624 4479 eorum
652 4418 685 4477 in
712 4427 886 4478 aeternum
910 4414 997 4478 erit”
1020 4415 1228 4496 significatur
