2684 4988
110 440 170 518 882
418 466 669 517 arocnuvrsrs
691 464 919 517 uxmrcnrrt.

108 637 298 699 rationem:
327 636 386 699 sed
415 638 491 718 quia
519 656 638 698 omnes
669 637 945 717 comparationes
977 637 1010 699 in
1040 637 1052 682 l

108 731 417 812 correspondentiis
431 743 520 805 sunt,
535 741 570 792 et
587 730 666 793 inde
679 729 884 810 significant,
898 731 987 792 sicut
1005 732 1051 793 rel

109 844 175 886 non
193 827 423 906 comparative
439 822 530 887 dicta
546 834 637 897 sunt,
652 823 730 885 ideo
742 843 875 905 quoque
892 824 977 887 haec
996 844 1052 887 cor

108 928 143 980 et
161 938 219 999 per
231 919 320 1000 quod
337 920 465 981 “Pater
479 920 510 980 in
525 918 628 980 caelis
643 918 752 979 solem
766 936 861 978 suum
875 920 1002 981 exoriri
1018 919 1052 981 sa

109 1013 218 1075 malos
234 1024 269 1075 et
286 1013 405 1085 bonos,
419 1022 454 1075 et
472 1012 620 1093 pluviam
634 1012 752 1074 mittat
767 1031 867 1092 super
876 1011 988 1092 justos
1005 1024 1040 1076 et

110 1104 317 1187 significatur
336 1106 426 1188 quod
450 1105 616 1167 Dominus
635 1125 654 1167 e
675 1104 773 1166 caelo
796 1124 903 1186 aeque
927 1107 1045 1169 influat

109 1201 188 1262 vino
205 1198 301 1262 Bono
314 1199 453 1261 Amoris
469 1209 594 1261 etcum
612 1197 737 1260 Divino
752 1196 845 1260 Vero
861 1200 951 1280 apud
969 1200 1046 1263 illos

111 1292 302 1356 Ecclesiam
327 1292 504 1373 Judaicam
527 1301 606 1354 sunt
637 1310 676 1353 ac
702 1292 792 1373 apud
812 1292 889 1355 illos
916 1295 973 1376 qui
1001 1296 1049 1357 int

112 1389 217 1452 “sol''
247 1390 352 1451 etiam
378 1388 422 1450 ibi
449 1385 619 1468 significat
648 1386 782 1449 Bonum
816 1388 967 1462 Amoris,
999 1410 1038 1452 ac

110 1481 268 1545 Divinum
290 1481 437 1544 Verum:
464 1480 596 1543 “mali''
615 1490 650 1543 et
671 1481 838 1560 “injusti'’
857 1481 1052 1563 significant

110 1574 245 1637 interno
268 1573 344 1636 illos
367 1576 422 1656 qui
445 1574 488 1636 ab
512 1573 668 1636 Ecclesia
690 1574 831 1655 Judaica
854 1587 964 1648 erant,
990 1579 1052 1658 quir

110 1678 330 1750 receperunt;
354 1688 393 1730 ac
419 1668 532 1730 “boni
558 1678 593 1731 et
618 1667 700 1748 justi
711 1669 726 1692 ”
746 1668 822 1730 illos
849 1670 904 1751 qui
928 1680 1030 1732 extra

110 1762 203 1824 illam
225 1772 260 1824 et
284 1772 505 1843 receperunt:
534 1763 567 1824 in
592 1781 718 1843 genere
742 1774 821 1824 sunt
847 1783 967 1825 omnes
991 1765 1052 1826 mal

110 1875 149 1918 ac
169 1856 250 1936 justi
273 1866 308 1918 et
332 1856 446 1936 injusti
472 1857 527 1937 qui
556 1856 805 1937 intelliguntur,
831 1876 909 1918 nam
935 1857 1052 1920 Domir

112 1950 218 2012 influit
238 1969 314 2012 cum
327 1950 417 2012 bono
430 1961 464 2012 et
478 1970 559 2012 vero
575 1951 665 2031 apud
682 1967 813 2022 omnes,
828 1951 887 2013 sed
905 1972 974 2014 non
988 1973 1052 2014 omr

112 2045 286 2126 recipiunt.
321 2042 409 2124 Quia
427 2043 534 2106 “sol'’
546 2043 716 2125 significat
737 2044 922 2106 Dominum
941 2047 1052 2127 quoad

112 2136 288 2213 Amorem,
308 2139 385 2201 ideo
403 2148 546 2201 vocatur
566 2137 654 2201 “Sol
671 2137 826 2218 justitiae
837 2138 852 2162 ”

341 2264 431 2327 (Apud
443 2264 616 2323 Maracitana,
630 2278 688 2327 cap.
700 2265 738 2315 nr.
750 2277 783 2314 ιο
792 2262 838 2330 [a.
855 2267 890 2316 A.
902 2266 938 2316 iv.
950 2263 1006 2331 2]);

112 2398 151 2441 ac
175 2377 317 2441 “Solet
337 2377 502 2441 Scutum”

349 2499 440 2564 (Apud
452 2502 589 2560 Davidem,
606 2502 649 2551 Ps.
663 2502 763 2552 lxxxiv.
782 2515 812 2551 12
824 2500 870 2568 [B.
881 2505 916 2554 A.
930 2501 993 2568 11]).

115 2635 202 2718 Quia
232 2635 335 2698 “sol’'
357 2635 527 2717 significat
554 2638 681 2699 bonum
708 2640 832 2701 amoris
862 2640 895 2701 in
928 2639 1052 2702 Domin

113 2730 296 2805 hominem,
328 2731 406 2793 inde
438 2728 526 2813 [per]
563 2732 635 2794 “ab
662 2742 738 2794 ortu
769 2733 850 2795 solis
880 2735 922 2795 ad
954 2755 1052 2796 occas

114 2824 346 2908 significantur
365 2844 483 2887 omnes
503 2827 558 2908 qui
582 2826 614 2887 in
634 2826 725 2888 bono
744 2829 868 2889 amoris
891 2829 924 2890 in
950 2828 1050 2891 Domi

114 2942 133 2983 a
152 2921 266 3002 primis
285 2920 328 2981 ad
348 2918 497 2992 ultimos
520 2921 592 2983 “ab
615 2931 692 2982 ortu
711 2920 792 2984 solis
803 2921 818 2944 ”
836 2943 855 2984 a
876 2924 1001 3005 primis,
1022 2934 1052 2986 et

113 3034 229 3077 casum
252 3013 333 3075 solis
342 3013 356 3036 '’
380 3014 422 3076 ad
451 3012 609 3093 ultimos;
641 3026 678 3078 ut
704 3016 739 3076 in
762 3016 984 3098 sequentibus
1007 3017 1052 3080 his

118 3109 221 3191 Apud
240 3107 455 3183 Malachiam,

166 3229 233 3278 “Ab
245 3238 306 3356 {artu
318 3227 384 3355 {olis
396 3227 527 3292 usquead
539 3242 665 3277 occasum
676 3243 805 3291 magnum
818 3243 919 3278 nomen
930 3245 1021 3280 meum
1034 3231 1052 3280 ir

256 3311 273 3345 r.
290 3307 316 3342 11
339 3308 344 3353 ;

114 3412 205 3495 apud
224 3408 401 3483 Davidem,

166 3520 233 3570 “Ab
245 3529 306 3646 οἴω
317 3518 383 3568 solis
395 3531 478 3581 usque
489 3517 525 3567 ad
534 3532 659 3567 occasum
672 3518 810 3568 laudatum
823 3534 924 3568 nomen
936 3519 1052 3585 Jehovar

248 3597 262 3645 3
283 3599 288 3644 ἱ

116 3695 205 3778 apud
225 3694 382 3766 eundem,

166 3804 265 3854 “Deus
277 3803 348 3851 Deus
357 3802 478 3866 Jehovah
491 3802 615 3865 loquitur,
627 3811 654 3851 et
665 3802 827 3851 convocabit
836 3811 935 3852 terram
947 3805 1052 3853 abortu

245 3883 336 3917 casum
349 3867 430 3931 ejus''
442 3867 497 3928 (Ps.
510 3868 528 3917 l.
541 3871 581 3929 1);

115 3986 204 4068 apud
223 3983 377 4058 Esaiam,

165 4095 228 4146 “Ut
239 4103 406 4222 ebagnoscant
417 4093 451 4141 ab
463 4102 524 4141 ortu
533 4092 599 4142 solis
611 4101 639 4142 et
649 4093 684 4141 ab
696 4107 794 4143 occasu
806 4094 879 4158 quod
892 4108 948 4142 nou
966 4105 1052 4158 praetr

115 4278 204 4362 apud
223 4275 381 4347 eundem,

165 4387 335 4437 “Timebunt
352 4386 387 4432 ab
404 4399 502 4432 occasu
519 4385 585 4434 solis
604 4399 702 4432 nomen
719 4383 847 4448 Jehovae,
867 4393 894 4433 et
910 4385 946 4433 ab
963 4393 1051 4435 ortus

248 4450 358 4515 1psius”
371 4451 427 4514 (lix.
443 4450 499 4513 19);
