2716 4986
364 492 918 577 cnr·v1.‚vrns.o-n.39r[g].
1136 494 1198 577 835

77 671 163 735 haec
191 673 235 736 de
262 675 512 739 instauratione
538 697 647 740 novae
675 677 838 740 ecclesiae
865 699 885 740 a
912 677 1080 753 Domino;
1108 674 1199 759 quod

78 777 160 830 tunc
186 769 332 831 ducendi
359 781 459 832 erunt
482 772 515 832 in
539 771 636 833 bonis
659 773 750 834 vitae
773 782 808 834 et
832 772 1032 860 informandi
1055 773 1089 834 in
1113 771 1199 834 veris

78 859 266 936 doctrinae,
284 863 563 945 intelligiturper
578 867 669 947 quod
689 865 793 928 homo
810 867 872 928 “in
892 867 945 929 die
964 865 1023 927 illo
1042 866 1199 945 respiciet

78 956 122 1016 ad
137 954 320 1019 Factorem
333 977 440 1031 suum,
454 968 490 1021 et
503 958 591 1020 oculi
604 958 674 1039 ejus
687 961 729 1021 ad
743 957 904 1022 Sanctum
920 959 1052 1022 Israelis
1066 955 1198 1040 specta-

81 1048 165 1112 bunt
179 1050 206 1127 ;’'
227 1050 393 1113 Dominus
405 1052 529 1114 dicitur
543 1050 719 1115 “faetor'’
731 1075 775 1114 ex
788 1074 830 1114 eo
843 1054 931 1134 quod
946 1054 1047 1115 ducat
1061 1054 1094 1114 in
1110 1052 1200 1117 bona

81 1145 183 1216 vitae,
208 1165 288 1206 nam
316 1144 400 1208 haec
423 1145 550 1208 iaciunt
578 1145 760 1219 hominem,
784 1159 819 1209 et
845 1144 1018 1209 “Sanctus
1042 1144 1199 1211 lsraelis”

81 1257 124 1298 ex
152 1259 195 1300 eo
217 1240 310 1319 quod
337 1240 461 1302 doceat
489 1261 568 1302 vera
595 1238 788 1303 dodtrinae:
820 1262 924 1322 quare
951 1242 1054 1303 etiam
1078 1241 1200 1304 dicitur

82 1332 171 1411 quod
192 1332 328 1395 “homo
349 1333 537 1415 respiciet‚”
554 1344 591 1396 et
613 1335 728 1397 “oculi
745 1335 815 1419 ejus
831 1332 1033 1416 spettabunt
1047 1334 1072 1410 ;”
1095 1333 1200 1396 homo

83 1424 203 1489 dicitur
218 1433 237 1456 ‘⁴
247 1426 352 1489 homo
360 1427 374 1449 ”
386 1448 431 1489 ex
448 1427 540 1490 bono
552 1430 654 1502 vitae,
666 1439 703 1492 et
719 1429 834 1491 “oculi
845 1429 859 1452 ’¹
872 1430 1028 1491 dicuntur
1041 1430 1083 1490 de
1096 1427 1198 1491 intel·

83 1516 169 1581 ledtu
186 1521 268 1592 veri,
286 1522 335 1583 ita
353 1521 396 1582 de
412 1523 499 1583 veris
518 1519 712 1599 dottrinae;
736 1523 825 1604 quod
845 1532 925 1584 tunc
943 1543 1010 1583 non
1027 1521 1137 1584 cultus
1153 1541 1198 1583 ex

84 1614 216 1694 proprio
235 1633 361 1688 amore,
381 1635 426 1676 ex
445 1636 513 1696 quo
532 1614 621 1678 mala
640 1617 742 1688 vitae,
763 1636 823 1679 nec
845 1638 890 1679 ex
914 1618 1047 1698 propria
1070 1613 1197 1677 intelli·

82 1708 209 1784 gentia,
229 1727 274 1769 ex
294 1728 359 1788 qua
377 1706 463 1770 falsa
481 1707 664 1782 dottrinae,
685 1710 893 1790 significatur
911 1730 970 1791 per
989 1710 1078 1791 quod
1100 1714 1197 1772 “non

83 1802 239 1882 respiciet
262 1802 307 1862 ad
329 1802 463 1874 altaria,
483 1824 567 1884 opus
591 1823 750 1865 manuum
773 1824 918 1876 suarum,
937 1815 973 1866 et
997 1803 1087 1884 quod
1110 1802 1197 1866 lece-

81 1904 154 1957 runt
179 1896 281 1976 digiti
304 1895 375 1975 ejus
399 1892 492 1958 ¹¹¹non
515 1894 683 1978 sped'tabit
699 1897 725 1973 ;”
752 1918 811 1978 per
833 1898 994 1970 “altaria,
1017 1918 1102 1978 opus
1126 1915 1197 1958 ma-

78 2007 180 2052 nuum
200 2008 337 2052 suarum
347 1989 362 2013 '¹
378 1990 580 2071 intelligitur
593 1991 703 2054 cultus
719 2012 764 2054 ex
781 1992 915 2073 proprio
931 2011 1056 2063 amore,
1070 2011 1114 2052 ex
1131 2010 1198 2071 quo

76 2083 168 2146 mala
187 2083 304 2159 vitae;
328 2093 363 2145 et
383 2104 443 2164 per
463 2085 581 2165 “quod
597 2084 747 2148 iecerunt
767 2086 864 2166 digiti
884 2085 953 2164 ejus
962 2084 976 2109 '¹
994 2083 1198 2163 intelligitur

70 2178 190 2240 cultus
224 2198 271 2240 ex
302 2179 437 2258 propria
468 2178 696 2259 intelligentia
725 2201 771 2241 ex
798 2200 863 2260 qua
890 2178 973 2240 salsa
1003 2175 1195 2240 dodtrinae:

67 2287 133 2348 per
167 2270 296 2333 “lucos
321 2280 358 2333 et
387 2271 557 2334 subdiales
584 2273 740 2336 statuas’'
765 2271 974 2353 significatur
1003 2271 1197 2352 religiosum

61 2382 115 2427 ex
146 2364 245 2428 salsis
271 2375 308 2427 et
333 2365 411 2427 inde
430 2365 538 2439 malis,
559 2386 618 2447 per
643 2367 791 2428 “lucos''
810 2366 1003 2447 religiosum
1027 2386 1071 2427 ex
1093 2364 1196 2440 salsis,
1270 2356 1272 2363 ’

59 2471 104 2522 et
131 2479 198 2540 per
224 2458 425 2521 “subdiales
456 2459 612 2522 statuas”
634 2481 680 2522 ex
712 2459 809 2522 malis
840 2459 924 2522 falsi.
970 2458 1074 2540 Apud
1097 2458 1196 2532 Jere·

56 2554 189 2626 mrem,

120 2701 141 2721 ‘⁶
152 2697 300 2747 Peccatum
310 2697 567 2762 Jehudaescriptum
577 2710 619 2748 est
627 2699 700 2762 stylo
709 2699 781 2756 terri,
793 2698 898 2759 scalpro
907 2697 1070 2754 adamantis,
1083 2693 1197 2760 l'lsculp-

208 2771 267 2812 tum
277 2778 358 2825 super
366 2765 459 2812 tabula
468 2765 557 2812 cordis
565 2779 668 2821 eorum,
679 2774 707 2812 et
717 2764 743 2812 in
753 2764 882 2812 cornibus
894 2763 1017 2811 altarium
1029 2771 1179 2811 vestrorum
1189 2779 1195 2812 :

208 2829 279 2877 sicut
294 2829 421 2878 recordor
433 2829 548 2877 filiorum
562 2844 665 2886 eorurn,
680 2829 803 2878 altarium
815 2843 918 2885 eorum,
930 2838 956 2876 et
965 2829 1087 2876 lucorum
1101 2841 1195 2879 eornm

208 2908 271 2942 cum
286 2896 383 2942 arbore
397 2894 485 2952 viridi,
500 2909 581 2956 super
593 2895 708 2943 collibus
720 2895 783 2943 altis
791 2893 805 2912 ”
817 2894 890 2954 (xvii.
905 2907 927 2951 ι,
939 2893 977 2955 2):

50 3053 130 3117 per
143 3035 234 3098 haec
249 3034 449 3098 describitur
459 3036 549 3117 quod
563 3034 674 3098 cultus
684 3034 916 3098 idololatricus
928 3036 1024 3116 genti
1035 3034 1196 3116 Judaicae

51 3128 118 3195 ita
131 3129 340 3193 irradicatus
352 3128 448 3191 fuerit
462 3140 499 3192 ut
511 3129 631 3192 auferri
644 3131 797 3211 nequiret
812 3151 820 3206 ;
844 3130 934 3210 quod
947 3129 1145 3190 irradicatus
1158 3137 1195 3192 ut

51 3243 141 3289 non
154 3222 279 3286 auferri
293 3233 421 3304 posset,
434 3223 642 3304 significatur
652 3245 711 3306 per
723 3223 813 3305 quod
827 3230 845 3255 ‘⁴
855 3233 1033 3305 peccatum
1043 3221 1195 3303 Jehudae

50 3320 242 3401 scripturn
262 3318 305 3379 sit
322 3315 415 3396 stylo
434 3316 520 3391 ferri,
537 3317 672 3399 scalpro
686 3318 891 3391 adamantis,
909 3316 1079 3398 sculptum
1096 3336 1196 3397 super

52 3411 196 3476 tabula
207 3411 320 3473 cordis
331 3429 459 3484 eorum,
470 3421 506 3473 et
520 3412 553 3472 in
564 3411 720 3473 cornibus
733 3409 890 3473 altarium
900 3430 1016 3472 eorum
1029 3409 1055 3486 ;”
1074 3408 1194 3472 salsum

53 3505 296 3570 irradicatum
313 3504 515 3585 intelligitur
531 3525 589 3586 per
603 3507 794 3585 “scriptum
811 3504 904 3584 stylo
915 3504 989 3566 ferri
1007 3513 1041 3565 et
1061 3503 1195 3583 scalpro

53 3598 302 3672 adamantis?
320 3608 356 3661 et
374 3599 502 3660 malurn
521 3599 738 3662 irradicatum
758 3599 959 3679 intelligitur
978 3619 1036 3680 per
1054 3597 1195 3679 “sculp-

57 3706 147 3758 tum
168 3713 271 3775 super
286 3692 404 3755 tabula
419 3693 541 3769 cordis,
559 3704 593 3756 et
614 3694 646 3754 in
667 3693 823 3755 cornibus
842 3693 998 3755 altarium
1023 3692 1155 3754 illorum
1168 3691 1195 3769 ;'¹

62 3796 209 3870 “super
232 3787 390 3850 cornibus
412 3786 570 3848 altarium
581 3787 595 3811 ”
618 3788 740 3849 dicitur
763 3788 840 3869 quia
862 3786 1064 3867 intelligitur
1082 3787 1195 3850 cultus

60 3881 313 3946 idololatricus
326 3901 334 3942 ε
359 3901 418 3962 ρετ
431 3886 451 3912 “
463 3878 549 3942 filios
558 3880 573 3903 ”
585 3901 726 3962 quorum
742 3882 948 3953 recordatur,
962 3880 1195 3960 significantur

63 3976 159 4039 falsa
183 3975 286 4049 mala,
311 3995 370 4056 per
391 3973 563 4036 “altaria'’
581 3975 694 4038 cultus
717 3975 773 4038 ille
797 3996 841 4037 ex
865 3975 966 4046 ma10.
992 3995 1050 4055 per
1070 3974 1194 4039 “lucos

64 4091 152 4133 <um
172 4071 295 4133 arbore
314 4068 434 4131 viridi”
452 4067 564 4130 cultus
582 4069 639 4132 ille
658 4091 702 4132 ex
719 4067 814 4142 salso,
837 4067 925 4149 [ρετ]
948 4074 1077 4150 “super
1097 4068 1193 4132 colli-

67 4166 137 4227 bus
155 4164 238 4229 altis
248 4164 264 4187 '⁹
282 4162 491 4244 significatur
508 4163 716 4226 adulteratio
734 4163 813 4226 boni
836 4174 870 4225 et
895 4161 1084 4225 falsificatio
1102 4166 1192 4226 veri:

72 4259 134 4322 illo
152 4261 244 4323 enim
265 4267 431 4339 tempore,
451 4256 588 4337 quando
607 4259 720 4319 omnia
739 4257 851 4319 cultus
874 4268 971 4319 erant
995 4277 1193 4338 repraesen-

74 4356 183 4418 tativa
199 4353 402 4417 caelestium
415 4360 451 4414 et
468 4349 701 4431 spiritualium,
719 4351 847 4414 cultum
868 4351 1040 4413 habebant
1060 4353 1092 4412 in
1110 4351 1193 4414 lucis

75 4459 111 4510 et
129 4470 229 4533 super
248 4446 404 4522 collibus,
421 4449 499 4528 quia
517 4446 713 4521 “arbores''
730 4467 774 4508 ex
791 4445 909 4527 quibus
926 4444 1001 4520 luci,
1022 4444 1191 4525 significa·
