2684 4988
368 493 458 544 cnr.
477 491 537 554 vn,
553 491 654 543 vans.
670 493 781 543 a-u.
799 478 930 565 357[d].
1149 481 1215 567 ⁶99

185 659 232 711 “Eri
244 662 264 711 in
279 663 406 712 Schalem
426 662 625 711 tabernaculum
633 660 648 682 '¹
663 661 792 726 Jehovae,
809 665 860 712 “et
877 663 1059 713 habitaculum
1078 663 1167 727 ipsius
1185 666 1213 716 ln

234 727 318 786 Zione;
336 729 376 777 ibi
393 729 479 790 iregit
491 742 586 777 nervos
597 743 683 786 acus,
697 740 801 778 scutum
814 740 841 778 et
851 729 969 792 gladium
982 739 1009 778 et
1022 729 1121 779 bellum
1129 729 1143 749 '’
1155 731 1211 792 (Pa.

233 793 300 842 lxxvi.
310 806 362 854 Μ
376 791 426 859 [Β.
436 796 472 842 A.
483 805 507 851 a,
517 788 570 857 3]):
905 803 920 831 ·

147 925 248 991 similiter
263 930 312 992 hic
333 930 378 991 de
398 929 590 991 cessatione
609 929 718 990 omnis
741 949 874 1011 pugnae
897 940 932 993 et
955 931 1065 992 omnis
1084 930 1213 993 discidii

146 1020 167 1082 in
178 1041 254 1102 regno
271 1023 409 1086 Domini
429 1024 560 1102 agitur;
583 1043 642 1104 per
659 1022 869 1086 “Schalem”
882 1025 936 1086 ubi
957 1025 1212 1089 tabernaculum

142 1113 252 1192 jehovae,
263 1129 296 1180 et
312 1139 373 1199 per
388 1124 408 1149 ‘⁸
418 1117 583 1179 Zionem”
596 1118 649 1179 ubi
667 1117 896 1181 habitaculum
911 1118 1028 1199 Ipsius,
1042 1119 1212 1199 significa·

142 1217 297 1291 turregnum
311 1211 487 1292 spirituale
501 1222 537 1274 et
550 1232 691 1292 regnum
705 1211 853 1274 caeleste
870 1213 987 1293 ipsius,
1002 1233 1061 1294 per
1078 1221 1097 1245 ‘⁶
1107 1213 1212 1278 Scha-

140 1300 322 1386 leru'regnum
334 1305 510 1386 spirituale
521 1307 575 1368 ubi
586 1307 767 1386 genuinum
778 1326 903 1377 verum,
912 1318 947 1369 et
959 1327 1017 1387 per
1026 1315 1044 1338 ⁴·
1053 1307 1213 1372 Zionem”

138 1416 236 1476 regnum
245 1400 394 1462 caeleste
405 1400 459 1461 ubi
472 1401 655 1479 genuinum
669 1401 794 1463 bonum
807 1422 814 1476 ;
831 1411 866 1463 et
880 1421 938 1481 per
948 1401 1037 1482 quod
1050 1401 1212 1482 “franget

137 1509 220 1554 nenos
235 1514 337 1567 arcus,
358 1505 505 1566 scutum,
524 1494 676 1574 gladium
693 1505 730 1556 et
747 1494 902 1568 bellum,’'
919 1494 1126 1575 significatur
1144 1497 1212 1559 dis·

136 1585 220 1665 siprtio
234 1591 340 1650 omnis
364 1588 676 1670 pugnaelalsorum
696 1586 870 1650 dodtrinae
888 1600 1008 1651 contra
1032 1589 1157 1652 bonum
1177 1601 1211 1654 et

135 1696 229 1834 {pum
258 1683 380 1745 “nervi
404 1681 524 1745 arcus”
548 1693 627 1744 sunt
652 1681 849 1764 principalia
871 1679 1055 1758 dodirinae.
1107 1683 1212 1765 Apud

159 1775 286 1850 osticam,

167 1906 269 1959 “Feriam
283 1911 336 1959 illis
348 1910 445 1959 foedus
457 1911 485 1959 in
497 1911 541 1959 die
553 1911 600 1959 illo
610 1925 670 1958 cum
683 1911 769 1959 bestia
780 1911 846 1973 agri,
856 1920 883 1959 et
895 1925 954 1959 cum
967 1926 1018 1960 ave
1030 1910 1174 1969 caelorum,
1186 1922 1213 1961 et

223 1990 278 2024 cum
288 1977 377 2038 reptili
390 1986 486 2032 terrae,
498 1987 524 2025 et
536 1990 627 2024 arcum
637 1986 664 2024 et
676 1976 794 2037 gladium
804 1985 832 2024 et
844 1975 942 2025 bellum
955 1976 1078 2040 frangam
1088 1979 1122 2026 de
1131 1986 1210 2035 terra,

224 2050 248 2089 et
258 2043 355 2090 cubare
368 2041 465 2090 latiam
478 2056 526 2090 eos
538 2056 630 2090 secure
638 2040 652 2060 '⁸
665 2042 701 2103 (ii.
714 2042 768 2102 18):

134 2176 209 2255 agitur
218 2180 256 2242 ibi
268 2180 311 2242 de
324 2179 475 2242 adventu
489 2179 638 2251 Domini,
652 2190 688 2242 et
701 2189 782 2242 tunc
798 2179 841 2241 de
854 2177 1090 2260 conjunclione
1104 2179 1212 2261 lpsius

134 2287 183 2332 curn
197 2275 340 2336 omnibus
359 2274 415 2356 qui
439 2273 471 2335 in
493 2274 579 2335 veris
598 2294 643 2336 ex
664 2275 754 2335 bono
774 2284 871 2348 sunt;
896 2295 954 2355 per
971 2274 1116 2336 “foedus
1136 2295 1210 2337 cum

134 2361 207 2427 bestia
219 2369 295 2448 agri,
309 2387 387 2430 cum
400 2389 463 2429 ave
479 2367 649 2430 caelorum
662 2379 697 2430 et
714 2387 789 2430 curn
804 2368 914 2448 reptili
931 2368 1070 2441 terrae,”
1084 2369 1211 2449 signifi·

135 2459 395 2542 caturconjundtio
411 2481 486 2524 cum
504 2459 679 2523 afsedtione
699 2461 778 2523 boni
798 2482 923 2536 eorum,
941 2482 1016 2525 cum
1034 2460 1210 2527 afledtione

134 2553 228 2623 veriet
248 2575 323 2618 cum
343 2553 521 2618 affectione
544 2556 777 2636 cognitionum
797 2557 864 2618 veri
888 2566 923 2618 et
947 2557 1025 2618 boni
1045 2578 1131 2638 quae
1154 2579 1209 2620 ec·

134 2641 236 2724 clesiae3
261 2649 425 2711 “bestia”
444 2651 532 2711 enim
554 2648 677 2730 “agri’'
696 2648 864 2730 significat
883 2647 1094 2713 afsedlionem
1120 2652 1210 2725 boni,

135 2741 200 2802 “avis
212 2743 377 2807 caelorum
386 2743 401 2767 ”
418 2741 629 2805 affedlionem
646 2745 726 2815 veri,
744 2756 777 2805 et
796 2745 943 2824 “reptile
961 2756 1070 2807 terrae
1078 2745 1094 2769 ”
1111 2745 1210 2808 aflec-

134 2831 223 2899 tioucm
244 2839 477 2919 cognitionum
497 2838 565 2899 veri
589 2847 623 2900 et
643 2838 742 2912 boni;
770 2838 860 2919 quod
884 2859 950 2900 non
972 2838 1082 2920 aliqua
1102 2838 1212 2902 bestia

135 2933 223 2992 atavis
240 2953 276 2994 ac
296 2932 419 3013 reptile
439 2942 548 2995 terrae
568 2932 619 2993 hic
639 2931 860 3012 intelligatur,
879 2932 988 2993 nullus
1009 2953 1075 2995 non
1095 2934 1208 3010 videt;

134 3036 184 3083 nun
195 3025 321 3109 aliquod
341 3025 458 3088 foedus
477 3045 552 3088 cum
573 3025 660 3087 illis?
701 3024 800 3105 Quod
818 3046 862 3087 ex
879 3025 1114 3106 conjunctione
1135 3047 1210 3090 cum

134 3108 239 3182 Domino
254 3141 321 3183 non
342 3119 454 3201 aliqua
473 3140 585 3201 pugna
601 3121 770 3182 exstitura
789 3121 831 3182 sit
851 3119 924 3182 salsi
944 3132 1064 3183 contra
1082 3141 1209 3196 verum,

133 3205 298 3286 significatur
317 3234 377 3294 per
394 3215 485 3295 quod
506 3214 664 3275 “Arcum
685 3225 720 3275 et
743 3213 892 3294 gladium
916 3225 951 3276 et
975 3214 1100 3277 bellum
1122 3214 1210 3277 iran-

132 3317 183 3376 garn
196 3308 233 3370 de
248 3321 340 3371 terra
352 3306 377 3383 ;”
397 3307 546 3369 “arcus''
562 3308 606 3369 ibi
625 3318 678 3370 est
697 3306 860 3380 dodtrina,
879 3308 1039 3388 “gladius
1048 3308 1062 3331 ’¹
1079 3320 1130 3371 est
1150 3309 1210 3372 sal·

131 3409 231 3471 unet
249 3399 434 3464 “bellum'’
452 3411 505 3463 est
525 3421 647 3482 pugna.
694 3401 796 3483 Apud
815 3400 1029 3476 Ezechielem,

162 3530 222 3582 “llic
229 3535 286 3584 dies
293 3535 327 3583 de
336 3550 389 3598 quo
398 3533 503 3583 locutus
512 3548 572 3582 sum
583 3547 588 3589 :
607 3544 670 3583 tunc
679 3534 788 3582 exibunt
798 3535 963 3583 habitatores
972 3535 1078 3584 urbium
1090 3535 1209 3595 israelis,

221 3611 247 3650 et
257 3601 405 3650 incendent
417 3600 628 3662 comburentque
640 3614 723 3655 arma,
736 3609 762 3647 et
774 3609 887 3656 scutum,
899 3609 927 3648 et
939 3600 1062 3662 clipeum,
1074 3616 1134 3650 cum
1146 3616 1210 3652 arcu

221 3676 315 3716 etcum
326 3666 397 3722 telis,
409 3675 437 3714 et
449 3680 509 3714 cum
523 3666 619 3714 baculo
632 3679 737 3721 manus,
750 3674 777 3713 et
789 3679 849 3713 cum
861 3665 947 3724 hasta,
959 3676 985 3714 et
997 3667 1145 3715 accendent
1158 3667 1211 3718 illis

221 3732 310 3795 ignem
323 3742 429 3795 septem
441 3729 543 3779 annis”
555 3730 654 3791 (xxxix.
667 3730 690 3788 8,
702 3730 742 3792 9):

127 3859 206 3937 agitur
221 3866 264 3930 ibi
287 3867 331 3930 de
351 3866 461 3947 Gogo,
482 3885 659 3947 perquem
679 3865 915 3945 intelliguntur
934 3868 988 3947 qui
1011 3868 1043 3929 in
1065 3878 1211 3933 externo

125 3952 190 4019 cultu
200 3972 273 4025 sunt
286 3972 322 4024 et
336 3962 370 4024 in
384 3959 477 4022 nullo
488 3961 621 4021 interno
633 3981 640 4035 ;
660 3959 693 4021 hi
703 3960 906 4040 quiacontra
918 3958 1130 4024 affectionem
1141 3967 1209 4026 veri

124 4047 293 4123 tpiritualem
308 4064 401 4127 sunt,
416 4074 502 4134 quae
514 4063 567 4114 est
579 4072 692 4114 amare
706 4073 783 4114 vera
797 4055 873 4134 quia
886 4074 964 4116 vera
976 4066 1066 4126 sunt,
1080 4067 1114 4118 et
1132 4058 1209 4120 inde

123 4147 311 4211 urtinfalsis
326 4148 441 4230 quoad
455 4143 641 4209 dod‘trinam
656 4147 735 4209 etin
750 4147 846 4208 malis
859 4149 969 4228 quoad
980 4149 1096 4220 vitam,
1109 4170 1209 4213 nemo

122 4235 183 4300 enim
196 4242 363 4306 reformari
382 4250 511 4323 potest,
525 4241 589 4303 hoc
606 4251 669 4312 est,
683 4251 717 4302 et
734 4261 754 4302 a
769 4240 861 4302 salsis
876 4253 911 4303 et
927 4263 947 4302 a
960 4243 1057 4304 malis
1075 4245 1207 4313 abduci,

122 4326 162 4390 liti
178 4354 227 4414 per
245 4358 347 4412 vera;
372 4336 452 4397 inde
472 4345 523 4396 est
547 4334 637 4415 quod
661 4334 791 4396 dicatur
810 4336 900 4415 quod
921 4338 1092 4398 “exibunt
1112 4338 1207 4398 habi·

121 4426 213 4494 tatores
236 4433 368 4495 urbium
389 4429 537 4503 Israelis,
558 4439 592 4490 et
617 4430 816 4491 comburent
839 4448 931 4491 arma
955 4440 989 4493 et
1013 4440 1146 4495 scutum
1170 4445 1204 4495 et
