2684 4988
251 501 328 552 cnr.
345 503 419 565 vn,
436 503 538 554 varis.
558 504 665 573 5.-u.
682 489 809 574 435[a].
1006 506 1085 574 1097

104 677 153 722 ben
165 674 360 736 primogenitus
369 688 453 730 meus,
465 683 493 722 tu
505 676 586 723 robur
594 689 692 733 meum,
703 683 730 724 et
740 675 899 737 principium
909 675 1005 723 virium
1015 689 1087 723 mea·

104 756 166 795 um.
181 740 315 788 excellens
327 739 472 788 eminentia
486 749 512 788 et
525 739 659 788 exceliens
671 740 778 790 valore:
797 741 864 788 levis
878 741 946 788 sicut
960 755 1037 803 aqua,
1052 754 1087 789 ne

104 806 224 862 excellas,
236 806 295 868 quia
304 805 448 853 ascendisti
459 805 554 854 cubilia
563 804 647 867 patris
659 805 705 865 tui,
717 814 780 854 tunc
791 805 939 868 profanasti
949 819 955 862 ;
973 815 1086 857 stratum

104 886 187 919 neum
200 869 341 919 ascendit'’
353 867 451 928 (Gener.
462 869 525 919 xlix.
538 882 561 930 3,
572 871 612 932 4):

104 1013 283 1076 leubenem
311 1013 573 1094 primogenitum
604 1011 741 1075 meum’'
767 1011 977 1093 significatur
1004 1010 1087 1076 fides

104 1117 281 1189 pparenter
303 1108 403 1188 priori
427 1107 514 1180 loco,
540 1127 598 1169 seu
621 1126 738 1169 verum
761 1126 806 1170 ex
830 1107 922 1168 bono
945 1115 1085 1184 natum;

106 1223 126 1263 u
146 1202 247 1263 robur
266 1221 389 1276 meum,
407 1210 441 1263 et
462 1202 659 1282 principium
679 1202 797 1263 virium
817 1200 998 1275 mearum‚''
1016 1202 1085 1282 sig-

107 1295 229 1377 rquod
254 1315 312 1377 per
335 1294 416 1356 illud
441 1297 596 1376 potentia
619 1295 721 1369 bono,
741 1305 776 1358 et
800 1296 907 1377 prima
931 1296 1086 1376 potentia

104 1410 150 1452 ›er
167 1388 373 1451 “excellens
389 1391 574 1452 eminentia
590 1399 625 1453 et
642 1388 819 1452 excellens
832 1389 947 1452 valore
955 1389 969 1411 '¹
982 1391 1085 1470 signi·

104 1483 191 1565 quod
208 1483 286 1545 inde
302 1482 411 1563 gloria
427 1493 461 1545 et
479 1492 653 1564 potestas:
674 1503 732 1565 per
751 1483 863 1545 “levis
879 1485 966 1545 sicut
983 1483 1086 1565 aqua”

104 1588 175 1639 atur
199 1577 289 1658 quod
313 1575 397 1638 fides
420 1586 577 1658 separata
596 1597 616 1639 a
639 1577 807 1639 charitate
827 1595 895 1638 non
920 1577 998 1639 talis
1022 1579 1085 1655 sit;

104 1692 113 1732 3
129 1671 283 1734 excellas
291 1670 306 1693 ’⁹
322 1669 530 1751 significatur
548 1670 638 1753 quod
657 1671 688 1732 ei
707 1691 768 1733 nec
786 1669 895 1751 gloria
914 1681 949 1733 et
969 1682 1085 1753 potes·

104 1786 130 1827 er
155 1767 260 1847 “quia
287 1765 472 1827 ascendisti
499 1764 621 1827 cubilia
651 1766 756 1846 patris
784 1764 854 1827 tui’'
879 1764 1087 1845 significatur

105 1878 175 1921 rum
196 1858 273 1921 fidei
292 1869 486 1940 separatum
507 1880 527 1921 a
546 1858 637 1921 bono
656 1859 832 1922 charitatis
852 1859 986 1921 foedam
1002 1879 1085 1922 con-

104 1974 170 2016 rem
188 1954 293 2016 habet
308 1975 315 2031 ;
340 1974 398 2034 per
417 1959 525 2015 “tunc
544 1953 751 2035 profanasti”
768 1952 977 2034 significatur
995 1955 1086 2036 quod

104 2045 248 2119 iuniium
265 2049 371 2110 amori
387 2049 436 2109 sui
451 2058 486 2110 et
504 2048 619 2110 mundi
634 2068 673 2111 ac
691 2048 769 2111 inde
786 2047 887 2122 ma10,
901 2049 991 2130 quod
1008 2070 1085 2131 pro-

130 2164 190 2224 per
218 2148 392 2205 “stratum
420 2162 531 2205 meum
559 2141 737 2205 ascendit''
761 2142 970 2223 significatur
995 2145 1086 2226 quod

104 2235 253 2296 inaverit
273 2234 400 2295 bonum
420 2233 597 2315 spirituale
619 2234 653 2296 in
673 2234 831 2295 naturali.
876 2250 1086 2309 (sedhaecprene

104 2338 221 2382 rideantur
235 2337 259 2381 in
273 2338 371 2382 Arcana
388 2338 534 2389 Caelestibun
549 2350 572 2382 n.
587 2337 744 2394 6341-6350.)
787 2319 889 2400 Quod
913 2323 1085 2404 primoge-

104 2410 277 2474 {deodata
299 2410 396 2472 fuerit
421 2409 551 2473 duobus
574 2408 649 2471 filiis
667 2410 818 2491 Josephi,
839 2409 1026 2492 Ephraimo
1049 2420 1085 2475 et

104 2507 124 2579 i,
139 2505 344 2586 intelligitur
360 2526 418 2587 per
435 2505 519 2567 haec
537 2504 640 2567 verba
657 2505 791 2567 israelis
808 2506 913 2587 patris
929 2506 973 2568 ad
987 2506 1094 2587 jose--

104 2736 183 2785 cduo
193 2734 239 2783 filii
249 2734 286 2783 tui
297 2735 352 2782 nati
363 2733 410 2782 tibi
423 2734 450 2781 in
463 2743 534 2782 terra
544 2733 660 2795 Aegypti
672 2743 816 2796 antequam
827 2733 917 2784 veni..
928 2734 967 2785 ,in
977 2734 1094 2799 Aegyp..

104 2816 157 2856 um,
170 2801 235 2848 mihi
249 2800 301 2857 illi;
321 2800 448 2861 Ephraim
461 2808 488 2847 et
502 2798 628 2848 Menasse
640 2799 708 2848 sicut
722 2799 832 2848 Reuben
845 2810 872 2848 et
884 2800 994 2850 Simeon
1007 2813 1094 2852 erunt.

104 2867 156 2914 nihi
165 2866 179 2883 ”
192 2866 289 2924 (Gener.
302 2865 384 2913 xlviii.
398 2864 436 2924 sl:

104 2989 175 3052 ibro
196 2987 341 3071 [Primo]
364 2987 394 3052 C
393 2988 613 3063 ltronicorum,

104 3118 127 3151 en
140 3106 158 3126 ¹⁸
166 3113 208 3150 est
221 3103 415 3163 primogenitus
426 3117 432 3157 ;
450 3102 497 3151 sed
507 3102 569 3164 quia
581 3102 676 3164 polluit
685 3111 798 3151 stratum
810 3103 893 3165 patris
906 3104 958 3162 sui,
969 3104 1033 3154 data
1043 3114 1094 3156 est:
1192 3113 1195 3119 '

104 3168 306 3229 rrimogenitura
317 3167 375 3228 ejus
390 3167 449 3215 filiis
461 3167 573 3231 Josephi
586 3168 630 3215 filii
646 3167 753 3216 Israelis
762 3167 775 3186 '¹
789 3169 824 3229 (v.
838 3182 860 3227 1,
872 3169 912 3231 2):

104 3309 317 3393 phraimum”
336 3311 425 3372 enim
445 3311 478 3370 in
495 3308 614 3370 Verbo
631 3308 740 3371 simile
759 3309 970 3390 significatur
992 3315 1083 3396 quod

104 3404 298 3476 eubenem,”
315 3423 437 3485 nempe
454 3400 647 3465 intellectus
663 3404 732 3466 veri
748 3414 783 3466 et
801 3425 916 3467 verum
935 3407 969 3468 in
987 3407 1061 3473 luce
1073 3430 1091 3486 3·

104 3510 201 3562 catur
217 3499 306 3580 quod
322 3497 514 3579 “Ephraim
531 3507 565 3559 et
584 3497 742 3559 Menasse
758 3506 857 3561 erunt
873 3498 929 3562 filii
948 3500 1092 3565 Israelis>

104 3594 209 3657 ruben
229 3603 264 3655 et
282 3592 448 3667 Simeon,”
464 3603 517 3655 est
537 3593 613 3674 quia
633 3613 692 3673 per
710 3591 963 3657 “Reubenem”
978 3596 1083 3678 signi·

104 3686 300 3751 intellectus
322 3689 390 3751 veri
415 3699 448 3751 et
474 3708 532 3770 per
553 3686 775 3750 “Simeonem
784 3686 799 3712 ”
818 3689 978 3752 voluntas
1000 3692 1092 3766 veri.

105 3784 210 3846 etiam
234 3802 294 3863 per
314 3781 587 3864 “Ephraimum”
607 3792 641 3844 et
663 3781 905 3845 “Manassen”
949 3783 1006 3847 Ex
1029 3786 1092 3848 his·

104 3888 226 3940 instare
245 3886 372 3957 potest,
386 3877 558 3958 quodnam
572 3876 761 3938 universale
773 3876 958 3940 essentiale
970 3878 1092 3942 eccle—

104 3991 109 4004 ·
129 3970 384 4034 “Reubenem''
403 3972 436 4032 in
457 3969 574 4033 Verbo
592 3969 812 4051 significatur.

104 4073 182 4156 .[a].
214 4074 287 4136 “Er
302 4074 381 4135 tribu
399 4073 489 4135 dudit
511 4075 666 4136 duodecim
682 4073 776 4134 millia
791 4072 1088 4156 ripnuti''-Quod'

104 4177 128 4229 et
157 4166 274 4229 bonum
300 4167 390 4228 vitae
414 4165 498 4238 inde,
528 4175 666 4229 constat
693 4187 737 4229 ex
764 4168 1082 4248 repraesentatione

104 4256 210 4331 iadis,
234 4259 325 4339 quod
352 4259 396 4320 sit
423 4257 550 4320 bonurn
577 4260 670 4321 vitae
697 4273 945 4336 (dequasequirur);
976 4266 1081 4321 etex

104 4352 206 4413 itione
237 4350 445 4413 “duodecim
472 4350 614 4413 millium
642 4351 885 4431 signatorum,”
916 4349 1007 4433 quod
1035 4350 1080 4413 sit

104 4462 190 4506 nncs
212 4441 263 4505 illi
285 4443 318 4504 in
337 4443 435 4506 caelo
453 4443 521 4505 sint
544 4452 579 4506 et
603 4444 635 4505 in
658 4443 792 4507 caelum
814 4444 957 4506 veniant
980 4458 1082 4518 (deque
