2716 4986
338 485 417 535 cnr.
435 484 494 546 v1.,
512 484 615 534 vans.
637 470 764 534 16.-n.
780 468 916 553 411[j].
1123 486 1186 552 977

62 653 195 735 frigida,
209 654 289 735 quia
306 653 348 717 de
365 654 425 717 tali
442 653 587 716 ecclesia
603 653 734 734 agitur3
756 659 775 684 “
788 652 937 715 Libanus
945 651 961 677 ”
972 663 1026 716 est
1042 652 1188 715 ecclesia

61 769 82 811 e
106 769 182 831 qua,
203 759 239 812 et
261 751 362 829 “agri
374 749 389 772 '’
408 759 485 811 sunt
509 749 624 811 omnia
647 749 737 810 bona
761 760 796 811 et
816 769 896 811 vera
920 747 1103 811 ecclesiae:
1129 768 1188 830 per

63 848 201 923 “aquas
229 842 360 904 alienas
387 842 524 923 frigidas
551 842 763 904 defluentes¹'
787 841 1021 922 significantur
1043 840 1128 904 salsa
1154 842 1187 904 in

63 936 187 1018 quibus
208 957 278 1000 non
298 937 445 1013 bonum;
471 942 606 1018 “aquae
625 936 779 998 alienae”
796 946 874 999 sunt
894 936 989 1010 salsa,
1006 955 1046 998 ac
1068 936 1187 1017 “frigi-

64 1033 148 1094 dum
158 1032 173 1056 ”
193 1044 247 1095 est
271 1034 304 1094 in
328 1053 395 1113 quo
419 1052 486 1094 non
511 1032 648 1104 bonum,
669 1033 780 1094 omnis
803 1033 892 1094 enim
917 1031 1010 1094 calor
1028 1033 1115 1094 veris
1134 1041 1187 1094 est

63 1146 110 1189 ex
130 1126 225 1189 bono
243 1129 377 1190 amoris.
423 1126 527 1208 Apud
546 1127 703 1200 eundem,

116 1263 134 1284 “
142 1259 211 1309 Ecce
226 1260 282 1322 Ego
291 1269 386 1309 contra
398 1270 433 1317 te,
444 1260 589 1308 habitatrix
597 1260 686 1316 vallis,
698 1270 774 1321 petra
787 1259 916 1321 planitiei.
927 1260 1055 1316 dicentes.
1068 1259 1135 1322 Quis
1143 1259 1189 1308 de·

197 1327 306 1375 scendet
320 1335 414 1374 contra
428 1327 497 1376 nos?
518 1335 545 1374 et
559 1325 617 1388 quis
630 1326 720 1374 veniet
734 1325 760 1373 in
776 1325 955 1374 habitationes
970 1334 1078 1374 nostras
1084 1323 1110 1375 ?''
1122 1324 1185 1385 (xxi.

199 1403 228 1451 13
238 1390 256 1452 τ)

63 1535 124 1597 per
144 1514 414 1577 “habitatricem
433 1514 532 1577 vallis
551 1523 587 1576 et
608 1524 740 1596 petram
760 1514 914 1596 planitiei
922 1513 937 1537 ’⁹
953 1514 1188 1595 significantur

63 1610 119 1691 qui
146 1609 180 1671 in
209 1608 335 1671 ultimis
364 1608 469 1671 Verbi
497 1618 588 1682 sunt,
617 1629 679 1671 nec
711 1630 748 1671 se
775 1610 819 1671 ab
848 1610 998 1672 interiori
1027 1609 1187 1673 illustrari

63 1704 261 1784 patiuntur;
285 1713 319 1765 et
342 1704 398 1786 qui
422 1703 509 1766 tales
529 1712 609 1765 sunt
630 1723 698 1765 non
718 1703 836 1765 vident
856 1724 935 1765 vera
955 1703 1014 1766 sed
1038 1724 1099 1786 pro
1122 1704 1187 1766 illis

64 1796 151 1859 salsa
162 1818 170 1873 ;
196 1816 274 1860 nam
293 1797 403 1859 omnis
423 1797 482 1858 lux
500 1798 580 1870 veri,
599 1798 677 1880 quia
696 1807 749 1859 est
773 1818 791 1860 e
811 1797 909 1859 caelo
928 1819 947 1859 a
968 1798 1127 1871 Domino,
1145 1799 1188 1860 ab

63 1891 216 1953 interiori
235 1893 328 1953 venit
347 1910 386 1953 ac
408 1891 606 1968 descendit;
631 1890 678 1953 illi
699 1912 757 1973 per
778 1891 1045 1954 “habitatricem
1066 1891 1188 1954 vallis''

64 1994 100 2048 et
124 2005 185 2066 per
206 1990 367 2067 “petram
388 1985 564 2066 planitiei'’
583 1985 840 2066 inteiiiguntur;
870 1986 995 2047 “vallis
1019 1997 1054 2048 et
1079 1986 1186 2067 plani-

65 2078 155 2142 ties''
178 2091 257 2142 sunt
286 2079 405 2142 ultima
433 2078 538 2142 Verbi
564 2079 597 2141 in
621 2081 740 2160 quibus
768 2089 857 2152 sunt,
882 2098 921 2141 ac
948 2080 1163 2142 “habitatrix
1173 2079 1188 2102 ''

64 2183 101 2237 et
119 2174 271 2257 “petra'’
289 2173 483 2255 significant
507 2174 601 2249 falsa,
624 2174 842 2237 “habitatrix
851 2174 866 2197 ”
885 2173 1005 2236 salsum
1029 2175 1131 2247 vitae,
1151 2185 1187 2238 et

68 2275 88 2299 “
97 2278 196 2350 petra
203 2269 218 2292 ''
230 2267 351 2331 salsum
365 2266 559 2331 dodtrinae:
580 2267 665 2331 fides
678 2268 752 2331 salsi
765 2277 800 2330 et
817 2268 907 2341 mali,
921 2269 1033 2348 inqua
1049 2267 1188 2331 firmiter

67 2361 222 2436 haerent,
246 2362 417 2425 credendo
441 2361 499 2425 illa
522 2383 597 2426 esse
620 2383 699 2425 vera
719 2371 754 2425 et
778 2361 877 2435 bona,
899 2359 1109 2442 significatur
1128 2381 1187 2442 per

67 2456 156 2536 quod
177 2457 307 2531 dicant,
329 2455 443 2538 “Quis
463 2457 650 2520 descendet
671 2467 792 2519 contra
812 2456 897 2518 nos?
921 2465 957 2519 et
979 2457 1053 2539 quis
1071 2457 1187 2519 veniet

67 2551 99 2612 in
118 2550 353 2613 habitationes
374 2560 509 2613 nostras
519 2550 549 2612 ?”
594 2550 698 2632 Apud
717 2550 869 2625 Esaiam,

115 2686 134 2706 “
142 2682 225 2810 intre·
231 2683 258 2731 in
272 2692 384 2808 petram,
399 2693 426 2732 et
438 2683 574 2733 absconde
587 2693 612 2733 te
625 2684 653 2732 in
666 2684 774 2747 pulvere
787 2694 895 2747 propter
907 2698 1033 2747 pavorem
1045 2683 1165 2750 Jehovae
1173 2682 1187 2703 ”

208 2763 235 2797 il.
248 2761 281 2795 10
298 2765 303 2798 :

69 2862 223 2925 “intrare
247 2862 280 2924 in
304 2861 461 2943 petram”
484 2872 538 2926 est
562 2863 595 2926 in
619 2863 751 2937 salsum,
771 2873 806 2927 et
832 2864 1070 2927 “abscondere
1094 2885 1130 2927 se
1154 2864 1185 2926 in

68 2955 227 3036 pulvere’'
244 2966 297 3018 est
317 2958 349 3019 in
369 2957 481 3034 malo;
506 2959 619 3039 agitur
635 2958 680 3020 ibi
700 2959 742 3020 de
759 2957 879 3020 ultimo
894 2957 1030 3039 judicio,
1051 2958 1186 3041 quando

67 3050 111 3113 illi
129 3052 187 3134 qui
206 3051 240 3114 in
260 3051 351 3114 falsis
370 3052 451 3115 mali
469 3063 505 3116 et
525 3054 558 3115 in
579 3052 676 3116 malis
699 3052 773 3115 falsi
793 3064 872 3115 sunt
891 3074 927 3115 se
946 3053 1129 3134 conjiciunt
1152 3055 1185 3115 in

67 3143 206 3220 interna,
231 3167 318 3229 quae
340 3157 420 3209 sunt
445 3147 478 3210 in
502 3148 607 3229 petris
630 3156 665 3210 et
688 3147 750 3209 sub
770 3148 866 3210 terris
889 3148 921 3209 in
942 3147 1068 3210 mundo
1092 3148 1185 3229 spiri·

66 3239 161 3301 tuali.
195 3255 254 3311 (Sed
268 3255 327 3300 haec
337 3256 440 3312 amplius
451 3255 551 3300 didudha
561 3263 585 3300 et
595 3255 714 3314 explicata
725 3256 850 3301 videantur
861 3256 884 3300 in
894 3256 995 3300 articulo
1005 3256 1185 3314 praecedente.)

65 3329 172 3413 Apud
191 3329 345 3404 Hiobum‚

174 3461 281 3512 “Mons
294 3463 393 3512 cadens
404 3463 507 3523 diffluit,
522 3474 549 3513 et
562 3474 637 3527 petra
649 3464 809 3514 transiertur
821 3480 836 3514 e
848 3464 930 3514 loco''
942 3464 1005 3527 (xiv.
1023 3464 1078 3526 18):

56 3614 122 3678 per
147 3600 331 3658 “montem
341 3595 356 3619 '’
379 3594 590 3677 significatur
618 3616 713 3659 amor
739 3597 830 3670 mali,
855 3607 890 3660 et
917 3618 976 3679 per
1000 3603 1161 3679 “petram
1171 3598 1186 3621 ''

55 3688 146 3753 tides
167 3688 252 3762 falsi,
272 3708 312 3751 ac
337 3710 397 3771 per
417 3688 620 3752 “diffluere''
639 3702 674 3753 et
696 3690 896 3753 “transferri
919 3712 938 3754 e
961 3690 1061 3754 loco”
1080 3692 1185 3773 signi·

57 3782 184 3846 fleatur
198 3784 320 3865 perire.
367 3783 471 3865 Apud
489 3783 666 3859 Davidem,

180 3919 199 3941 “
207 3916 375 3980 Dejiciantur
386 3933 433 3981 per
447 3919 506 3968 loca
519 3928 610 3981 petrae
622 3919 725 3982 judices
737 3935 831 3969 eorum
839 3919 853 3939 ”
865 3920 921 3983 (Ps.
933 3919 994 3971 cxli.
1007 3917 1073 3982 Uibi:

60 4066 122 4128 per
139 4045 322 4128 “judices’'
336 4046 571 4128 significantur
587 4046 635 4110 illi
651 4048 706 4130 qui
723 4049 755 4110 in
772 4047 863 4110 salsis
880 4058 969 4122 sunt,
984 4059 1019 4113 et
1036 4050 1069 4111 in
1082 4071 1184 4112 sensu

62 4137 239 4204 abstradto
255 4141 341 4204 salsa
356 4142 578 4223 cogitationis
597 4153 632 4205 et
649 4139 842 4219 dodtrinae;
867 4141 974 4204 simile
991 4163 1050 4224 per
1071 4143 1183 4223 “judi-

62 4236 147 4300 ces”
166 4237 200 4299 in
222 4234 341 4299 Verbo
365 4235 575 4317 significatur
597 4237 686 4317 quod
712 4258 771 4318 per
790 4236 923 4317 judicia,
944 4257 982 4300 ac
1009 4237 1158 4317 “judicia
1171 4239 1185 4261 ’'

63 4329 257 4412 significant
286 4351 367 4393 vera
394 4352 438 4392 ex
466 4331 585 4413 quibus
612 4331 747 4410 judicia,
772 4342 807 4394 et
835 4333 867 4393 in
895 4333 1054 4413 opposito
1082 4353 1182 4395 sensu

63 4424 165 4490 salsa:
193 4426 271 4507 quia
291 4424 338 4486 illi
358 4425 413 4507 qui
432 4425 465 4487 in
485 4424 576 4487 salsis
595 4436 686 4501 sunt,
704 4426 736 4487 in
757 4425 883 4488 mundo
902 4425 1066 4507 spirituali
1085 4425 1183 4488 habi·
