2684 4988
341 503 423 556 cna.
440 505 637 568 v11.,vans.
658 505 765 556 r.-u.
781 489 908 575 417[b].
1054 496 1057 500 ’
1104 507 1187 573 1009

122 669 370 755 Ptr‘⁴Dispergam
382 695 441 737 eos
454 675 488 736 in
500 693 636 738 omnem
646 683 798 747 ventum,
810 675 843 736 in
854 672 1022 736 abscissos
1032 672 1148 752 anguli
1160 670 1187 749 ;”

120 762 243 830 “abscissi
263 768 376 849 anguli
385 767 401 793 '’
419 777 500 831 sunt
519 778 676 832 extrema
696 768 751 831 ubi
775 788 841 830 non
865 768 992 830 bonum
1016 777 1050 829 et
1070 786 1186 829 verum

109 859 235 941 amplius3
254 864 341 945 quod
355 873 436 925 tunc
449 863 538 925 mala
550 872 585 926 et
597 863 682 925 falsa
692 863 914 944 undequaque
927 863 1094 943 irruptura
1105 862 1185 933 sint,

104 952 276 1036 significatur
288 977 347 1038 per
362 956 445 1019 “Ab
457 957 613 1019 omnibus
630 956 828 1019 transitibus
844 955 914 1036 ejus
930 956 1096 1017 adducam
1111 956 1185 1017 exi·

104 1048 197 1125 lium;¹'
216 1052 247 1112 in
266 1051 393 1112 mundo
412 1051 502 1113 enim
520 1049 698 1132 spirituali,
718 1050 773 1112 ubi
797 1049 875 1112 mali
899 1060 989 1122 sunt,
1010 1048 1054 1111 ibi
1077 1049 1183 1111 unde·

104 1160 202 1225 quaque
216 1153 335 1225 patent
350 1132 424 1207 viae
440 1144 484 1206 ab
496 1143 643 1217 infernis,
658 1163 783 1226 perque
799 1143 875 1205 illas
892 1145 1078 1224 irrumpunt
1096 1141 1185 1204 mala

104 1237 206 1300 etsalsa
227 1238 316 1310 inde,
337 1247 373 1300 et
397 1258 457 1319 per
475 1238 613 1300 easdem
633 1239 704 1300 vias
723 1248 804 1299 eunt
825 1237 1017 1317 omnesqui
1040 1237 1073 1297 in
1093 1237 1185 1298 simi·

104 1329 158 1393 ibus
171 1331 265 1394 malis
281 1341 317 1395 et
334 1331 427 1394 falsis
440 1342 530 1404 sunt,
543 1342 579 1394 et
595 1353 632 1394 se
648 1331 714 1393 illis
727 1331 937 1393 consociant.
984 1328 1079 1392 Haec
1094 1326 1185 1392 dicta

104 1436 149 1490 unt
161 1438 195 1489 ut
207 1428 335 1489 sciatur
345 1427 425 1508 quid
440 1425 642 1506 intelligitur
655 1446 714 1508 per
726 1424 807 1486 “Ab
818 1424 973 1486 omnibus
986 1423 1184 1487 transitibus

104 1520 232 1584 dducam
244 1522 390 1584 exitium
402 1519 429 1582 :”
452 1541 511 1602 per
525 1526 628 1583 “esse
641 1521 674 1582 in
688 1519 872 1602 praedam''
885 1529 920 1581 et
935 1526 954 1549 ¹*
964 1520 995 1580 in
1010 1517 1185 1599 spolium,’'

104 1633 143 1676 um
170 1635 228 1696 per
256 1615 483 1695 “dispergere
513 1623 548 1677 et
578 1614 747 1676 adducere
777 1611 951 1687 exitium,”
977 1610 1186 1692 significatur

104 1711 270 1772 evastatio.
317 1708 422 1790 Apud
440 1705 622 1782 ¹¹¹eundem,

123 1842 210 1892 “Ecce
222 1843 281 1892 dies
292 1843 433 1891 venientes
435 1879 506 1900 .....
511 1842 608 1904 quibus
617 1841 734 1890 visitabo
746 1855 826 1902 snper
836 1855 945 1889 omnem
957 1840 1143 1889 circumcisum
1158 1839 1185 1888 iu

195 1908 349 1970 praeputio,
364 1908 519 1970 Aegyptum
534 1916 561 1955 et
572 1906 704 1971 Jehudam
719 1916 746 1956 et
762 1906 904 1963 Edomum‚
919 1915 945 1954 et
960 1906 1029 1954 tilios
1042 1906 1187 1954 Ammonis

195 1983 222 2022 et
233 1973 260 2021 M
264 1974 375 2030 oabum,
387 1983 414 2020 et
423 1987 519 2021 omnes
529 1972 665 2021 abscissos
674 1971 766 2033 anguli
779 1971 931 2020 habitantes
941 1971 969 2019 in
979 1971 1103 2026 deserto:
1122 1985 1184 2019 nam

196 2053 294 2086 omnes
310 2047 407 2099 gentes
444 2037 616 2098 raeputiatae,
633 2046 660 2085 et
677 2037 768 2085 omnis
783 2036 879 2084 domus
899 2035 1007 2085 Israelis
1024 2036 1185 2099 praeputiati

195 2103 298 2152 corde''
310 2104 356 2164 (ix.
368 2052 479 2167 [24·l²5
494 2100 540 2167 [B.
550 2104 584 2151 A.
596 2114 636 2161 25,
647 2099 715 2165 26]):

104 2254 131 2297 er
142 2236 337 2298 “abscissos
351 2233 490 2315 anguli''
503 2235 556 2297 hic
571 2233 804 2315 significantur
815 2235 870 2315 qui
882 2235 915 2297 in
929 2232 1093 2296 ecclesiae
1107 2233 1186 2296 ulti·

104 2329 135 2391 tis
143 2331 306 2411 separatis
320 2329 364 2391 ab
373 2328 586 2391 interioribus
597 2337 676 2390 sunt
691 2350 699 2405 ;
719 2329 878 2390 interiora
890 2339 967 2390 sunt
979 2328 1165 2409 spiritualia
1178 2351 1185 2407 ;

104 2425 185 2507 aqui
201 2423 312 2486 solum
331 2423 365 2485 in
382 2422 603 2496 sensualibus,
621 2443 707 2504 quae
724 2421 843 2484 ultima
860 2422 1022 2483 naturalis
1041 2421 1187 2484 hominis

104 2520 150 2573 unt
160 2531 168 2574 Ξ
186 2528 227 2586 (de
235 2528 282 2573 illis
290 2527 333 2584 qui
342 2540 407 2571 mere
415 2527 536 2571 sensuales
544 2533 607 2579 sunt,
617 2527 715 2583 quinam
725 2533 748 2570 et
757 2527 840 2583 quales
848 2534 910 2578 sunt,
918 2527 1026 2571 videatur
1035 2526 1058 2570 in
1069 2527 1187 2571 Doctrina

104 2605 377 2665 bulsoerosolymaem.
388 2607 442 2664 50:)
465 2590 556 2671 quod
575 2590 610 2652 hi
628 2610 688 2671 per
705 2589 905 2651 “abscissos
924 2589 1064 2669 anguli”
1080 2590 1186 2671 signi·

105 2692 219 2757 centur,
232 2692 288 2746 est
304 2683 382 2764 quia
398 2702 457 2763 per
471 2679 644 2762 “angulos
653 2680 668 2704 ”
684 2679 917 2760 significantur
933 2681 1055 2762 plagae
1072 2681 1187 2742 mundi

104 2774 259 2854 piritualis,
281 2785 316 2837 et
341 2795 399 2856 per
418 2773 537 2856 plagas
561 2772 636 2836 illas
656 2772 889 2854 significantur
907 2775 1020 2835 omnia
1043 2773 1133 2835 bona
1152 2784 1187 2836 et

104 2885 150 2930 'era
163 2869 247 2932 caeli
266 2878 302 2931 et
320 2867 495 2942 ecclesiae,
513 2868 600 2931 utin
617 2867 809 2948 praemissis
825 2863 952 2928 dictum
969 2877 1032 2928 est.
1079 2866 1187 2929 Habi-

104 2964 216 3026 ationes
236 2965 414 3045 spirituum
433 2971 469 3025 et
490 2961 690 3042 angelorum
714 2982 756 3023 eo
779 2961 896 3023 ordine
920 2961 963 3023 ibi
987 2962 1187 3034 succedunt,

104 3057 159 3134 ruod
173 3059 207 3120 in
223 3057 339 3120 medio
354 3058 421 3119 sint
438 3057 494 3138 qui
513 3058 546 3118 in
562 3075 695 3117 summa
711 3056 878 3136 sapientia
894 3065 929 3117 et
946 3055 1185 3135 intelligentia,

104 3156 140 3212 te
150 3152 259 3214 medio
271 3171 375 3232 usque
385 3151 427 3212 ad
439 3150 576 3212 ultimas
587 3149 792 3231 peripherias
802 3150 834 3209 in
846 3150 974 3211 minore
987 3159 1022 3211 et
1036 3151 1165 3211 minore
1179 3170 1186 3225 ;

105 3244 377 3308 tdecrescentiae
400 3243 477 3307 illae
501 3253 579 3306 sunt
604 3263 739 3324 prorsus
760 3243 943 3305 secundum
964 3243 1145 3305 distantias
1169 3263 1188 3306 e

104 3339 200 3417 tedio;
228 3342 263 3402 in
287 3337 414 3401 ultimis
437 3347 516 3401 sunt
540 3339 595 3420 qui
623 3357 690 3400 non
717 3338 750 3400 in
775 3337 897 3418 aliqua,
922 3348 957 3400 et
984 3347 1084 3400 extra
1111 3337 1188 3399 illos

104 3442 150 3494 unt
166 3435 221 3515 qui
244 3435 278 3496 in
302 3433 400 3495 malis
423 3443 458 3497 et
482 3432 560 3496 inde
583 3431 695 3495 falsis:
719 3431 753 3494 hi
774 3441 851 3493 sunt
871 3433 927 3513 qui
949 3431 1188 3511 intelliguntur

104 3545 134 3588 er
147 3527 344 3590 “abscissos
360 3526 474 3608 anguli
487 3525 514 3602 ;”
536 3535 572 3589 et
588 3527 665 3608 quia
684 3526 728 3588 ibi
745 3525 881 3588 deserta
899 3535 988 3600 sunt,
1007 3525 1129 3587 dicitur
1145 3526 1187 3587 de

107 3614 150 3690 lls,
168 3619 396 3681 “habitantes
417 3619 451 3679 ln
474 3615 642 3679 deserl0.”
684 3632 734 3689 (De
745 3633 912 3677 decrescentiis
925 3633 969 3677 illis
983 3632 1007 3676 in
1019 3632 1112 3676 mundo
1123 3632 1189 3689 spin'·

104 3712 253 3764 &rideatur
266 3715 291 3758 in
305 3726 378 3771 opere
390 3714 427 3758 De
441 3713 509 3758 Caelo
521 3718 546 3757 et
558 3713 793 3771 Insemo,n.43,5o‚
806 3713 869 3769 189.)
920 3695 1027 3757 Iidem
1056 3695 1187 3775 Signifi-

104 3799 189 3853 antur
206 3810 266 3872 per
283 3795 435 3870 “gentes
455 3787 716 3871 praeputiatas,'’
733 3798 767 3850 et
788 3808 847 3869 per
865 3787 1031 3850 “domum
1052 3787 1186 3850 Israelis

104 3886 304 3967 raeputiatos
327 3883 428 3946 corde
442 3883 468 3960 ;’'
492 3904 550 3965 per
570 3881 856 3964 “praeputiatos’'
878 3881 1111 3962 significantur
1132 3884 1187 3964 qui

104 3976 196 4062 bsque
218 3997 335 4041 amore
358 3987 393 4040 et
417 3978 586 4040 charitate
609 3986 699 4050 sunt,
723 3978 772 4038 ita
795 3977 849 4058 qui
874 3976 1001 4058 absque
1024 3975 1125 4050 bono,
1150 3989 1185 4040 et

104 4072 148 4135 tde
162 4073 195 4135 in
211 4072 383 4135 amoribus
395 4072 444 4133 sui
461 4082 495 4134 et
513 4070 648 4133 mundi:
673 4080 708 4133 et
725 4071 780 4152 qui
797 4071 829 4131 in
847 4070 899 4132 his
911 4070 1081 4132 amoribus
1093 4082 1184 4143 sunt,

104 4164 175 4231 liin
201 4166 331 4230 ultimis
354 4164 518 4228 naturalis
544 4164 690 4227 hominis
714 4172 792 4226 sunt
820 4184 955 4245 prorsus
978 4165 1145 4245 separatis
1168 4185 1188 4226 a

104 4261 317 4336 >iritualibus3
350 4279 452 4340 quare
481 4268 560 4320 sunt
590 4258 760 4320 “abscissi
786 4256 901 4338 anguli
929 4256 1127 4319 habitantes
1154 4258 1187 4320 in

104 4354 232 4420 eserto.”
262 4353 327 4416 Per
338 4349 593 4433 “Aegyptum''
605 4350 823 4432 “Jehudam''
836 4347 1059 4421 “Edomum,’'
1073 4355 1091 4381 ‘⁶
1101 4349 1186 4411 lilios

104 4447 271 4513 mmonis”
287 4456 324 4510 et
343 4444 563 4520 “Moabum,”
579 4443 817 4526 intelliguntur
835 4463 954 4506 omnes
973 4443 1028 4524 qui
1048 4463 1185 4524 separa·
