2684 4988
112 479 192 543 1118
356 462 360 467 ’
405 488 654 540 arocsuvnsm
678 489 906 540 sxrurcara.

108 659 236 741 placito
260 679 320 721 suo
343 668 547 722 enervarunt
570 657 717 722 bovem”
739 657 911 740 significat
935 658 1027 741 quod
1055 679 1100 721 ex
1127 677 1217 740 prava

74 828 77 831 Ι
108 753 287 816 voluntate
300 774 435 834 prorsus
445 753 699 816 debilitaverint
710 753 839 816 bonum
849 763 1035 816 externum
1045 753 1134 835 quod
1146 751 1213 815 clia·

109 847 240 924 ritatis;
274 845 487 910 “maledida
514 848 562 909 ira
589 867 704 910 eorum
728 848 805 930 quia
827 847 1016 910 vehemens
1025 847 1040 872 ”
1063 845 1209 929 significat

109 943 321 1004 aversionem
348 961 487 1022 gravem
516 962 537 1003 a
566 941 657 1004 bono
687 952 722 1005 et
751 941 831 1005 inde
856 941 1133 1018 damnationem;
1159 946 1206 1002 “rt

109 1035 399 1098 excandescentia
423 1053 537 1098 eorum
558 1037 636 1117 quia
658 1035 764 1098 dura”
782 1036 952 1116 significat
976 1036 1201 1098 aversionema

109 1150 190 1192 vero
215 1129 312 1207 inde;
343 1130 521 1192 “dividam
546 1150 605 1191 eos
629 1131 662 1191 in
685 1128 838 1209 Jacobo”
862 1130 1033 1212 significat
1057 1130 1139 1212 quod
1159 1129 1198 1191 illa

109 1221 192 1285 tides
208 1224 252 1286 ab
267 1223 411 1285 ecclesia
428 1234 573 1286 externa
589 1224 632 1286 sit
649 1225 931 1300 exterminanda;
959 1231 1023 1287 “et
1035 1224 1194 1305 dispergam

109 1334 169 1376 eos
195 1314 228 1375 in
256 1313 408 1377 Israele”
430 1314 601 1394 significat
623 1313 714 1395 quod
740 1315 785 1376 ab
806 1315 955 1378 ecclesia
981 1316 1121 1377 interna.
1155 1328 1195 1385 rsit

109 1409 168 1454 haec
183 1409 276 1465 plenius
289 1410 407 1467 explicato
420 1409 545 1455 videantur
558 1410 582 1453 in
597 1410 701 1454 Arcans'r
717 1410 862 1461 caelestibus,
877 1424 901 1455 11.
916 1411 1073 1468 6351-6361.)
1118 1391 1192 1473 Quod

110 1494 180 1546 tres
207 1485 303 1565 primi
331 1483 398 1556 filii,
423 1505 545 1566 nempe
570 1485 722 1558 Reuben,
747 1485 884 1548 Simeon
909 1496 944 1549 et
969 1486 1063 1560 Levi,
1086 1493 1191 1566 apatre

111 1579 235 1641 israele
248 1575 360 1658 rejei'ti
374 1589 408 1642 et
423 1579 575 1642 damnati
587 1579 718 1652 suerint,
730 1589 783 1642 est
796 1599 898 1642 causa
911 1581 988 1662 quia
1001 1581 1034 1642 in
1047 1578 1191 1661 prophetia

110 1672 167 1733 illa
176 1673 289 1753 agitur
299 1673 341 1735 de
353 1674 598 1736 instauratione
608 1672 773 1735 ecclesiae
786 1694 793 1749 ;
813 1683 847 1736 et
859 1673 1007 1737 ecclesia
1017 1694 1084 1737 non
1095 1675 1191 1736 instau-

109 1776 203 1828 ratur
220 1765 395 1847 perfidem
415 1778 608 1847 separatam
628 1788 647 1828 a
666 1767 845 1840 charitate,
863 1768 922 1830 sed
942 1789 962 1830 a
982 1790 1063 1831 vero
1079 1778 1111 1831 et
1126 1768 1190 1829 bono

109 1880 195 1941 quae
211 1881 231 1922 a
247 1859 395 1923 Domino
409 1881 416 1922 ε
443 1861 537 1941 lapsa
550 1863 639 1924 enim
653 1870 725 1923 erat
739 1862 884 1924 ecclesia
896 1863 1002 1924 etiam
1015 1883 1057 1925 eo
1072 1872 1191 1942 tempore

110 1955 142 2016 in
166 1974 313 2018 errorem
336 1956 427 2036 quod
451 1955 560 2018 solum
585 1957 669 2018 scire
692 1955 855 2031 Verbum,
879 1976 919 2018 ac
943 1957 1057 2020 dicere
1078 1951 1191 2038 quodid

109 2046 263 2111 saniium
293 2050 348 2121 sit,
377 2060 468 2112 esset
496 2050 677 2112 essentiale
705 2049 880 2124 ecclesiae,
909 2061 945 2113 et
974 2070 1042 2114 non
1067 2053 1129 2114 vita
1152 2065 1191 2109 seu

110 2143 281 2218 charitas;
309 2154 345 2205 et
369 2144 459 2225 quod
487 2144 579 2205 Deus
602 2144 687 2206 caeli
710 2154 745 2207 et
769 2154 879 2207 terrae
903 2145 989 2207 alius
1012 2156 1100 2208 esset
1119 2158 1191 2225 quan

110 2237 295 2300 Dominus:
321 2239 398 2300 ideo
414 2239 446 2299 in
464 2238 643 2319 prophetia
659 2237 717 2300 illa
733 2237 927 2318 rejiciuntur
943 2249 1014 2302 tres
1030 2238 1084 2302 filii
1100 2239 1192 2320 prirno-

109 2333 216 2413 geniti
238 2332 390 2404 Reuben,
408 2331 545 2395 Simeon
562 2342 597 2395 et
617 2332 711 2406 Levi,
725 2334 884 2413 quoniam
901 2353 961 2414 per
979 2324 1192 2396 “Reubenen”

110 2427 318 2507 significatur
334 2427 407 2489 sola
424 2426 517 2499 fides,
536 2448 594 2509 per
612 2425 833 2490 “Simeonem
842 2427 857 2452 '’
873 2426 958 2490 fides
975 2429 1098 2509 absque
1112 2422 1191 2489 chari·

111 2531 194 2593 tate,
220 2532 255 2583 et
279 2542 337 2602 per
360 2521 519 2582 “Levin”
542 2541 609 2583 non
633 2522 759 2584 bonum
783 2521 983 2598 charitatis;
1007 2521 1135 2604 proinde
1153 2533 1193 2600 per

110 2616 186 2677 illos
201 2626 271 2678 tres
284 2618 316 2678 in
331 2617 425 2687 serie,
441 2635 507 2677 non
521 2616 685 2678 ecclesia:
710 2616 846 2697 quando
859 2617 949 2678 enim
963 2619 1133 2679 assumitur
1142 2609 1192 2674 sola

110 2709 192 2772 fides
215 2730 275 2790 pro
294 2710 466 2771 essentiali
486 2711 614 2783 salutis,
636 2720 715 2772 tunc
737 2710 827 2772 illico
847 2710 994 2789 rejicitur
1013 2711 1154 2778 charitas,
1167 2711 1191 2764 et

110 2801 283 2884 spediatur
300 2805 385 2865 sicut
406 2803 528 2865 nullius
547 2805 715 2866 essentiae
735 2814 769 2866 et
789 2803 913 2865 valoris
929 2805 1042 2885 quoad
1061 2803 1190 2869 salutem

110 2907 145 2959 et
159 2899 238 2977 quia
252 2897 298 2958 illi
316 2908 384 2960 tres
398 2897 481 2959 haec
496 2899 559 2959 tria
572 2896 857 2977 significaverunt,
870 2899 948 2959 ideo
965 2895 1077 2978 rejecti
1091 2888 1191 2958 suntab

111 2990 237 3053 israele
251 3002 358 3072 patre,
374 3013 431 3072 per
445 3011 544 3072 quern
558 2991 766 3072 significatur
778 2991 932 3053 ecclesia.
966 2992 1050 3055 Tres
1062 2991 1104 3054 illi
1115 2988 1189 3052 etiam

110 3086 328 3167 perdiderunt
345 3087 671 3166 repraesentativum
688 3087 873 3163 ecclesiae;
898 3087 1042 3149 Reuben
1058 3082 1156 3168 perid,

160 3218 238 3282 Quod
251 3219 423 3345 cpncubuerit
435 3234 494 3268 cum
512 3219 589 3267 Bilha
601 3219 698 3268 ancilla
710 3230 736 3268 et
750 3221 900 3268 concubina
913 3220 997 3281 patris
1009 3221 1051 3270 sui
1061 3219 1124 3282 (Gen.
1132 3222 1188 3265 ιω·

241 3296 271 3332 22
291 3298 297 3341 ;
531 3289 537 3305 ⁸

110 3418 148 3460 ac
169 3397 304 3460 Simeon
324 3408 358 3460 et
378 3398 471 3471 Levi,
490 3419 549 3479 per

165 3511 243 3575 Quod
261 3512 405 3559 occiderint
422 3511 592 3569 Charnorem,
610 3512 692 3560 lilium
709 3512 767 3574 ejus
785 3513 952 3569 Sechemum,
969 3529 1000 3562 ac
1019 3523 1098 3562 totam
1114 3509 1186 3558 urbem·

240 3592 307 3638 quae
326 3587 381 3625 erat
399 3592 466 3638 gens
484 3592 517 3625 ex
536 3576 677 3635 Chamore,
693 3593 725 3626 ex
743 3578 800 3626 sola
818 3593 900 3626 causa
917 3580 980 3641 quia
993 3580 1090 3628 amavit
1101 3577 1187 3625 sororem

240 3657 332 3690 eorum
347 3641 444 3690 Dinam
457 3642 529 3701 (Gen.
541 3643 631 3692 xxxiv.
646 3656 656 3690 1
670 3645 704 3691 ad
717 3643 790 3703 fin),

110 3785 168 3846 per
194 3766 284 3847 quod
313 3762 436 3828 sactum
465 3767 496 3828 in
522 3787 621 3829 sensu
648 3767 809 3848 spirituali
835 3766 1043 3847 significatur
1066 3762 1140 3849 quod
1156 3750 1187 3818 illl

111 3860 177 3921 duo
196 3858 252 3920 filii
274 3859 403 3939 Jacobi,
424 3859 487 3922 hoc
511 3870 575 3933 est,
595 3861 628 3922 id
652 3861 814 3923 ecclesiae
838 3862 927 3942 quod
953 3881 1012 3941 per
1032 3863 1119 3924 binos
1137 3850 1187 3917 illos

109 3963 399 4033 repraesentatum
423 3963 487 4026 est,
508 3956 737 4016 exstinxerint
758 3975 872 4016 verum
893 3965 927 4017 et
953 3956 1077 4017 bonum
1099 3943 1188 4014 Eccle-

109 4050 177 4110 siae
205 4047 388 4129 Antiquae,
420 4069 505 4130 quae
529 4049 672 4111 ccclesia
701 4049 809 4111 adhuc
838 4060 1010 4130 superstes
1037 4058 1104 4112 erat
1128 4030 1190 4138 apul

109 4141 285 4204 Chamoris
304 4153 464 4222 gentem
490 4163 548 4222 per
567 4143 599 4205 id
622 4141 746 4206 sedium
766 4144 855 4205 enim
879 4145 911 4204 in
936 4164 1038 4205 sensu
1060 4128 1190 4223 spiritual

107 4234 360 4316 significabatur
385 4237 475 4318 quod
503 4237 586 4299 tides
614 4248 771 4316 separata
797 4258 816 4298 a
846 4237 1016 4301 charitate
1043 4233 1192 4315 extinguat

107 4346 207 4393 omne
231 4350 346 4391 verum
370 4340 404 4392 et
428 4331 552 4392 bonum
576 4331 758 4394 ecclesiae:
790 4332 823 4393 id
850 4332 975 4413 itaque.
988 4342 1052 4406 est,
1075 4329 1156 4413 quod
1172 4323 1195 4385 ll

107 4425 218 4504 specie
238 4423 439 4504 intelligitur
457 4445 516 4505 per
535 4425 668 4487 Israelis
687 4427 799 4500 verba,
820 4431 840 4457 ‘⁴
852 4425 891 4487 ln
915 4436 1084 4489 secretum
1105 4434 1200 4488 eorum
