2684 4988
352 486 437 546 cns.
453 494 514 558 vr,
531 495 632 546 vans.
652 497 779 564 14-1t.
794 474 929 568 405[gr].
1142 484 1207 570 9¹⁴9

214 681 291 743 super
309 664 384 716 tecto
399 661 434 715 ne
448 666 602 716 descendito
620 668 647 715 in
661 666 794 716 domum”
808 665 904 730 (Marc.
916 669 970 719 xiii.
985 681 1081 730 1415:
1104 627 1218 719 Martis

212 747 281 782 mv.
295 729 364 797 [¹5]
378 730 432 797 16[,
446 728 505 796 17];
523 731 585 782 Luc.
597 733 651 783 xxi.
663 733 718 794 τηε

110 850 282 928 describitur
309 867 343 928 in
372 866 411 928 iis
435 865 601 946 capitibus
623 886 644 928 a
667 865 816 928 Domino
843 867 1035 929 successiva
1057 869 1206 930 vastatio

108 958 256 1032 ecclesiae,
267 959 327 1022 sed
341 960 543 1022 describitur
553 979 612 1040 per
622 979 730 1021 meras
741 960 1077 1040 correspondentias:
1100 966 1119 992 ‘⁶
1129 975 1205 1022 cum

104 1052 233 1135 fidentis
248 1055 538 1117 abominationem
554 1053 818 1116 devastationis'’
834 1052 1000 1134 significat
1017 1074 1092 1116 cum
1105 1054 1205 1139 disci·⁸

106 1147 167 1228 pti,
182 1148 242 1212 hoc
261 1160 327 1223 est,
344 1147 393 1211 illi
412 1149 469 1230 qui
487 1149 520 1211 in
537 1149 624 1210 veris
643 1169 687 1210 ex
704 1149 806 1218 bono,
825 1149 1011 1228 percipiunt
1032 1148 1205 1213 devastari

106 1242 271 1314 ecclesiam,
285 1243 380 1325 'quod
398 1241 434 1305 tit
454 1242 589 1324 quando
608 1262 675 1304 non
692 1241 836 1322 amplius
853 1262 968 1304 verum
988 1252 1040 1304 est
1059 1243 1115 1322 qui
1136 1261 1202 1303 non

106 1336 219 1409 binum,
230 1358 289 1399 seu
302 1358 371 1399 non
385 1336 468 1399 lides
480 1338 557 1418 quia
570 1356 637 1399 non
648 1337 813 1399 charitas:
840 1341 949 1398 “tunc
963 1337 1017 1417 qui
1031 1336 1062 1397 in
1074 1335 1205 1416 Judaea

105 1429 235 1512 lugiunto
251 1452 352 1512 super
371 1431 529 1493 montes”
544 1429 712 1511 significat
728 1430 818 1512 quod
838 1431 893 1511 qui
912 1430 955 1492 ab
971 1429 1116 1493 ecclesia
1134 1430 1216 1492 Do··

106 1526 168 1587 mini
181 1535 256 1588 sunt
274 1527 486 1606 permansuri
502 1526 569 1587 sint
589 1526 622 1586 in
642 1526 733 1587 bono
749 1526 892 1600 amoris;
917 1543 975 1603 per
992 1523 1206 1604 “judaeam'’

106 1618 291 1709 ⁸s'gnilicatur
307 1618 456 1681 ecclesia
473 1618 619 1691 Domini,
634 1630 668 1681 et
685 1638 745 1698 per
762 1624 926 1680 “montes
935 1617 949 1640 ”
965 1619 1056 1680 bona
1070 1620 1206 1688 amoris,

107 1701 254 1794 '‘lugere''
273 1714 307 1775 in
331 1712 409 1775 illos
424 1723 478 1776 'est
501 1712 533 1774 in
554 1711 618 1775 illis
637 1731 792 1775 manere:
826 1713 909 1794 “qui
928 1729 1027 1792 super
1049 1709 1143 1774 tecto
1160 1731 1204 1774 ne

107 1806 283 1871 descendito
296 1810 330 1869 in
341 1808 479 1869 domum
489 1807 504 1830 ”
514 1806 680 1885 significat
693 1808 747 1889 qui
761 1808 793 1868 in
804 1808 957 1886 genuinis
970 1808 1056 1868 veris
1068 1816 1205 1866 maneat

109 1902 226 1978 inillis;
259 1901 435 1967 “domus”
457 1900 626 1982 significat
650 1901 823 1963 hominem
848 1902 957 1981 quoad
982 1901 1095 1962 omnia
1118 1901 1206 1962 inte·

108 1997 172 2060 tiara
185 2018 270 2080 quae
288 1997 413 2058 mentis
426 1995 494 2076 ejus
512 2006 602 2064 sunt,
616 2005 651 2057 et
668 1995 745 2057 inde
766 1992 922 2057 “tedium
940 1995 1059 2056 domus
1068 1994 1083 2017 ”
1099 1995 1205 2073 signi·

111 2084 167 2153 int
175 2091 438 2171 intelligentiam
448 2109 533 2170 quae
541 2110 585 2150 ex
594 2090 748 2170 genuinis
756 2090 854 2160 veris,
864 2090 911 2150 ita
919 2109 1051 2170 quoque
1060 2088 1207 2168 genuina

111 2196 168 2247 tera
181 2205 238 2266 per
255 2205 341 2266 quae
361 2183 599 2264 intelligentia.
644 2181 678 2245 Si
695 2200 763 2244 non
780 2201 900 2244 sensus
915 2183 1096 2262 spiritualis
1112 2181 1205 2242 illus·

113 2284 191 2341 taret
214 2279 351 2359 singula
374 2299 459 2360 quae
483 2279 515 2338 in
539 2277 604 2339 illis
628 2277 794 2358 capitibus
818 2277 905 2356 apud
929 2275 1206 2358 Evangclt'stasa

113 2368 233 2436 Domino
245 2370 339 2436 dicta
351 2382 441 2444 sunt,
456 2373 513 2433 vix
531 2372 671 2433 sciretur
687 2368 812 2452 aliquid
829 2371 918 2452 quod
935 2372 978 2432 ibi
991 2371 1186 2433 continetur
1199 2393 1205 2440 ;

113 2464 229 2548 itaquid
253 2468 341 2530 soret
361 2466 451 2549 quod
473 2467 555 2548 “qui
580 2485 679 2546 super
697 2463 791 2527 tello
811 2485 852 2526 ne
876 2464 1063 2526 descendat
1088 2465 1120 2525 in
1145 2465 1205 2525 do·

114 2563 205 2632 num‚”
223 2575 259 2625 et
276 2562 367 2634 alibi,
387 2561 477 2643 quod
503 2561 587 2641 “qui
610 2561 643 2622 in
663 2579 747 2641 agro
759 2565 812 2621 'ne
836 2570 1024 2622 revertatur
1047 2570 1139 2621 retro
1162 2559 1204 2621 ad

115 2655 274 2718 tollendum
295 2657 501 2718 vestimenta
524 2673 583 2716 sua
595 2654 622 2730 ;''
644 2665 679 2717 et
700 2653 794 2734 plura
813 2651 888 2715 alia.

155 2745 211 2829 [90]
245 2746 426 2809 Hactenus
440 2747 621 2819 ostensum
641 2755 694 2807 est
714 2744 806 2826 quod
827 2744 1019 2806 “montes''
1034 2745 1067 2806 in
1084 2742 1203 2806 Verbb

116 2836 277 2918 'significent
298 2840 389 2900 bona
408 2838 553 2914 amoris;
577 2847 612 2899 et
631 2838 708 2918 quia
727 2835 887 2918 pleraque
911 2837 943 2898 in
963 2836 1080 2898 Verbo
1100 2837 1203 2897 etiam

116 2936 278 3011 oppositum
304 2953 439 2994 sensum
463 2932 601 3004 habent,
621 2933 669 2994 ita
692 2933 795 2993 etiam
816 2929 1010 3004 “montes''
1028 2931 1083 3012 qui
1107 2931 1140 2992 in
1164 2950 1205 2993 eo

116 3040 187 3088 sensu
204 3026 397 3108 significant
422 3026 511 3088 mala
530 3027 663 3098 amoris,
684 3046 741 3087 seu
760 3024 849 3086 mala
868 3045 952 3106 quae
973 3045 1017 3086 ex
1037 3025 1205 3086 amoribus

116 3121 148 3181 ui
161 3134 189 3185 et
208 3123 323 3184 mundi
340 3123 540 3183 scaturiunt.
585 3120 624 3182 In
644 3121 708 3182 hoc
726 3140 825 3181 sensu
842 3120 997 3181 dicuntur
1017 3129 1153 3181 montes
1172 3120 1204 3180 in

115 3219 304 3296 sequentibus
324 3216 407 3278 locis
426 3217 459 3278 in
480 3215 596 3277 Verbo
608 3213 765 3294 2-Apud
784 3212 935 3287 Esaiam,

148 3348 226 3399 “Dies
237 3349 359 3414 Jehovae
371 3347 491 3397 Zebaotlt
504 3348 593 3396 veniet
607 3361 688 3409 super
699 3361 807 3395 omnem
821 3346 991 3408 magnificum
1004 3357 1031 3395 et
1044 3346 1201 3403 altum..

216 3428 243 3464 et
254 3429 337 3477 super
349 3419 444 3462 omnes
458 3419 565 3462 tn'ontes
576 3411 654 3471 altos,
666 3422 693 3461 et
704 3423 785 3474 super
797 3424 892 3460 ornnes
901 3412 984 3460 colles
993 3412 1079 3460 elatos
1089 3411 1103 3430 '⁹
1115 3413 1152 3472 (it.
1165 3422 1204 3469 ιι,

217 3481 257 3540 14)
267 3498 272 3529 :

109 3607 154 3677 per
167 3605 279 3668 “diem
290 3604 443 3686 Jehovae
456 3602 611 3666 Zebaoth
620 3603 635 3626 ”
651 3601 851 3683 intelligitur
864 3600 1018 3664 ultimum
1032 3602 1204 3684 judicium,

108 3700 221 3776 quando
239 3699 358 3762 malie
382 3698 554 3761 montibus
573 3705 608 3760 et
631 3695 784 3770 collibus,
803 3705 888 3777 quos
910 3698 942 3758 in
964 3697 1090 3759 mundo
1110 3699 1204 3777 spiriss

107 3790 171 3855 lnali
191 3802 454 3874 occupaverunt,
475 3787 596 3872 dejeeti
619 3800 707 3863 sunt,
729 3801 764 3852 ut
788 3791 820 3852 in
844 3789 940 3853 initio
959 3789 1054 3871 hujus
1073 3787 1206 3854 articuli

106 3878 211 3950 litium
229 3900 302 3950 est:
333 3898 368 3949 et
392 3888 470 3969 quia
489 3883 577 3947 tales
595 3904 694 3965 super
714 3885 885 3946 montibus
904 3895 939 3947 et
963 3885 1105 3947 collibus
1124 3888 1208 3948 ante

105 3977 237 4045 utimum
261 3982 425 4061 judicium
452 3979 595 4052 luerunt,
623 3977 700 4041 ideo
727 3998 786 4058 per
814 3984 979 4040 “montes
1009 3987 1043 4039 et
1075 3977 1208 4062 colles’f

105 4064 319 4156 intelliguntur
342 4093 476 4135 amores
496 4082 530 4135 et
554 4072 631 4134 inde
655 4071 745 4133 mala
767 4073 799 4132 in
819 4072 938 4153 quibus
961 4071 1113 4148 suerunt;
1146 4079 1207 4151 per

105 4167 272 4232 “montes'’
295 4167 388 4231 mala
410 4168 535 4229 amoris
559 4167 618 4238 sui,
642 4177 677 4228 et
706 4184 765 4245 per
789 4165 945 4227 '‘colles''
970 4165 1059 4226 mala
1082 4167 1206 4226 amoris

104 4265 206 4326 mundi.
252 4262 438 4326 Sciendum
458 4259 620 4341 estquod
640 4261 833 4341 omnesqui
857 4260 890 4321 in
909 4278 1024 4321 amore
1045 4259 1094 4319 sui
1113 4258 1203 4328 sunt,

104 4351 241 4438 inprimis
261 4359 317 4440 qui
338 4359 372 4418 in
392 4375 507 4417 amore
525 4353 721 4432 imperandi.
742 4353 774 4414 in
798 4365 929 4415 summa
948 4351 1104 4431 cupidine
1124 4352 1204 4418 sint.

104 4446 206 4516 lumin
224 4451 391 4515 mundum
409 4447 617 4530 spiritualem
632 4448 781 4519 veniunt,
795 4445 828 4508 ln
845 4445 915 4508 alta
931 4445 1007 4508 loca
1023 4462 1059 4506 se
1076 4441 1203 4516 efferre,
