2684 4988
122 481 204 531 tona
428 477 678 530 APOCALYPSIS
702 476 928 527 Exeucm

166 648 288 715 Jelrovalr
301 649 489 711 “contignatis
500 649 576 711 aquis
585 648 700 697 triclinia
711 661 768 705 sua,
778 648 855 709 ponit
867 649 953 697 nubes
965 662 1064 696 currum
1075 656 1187 704 suerum·

247 715 321 764 bulat
337 729 418 777 super
434 715 484 762 alis
504 715 584 770 venti,
601 713 663 763 facit
680 713 792 774 angelos
810 727 875 762 suos
893 723 998 771 ventos,
1017 713 1135 762 ministros
1147 721 1189 761 ruet

249 781 339 842 ignem
353 777 558 828 flammantem”
572 778 629 840 (Ps.
640 778 691 828 civ.
703 790 727 838 3,
736 781 779 838 4);

118 941 178 1002 per
195 917 357 999 “aquas’'
373 917 507 978 “nubes
516 915 531 939 ”
546 925 582 978 et
603 916 702 978 “alas
720 916 837 979 venti”
853 915 1058 997 significatur
1076 916 1193 978 Divinum

119 1012 247 1075 Verum
277 1013 309 1073 in
338 1010 475 1083 ultimis,
499 1009 590 1092 quod
618 1020 671 1073 est
699 1010 785 1072 sicut
812 1029 928 1074 verum
958 1030 1072 1073 sensus
1098 1010 1194 1072 litterae

118 1105 243 1169 Verbi:
273 1105 439 1186 quiahoc
463 1106 495 1166 in
523 1103 649 1166 ultimis
676 1114 740 1176 est,
764 1105 886 1167 dicitur
913 1104 1004 1186 quod
1028 1105 1195 1184 “contiguet

116 1201 211 1284 aquis
241 1199 384 1263 triclinia
410 1220 480 1271 sua,
511 1209 617 1280 ponat
647 1200 752 1261 nubes
786 1219 918 1261 currum
949 1219 1053 1274 suum,
1082 1198 1196 1261 ambulet

117 1315 216 1376 super
237 1293 299 1356 alis
318 1294 410 1355 venti
423 1292 449 1370 ;''
479 1293 637 1375 “aquae''
659 1302 736 1355 sunt
760 1314 840 1355 vera
862 1295 895 1355 in
920 1293 1055 1366 ultimis,
1075 1290 1197 1354 “nubes”

116 1399 152 1451 et
176 1388 279 1450 “alae
302 1387 418 1450 venti”
447 1388 609 1460 similiter,
634 1386 799 1450 “currus''
821 1398 874 1450 est
898 1409 1014 1450 verum
1041 1385 1196 1450 doctrinae:

116 1482 206 1565 quod
227 1482 354 1545 “faciat
373 1481 515 1563 angelos
534 1503 612 1545 suos
630 1493 762 1555 ventos
779 1492 814 1545 et
834 1483 1006 1545 ministros
1024 1503 1099 1545 suos
1115 1484 1196 1562 ignem
1235 1506 1240 1551 ⁴.

116 1575 375 1647 flammantem.”
390 1575 557 1657 significat
571 1575 664 1658 quod
679 1576 779 1639 faciat
795 1575 871 1638 illos
887 1587 923 1637 ut
940 1578 1007 1638 sint
1026 1577 1196 1658 receptiones
1237 1562 1240 1655 l

117 1672 228 1734 Divini
252 1669 335 1733 Veri
357 1691 396 1733 ac
421 1671 533 1733 Divini
559 1670 663 1747 Boni;
694 1691 753 1752 per
782 1670 953 1751 “angelos
963 1671 978 1695 ”
1004 1671 1197 1752 intelliguntur
1238 1712 1240 1761 Ι

118 1767 173 1847 qui
200 1766 232 1827 in
256 1784 363 1845 regno
386 1764 549 1846 spirituali
577 1764 713 1826 Domini
740 1773 829 1837 sunt,
853 1766 909 1846 qui
935 1766 1012 1846 quia
1034 1765 1195 1845 recipientes
1237 1768 1240 1847 l

118 1859 229 1922 Divini
248 1857 330 1921 Veri
349 1870 439 1930 sunt,
459 1860 580 1922 dicitur
598 1859 688 1941 quod
710 1858 838 1921 “faciat
860 1879 919 1921 eos
938 1870 1058 1922 ventos
1069 1860 1093 1933 ;''
1115 1868 1142 1920 et
1157 1874 1196 1937 per

118 1961 137 1986 ¹⁸
147 1955 316 2016 ministros
324 1952 339 1975 ’'
352 1952 587 2033 intelliguntur
598 1954 653 2034 qui
669 1955 701 2015 in
715 1972 821 2032 regno
835 1952 974 2015 caelesti
993 1953 1119 2015 Domini
1132 1958 1194 2020 sunt,
1237 1990 1240 2001 ·

116 2048 170 2129 qui
189 2049 266 2130 quia
285 2049 486 2128 recipientes
506 2047 617 2109 Divini
638 2047 723 2109 Boni
743 2058 833 2119 sunt,
854 2048 976 2110 dicitur
995 2048 1083 2130 quod
1102 2046 1194 2108 “saciat
1238 2118 1240 2129 Ι

117 2142 192 2205 illos
210 2143 323 2223 ignem
341 2141 571 2203 flammantem
586 2140 612 2217 ;”
636 2142 751 2222 “ignis
770 2141 946 2203 flammans
955 2142 970 2164 ”
988 2141 1139 2223 significat
1153 2140 1193 2200 bo·

119 2253 199 2297 num
217 2233 343 2295 amoris
365 2242 401 2295 et
424 2232 503 2294 inde
524 2252 652 2296 verum.
696 2248 824 2305 (Quoaun
838 2242 1194 2307 qmrnoegnospurmurnomu

116 2330 178 2374 sunt,
189 2322 235 2367 sint
251 2321 389 2379 recipientes
405 2320 485 2364 Divini
501 2320 565 2372 Veri,
578 2327 602 2365 et
616 2321 658 2378 qui
673 2321 697 2365 in
714 2333 788 2378 regno
804 2321 897 2366 caelesti
914 2322 1052 2378 recipientes
1068 2321 1134 2365 Divini
1148 2315 1193 2364 Boni.

116 2397 224 2442 videatur
237 2396 261 2440 in
275 2409 348 2453 opere
358 2396 397 2440 De
413 2395 481 2440 Caelo
494 2400 517 2438 ef
530 2395 632 2454 Insemo,
644 2408 667 2440 ιι.
679 2397 767 2440 ao-28:
783 2396 851 2452 quod
861 2396 940 2453 angeli
951 2397 1059 2441 dieantur
1069 2393 1082 2408 ‘¹
1089 2391 1167 2451 angei''
1174 2401 1193 2432 α

115 2476 251 2535 receptione
263 2474 342 2520 nenne
353 2457 887 2538 veremeuursupmm.130.1¹¹412[r]:
905 2476 1004 2531 ecquod
1015 2475 1107 2520 minam
1116 2473 1194 2518 uranu

116 2553 129 2569 '¹
138 2555 236 2600 ministri
244 2555 257 2569 '¹
265 2568 295 2599 ex
304 2554 440 2612 receptione
450 2553 529 2597 Divini
541 2553 609 2605 Boni,
616 2551 801 2598 videaturetiam
811 2567 890 2610 supra,
898 2567 921 2599 n.
934 2551 989 2618 155
1001 2569 1006 2600 :
1024 2562 1047 2599 et
1055 2542 1192 2612 quod''irnis''

114 2634 231 2694 ugntfieer
244 2634 336 2678 bonum
347 2632 442 2684 amorra,
454 2646 477 2677 n.
489 2616 551 2691 68.)
594 2616 700 2698 Apud
719 2616 877 2688 eundem,

168 2759 290 2826 Jehovah
307 2759 470 2807 “inclinavit
484 2759 581 2814 caelos,
598 2759 747 2816 descendit.
765 2769 792 2807 et
805 2759 891 2820 caligo
906 2760 956 2807 sub
971 2761 1080 2821 pedibus
1093 2756 1166 2820 ipsius.
1176 2760 1193 2798 ²1

244 2824 372 2887 equitavit
389 2838 470 2885 super
487 2824 612 2880 cherubo,
634 2824 742 2882 volavit,
759 2833 786 2873 et
800 2822 892 2874 vedius
907 2838 988 2888 super
1004 2826 1053 2874 alis
1066 2817 1191 2879 veuri”(l'³·

246 2890 318 2938 xviii.
334 2902 371 2946 ιο,
383 2901 411 2937 ιι
427 2887 472 2953 [B.
485 2891 519 2938 Α.
532 2905 555 2950 9,
571 2886 640 2953 10]).

115 3045 174 3108 per
195 3023 285 3106 quod
313 3021 494 3102 “Jehovah
524 3020 698 3083 inclinavit
725 3020 849 3095 caeloS,
875 3022 1082 3094 descendit,”
1101 3010 1191 3099 signil-

114 3129 209 3183 catur
225 3117 374 3180 visitatio
389 3135 474 3197 quae
489 3115 661 3196 praecedit
678 3114 832 3178 ultimum
841 3115 1003 3196 judicium
1016 3138 1023 3192 ;
1047 3137 1100 3198 per
1114 3106 1190 3172 “cali-

113 3215 228 3295 ginem
250 3212 311 3274 sub
330 3210 470 3291 pedibus
491 3208 621 3290 Ipsius‘'
639 3207 846 3290 significatur
868 3210 901 3272 in
921 3210 1117 3294 inferioribus
1135 3201 1191 3267 falsa

116 3308 213 3384 mali;
238 3327 296 3388 per
311 3305 503 3387 “equitavit
520 3324 619 3384 super
635 3305 794 3378 cherubo,
805 3303 933 3366 volavit
951 3317 987 3367 et
1004 3303 1110 3367 vedius
1123 3312 1191 3376 super

113 3403 175 3465 alis
200 3400 316 3464 venti”
339 3397 545 3478 significatur
568 3399 832 3478 omnipresentia
861 3418 937 3460 cum
962 3399 1099 3472 Diviuo;
1119 3388 1190 3452 “³1³0

111 3495 207 3557 venti
216 3493 231 3517 ”
249 3500 328 3554 sunt
348 3489 510 3552 Divinum
526 3488 657 3551 Verum
675 3491 709 3551 in
728 3488 854 3552 ultimis
873 3504 910 3564 (ur
921 3506 1015 3564 supra).
1047 3484 1137 3570 Apud
1148 3477 1190 3553 Jt·

116 3586 266 3657 remiam,

163 3716 287 3769 “Fadior
301 3728 388 3767 terrae
405 3731 454 3778 per
467 3716 594 3764 virtutem
612 3730 698 3773 suam,
714 3729 881 3777 praeparans
898 3716 992 3763 orbem
1007 3729 1055 3777 per
1067 3704 1190 3775 sapientiem

242 3778 328 3839 suain,
339 3796 386 3844 per
395 3781 602 3842 intelligentiam
610 3795 686 3829 suam
696 3780 816 3829 extendit
826 3780 915 3828 caelos
926 3794 931 3836 ;
950 3781 985 3828 ad
994 3795 1086 3828 vocem
1093 3765 1192 3841 quartd²t

243 3849 300 3905 Ille,
312 3846 457 3897 multitudo
467 3861 598 3909 aquarum
608 3847 636 3895 in
646 3846 727 3895 caelis
736 3860 742 3902 ;
757 3856 784 3894 et
793 3846 938 3894 ascendere
948 3845 1014 3894 facit
1024 3857 1127 3907 vapores
1136 3830 1193 3915 afim

241 3924 337 3970 terrae,
352 3913 459 3974 fulgura
472 3912 552 3961 imbri
567 3912 639 3971 facit,
654 3921 680 3961 et
694 3911 782 3960 educit
796 3919 906 3960 ventum
921 3925 935 3959 e
950 3911 1084 3960 thesauris
1095 3901 1153 3958 suis'
1168 3893 1193 3953 (ι

243 3992 281 4037 12,
294 3991 338 4038 r3;
357 3992 415 4040 cap.
426 3978 453 4026 li.
466 3978 566 4040 15,16):

112 4116 147 4172 et
167 4103 257 4186 apud
276 4101 451 4176 Davidem,

160 4216 239 4283 “Qui
257 4216 403 4264 ascendere
423 4215 487 4263 facit
504 4230 619 4278 vapores
637 4216 671 4264 ab
692 4215 859 4263 extremitate
881 4224 978 4272 terrae,
994 4212 1097 4277 fulgura
1115 4195 1206 4274 ρίιινὶδὲ

238 4282 311 4339 facit,
324 4281 369 4344 qui
381 4281 470 4330 educit
483 4292 592 4330 ventum
605 4296 620 4329 e
632 4280 766 4329 thesauris
778 4280 834 4329 suis
842 4279 856 4298 '⁹
868 4279 925 4340 (Ps.
937 4292 1036 4329 cxxxv.
1047 4279 1086 4340 7):

108 4448 167 4512 per
186 4425 269 4488 haec
290 4423 322 4484 in
343 4441 444 4483 sensu
461 4420 625 4502 spirituali
645 4410 844 4483 describitur
860 4418 1054 4483 reformatio
1069 4394 1214 4482 hornislis¹
