2684 4988
112 492 192 554 1160
418 500 669 552 nrocnurrms
691 499 919 551 sxrutcnrn.

163 672 246 722 Dives
260 671 327 722 dixit
344 671 379 721 ad
393 671 586 727 Abrahamum
602 669 758 720 “Miserere
777 670 840 725 mei.
854 679 882 719 et
900 670 978 719 mitte
996 668 1119 718 lazarum
1133 677 1154 717 ut
1166 667 1191 717 in·

237 739 323 799 tingat
330 747 478 786 extremum
488 736 563 798 digiti
577 736 605 784 in
619 749 724 799 aquam.
736 745 765 785 ut
779 736 921 798 refrigeret
929 735 1051 797 linguam
1059 734 1192 796 meamque

237 803 340 851 crucior
351 803 378 850 in
391 801 500 850 flamma
511 802 560 850 hac
568 799 583 819 ’'
594 800 660 862 (xvi.
671 800 728 862 ul:

107 948 140 1008 in
160 947 223 1008 hac
244 944 416 1026 parabola,
434 945 521 1008 sicut
539 944 573 1006 in
592 943 742 1026 reliquis,
761 943 929 1006 Dominus
948 963 1010 1025 per
1028 959 1191 1023 correspon-

108 1041 242 1104 dentias
262 1039 395 1102 locutus
413 1047 488 1115 est;
519 1047 556 1101 ut
579 1048 740 1101 constare
763 1047 879 1119 potest
903 1058 949 1100 ex
970 1057 1023 1111 eo,
1045 1036 1126 1119 quod
1143 1052 1190 1097 non

108 1155 168 1215 per
199 1133 392 1196 “divitem’'
422 1132 658 1213 intelligantur
688 1132 822 1206 divites,
856 1150 918 1194 nec
950 1151 1013 1213 per
1039 1128 1190 1193 “Abraha-

108 1247 200 1290 mum
208 1228 224 1251 ”
240 1227 429 1301 Abraham,
450 1246 512 1290 nec
532 1247 591 1309 per
611 1225 785 1310 “aquam''
803 1246 870 1308 qua
889 1225 1040 1288 Lazarus
1060 1222 1190 1304 “refrige-

109 1330 198 1384 raret
228 1320 402 1402 linguam”
431 1341 518 1403 aqua
548 1330 584 1383 et
615 1319 741 1401 lingua,
775 1339 884 1401 neque
915 1339 977 1402 per
1005 1312 1191 1381 “flammam''

108 1413 254 1484 flamma.
276 1434 354 1477 nam
376 1415 408 1476 in
432 1414 561 1477 inferno
580 1433 682 1477 nemo
705 1434 764 1495 per
782 1413 936 1476 flammas
956 1414 1132 1476 cruciatur:
1150 1406 1190 1471 sed

109 1529 168 1590 per
193 1509 384 1572 “divitem”
406 1509 643 1590 intelliguntur
669 1508 717 1571 illi
739 1508 795 1590 qui
822 1509 865 1570 ab
894 1506 1041 1571 ecclesia
1066 1516 1134 1569 sunt
1155 1501 1191 1566 ubi

110 1601 271 1675 Verbum,
297 1624 341 1664 ex
365 1623 431 1684 quo
458 1602 534 1669 illis.
547 1603 685 1665 divitiae
708 1600 909 1684 spirituales,
935 1621 1023 1683 quae
1047 1610 1119 1663 sunt
1137 1614 1192 1659 vera

109 1694 304 1772 doctrinam
335 1716 438 1779 quare
465 1697 510 1758 ibi
537 1716 596 1779 per
621 1696 789 1758 “divitem
800 1695 815 1719 ”
839 1694 1077 1776 intelliguntur
1096 1688 1191 1774 Judael

109 1791 198 1872 apud
219 1812 302 1872 quos
322 1800 402 1853 tunc
425 1799 499 1854 erat
518 1789 689 1853 Verbum:
715 1810 774 1871 per
794 1787 1083 1852 “Abrahamum”
1100 1782 1192 1849 intelli·

109 1886 199 1964 gitur
220 1884 404 1958 Dominus;
430 1904 488 1965 per
508 1883 682 1966 “aquam''
701 1884 733 1945 in
753 1902 854 1965 quam
874 1883 1060 1963 intingeret
1079 1880 1192 1944 Lazarus

110 1988 304 2042 extremum
320 1979 417 2059 digiti
434 1976 644 2059 significatur
656 1997 771 2040 verum
787 1998 832 2040 ex
849 1975 987 2040 Verbo:
1012 1985 1047 2039 et
1063 1996 1116 2058 per
1127 1971 1192 2033 “lin-

109 2071 236 2150 guam''
253 2070 461 2151 significatur
480 2072 553 2135 sitis
572 2081 607 2134 et
626 2072 795 2153 cupiditas
814 2071 1029 2152 pervertendi
1047 2089 1121 2131 vera
1133 2080 1193 2148 quae

110 2165 143 2225 in
160 2163 277 2227 Verbo
293 2176 392 2242 sunt;
416 2176 451 2228 et
471 2186 530 2248 per
547 2165 770 2228 “flammam'‘
787 2185 897 2248 poena
917 2164 1005 2226 illius
1021 2158 1192 2245 cupiditatis.

111 2280 197 2340 quae
220 2270 271 2322 est
291 2261 383 2321 varia
407 2268 443 2322 et
463 2258 664 2341 multiplex:
688 2259 768 2322 inde
791 2269 887 2341 patet
906 2259 986 2342 quid
1009 2258 1067 2322 illa
1087 2259 1116 2319 in
1134 2251 1193 2315 serie

111 2352 325 2433 significant3
349 2362 384 2416 et
401 2353 491 2434 quod
511 2374 569 2435 per
587 2352 810 2434 “refrigerare
830 2354 981 2434 linguam
1001 2351 1105 2435 aqua’¹
1118 2345 1193 2430 signi·

112 2445 230 2509 licetur
246 2448 365 2509 sedare
382 2447 472 2509 sitim
490 2457 525 2510 et
542 2448 763 2528 cupiditatem
780 2448 996 2528 pervertendi
1012 2467 1099 2519 vera,
1114 2453 1142 2507 et
1154 2456 1193 2522 per

113 2539 171 2602 illa
195 2541 415 2603 confirmandi
439 2541 531 2603 salsa.
578 2540 660 2621 Quis
685 2561 752 2603 non
777 2541 889 2603 videre
914 2551 1030 2622 potest
1049 2538 1128 2623 quod
1146 2549 1193 2597 non

112 2634 324 2713 intelligatur
354 2635 443 2715 quod
478 2634 626 2697 Lazarus
660 2636 812 2698 mitteret
843 2644 1037 2697 extremum
1066 2631 1147 2714 digiti
1170 2626 1192 2687 in

111 2747 233 2807 aquam
253 2737 289 2789 ut
309 2728 519 2808 refrigeraret
541 2728 712 2810 linguam?
757 2728 860 2811 Apud
880 2729 1091 2803 Sacharrizm,

163 2873 179 2893 ‘¹
189 2870 263 2919 Haec
276 2871 325 2918 erit
340 2871 418 2932 plaga
433 2886 485 2933 qua
499 2873 626 2933 percutiet
639 2871 759 2935 Jehovah
773 2887 868 2920 omnes
883 2872 998 2934 populos
1012 2872 1056 2936 qui
1072 2866 1192 2934 pugnabunt

241 2945 334 2983 contra
356 2935 589 2997 Hierosolymam:
616 2939 786 2985 contabescet
807 2952 870 2985 caro
890 2938 1029 3000 cujusque.
1047 2946 1076 2986 ut
1096 2937 1141 2997 ipse
1157 2933 1192 3002 ⁵15¹

241 3016 321 3062 super
334 3003 445 3062 pedibus
457 3003 521 3056 suis.
537 3012 563 3051 et
578 3003 646 3050 oculi
661 3002 719 3063 ejus
734 3005 924 3050 contabescent
936 3005 964 3050 in
978 3003 1138 3051 loraminibus
1146 3003 1190 3044 ⁵111&

240 3081 271 3114 ae
284 3067 375 3127 lingua
387 3066 446 3127 ejus
458 3069 628 3115 contabescet
641 3068 667 3116 in
680 3083 726 3116 ore
739 3067 797 3129 ejus
805 3067 819 3085 '’
832 3068 895 3128 (xiv.
910 3069 965 3129 12):

111 3209 195 3272 haec
219 3205 309 3270 dicia
333 3218 411 3270 sunt
436 3207 479 3270 de
501 3207 567 3269 illis
589 3209 644 3291 qui
667 3219 834 3271 conantur
853 3209 1029 3273 destruere
1048 3227 1118 3272 vera
1133 3201 1190 3264 doc·

112 3306 219 3366 trinae
251 3324 308 3384 per
338 3302 444 3378 salsa;
479 3292 544 3364 lioc
575 3302 783 3383 significatur
812 3325 870 3385 per
899 3309 1080 3386 “pugnare
1106 3303 1191 3364 contra

113 3397 419 3477 Hierosolymam‚”
441 3401 459 3427 ‘⁴
472 3396 734 3476 Hierosolyma”
753 3399 841 3458 enim
861 3397 1032 3478 significat
1051 3390 1190 3460 ecclesian

110 3493 221 3574 quoad
249 3489 449 3562 doctrinam,
476 3501 510 3553 et
538 3491 615 3553 inde
642 3511 722 3553 vera
749 3488 923 3554 doetrinae
952 3493 1129 3563 ecclesiae;
1151 3494 1190 3562 per

111 3585 199 3666 quod
226 3585 481 3647 “contabescet
504 3584 609 3646 caro”
633 3583 839 3665 significatur
863 3586 953 3666 quod
982 3587 1145 3668 periturum
1161 3570 1189 3633 Sil

111 3699 211 3740 omne
235 3680 360 3740 bonum
384 3679 507 3741 amoris
531 3689 565 3741 et
590 3680 691 3751 vitae,
717 3679 748 3739 id
773 3680 862 3741 enim
887 3680 1020 3742 “caro’'
1043 3673 1189 3760 significat:

110 3793 168 3854 per
193 3781 312 3835 “stare
340 3794 438 3854 super
466 3773 606 3853 pedibus
634 3773 723 3834 suis'’
747 3772 948 3854 intelligitur
976 3795 1075 3855 super
1097 3765 1190 3833 ossibus

110 3868 236 3948 absque
253 3887 364 3937 carne,
383 3888 441 3947 per
458 3868 547 3948 quod
568 3866 777 3948 significatur
793 3868 883 3948 quod
903 3889 1039 3949 prorsus
1059 3856 1190 3930 naturales

110 3963 261 4041 corporei
292 3962 390 4023 futuri
420 3963 507 4037 sint;
540 3962 699 4043 “pedes''
727 3960 921 4041 significant
951 3962 1010 4024 illa
1038 3981 1115 4044 quae
1136 3952 1190 4017 sunl

110 4055 273 4117 naturalis
290 4048 446 4127 hominis,
465 4057 518 4119 hic
537 4057 649 4118 infima
666 4056 755 4136 ejus:
780 4056 870 4137 quod
889 4057 1007 4119 “oculi
1023 4057 1090 4137 ejus
1103 4055 1190 4117 conta·

111 4150 252 4212 bescent
276 4151 308 4211 in
333 4150 549 4213 foraminibus
573 4151 662 4212 suis''
685 4149 854 4230 significat
878 4151 969 4231 quod
997 4152 1146 4232 periturus
1160 4133 1191 4198 Sil

110 4244 218 4305 omnis
231 4241 425 4307 intellectus
438 4247 517 4316 veri,
532 4252 551 4276 ‘⁶
561 4246 649 4308 oculi
658 4246 672 4267 ”
685 4246 774 4307 enim
788 4243 982 4325 significant
995 4237 1189 4307 intellectuat

111 4338 201 4418 quod
219 4338 364 4417 “lingua
382 4337 452 4418 ejus
471 4340 694 4401 contabescet
714 4339 746 4400 in
766 4359 824 4400 ore
843 4337 937 4418 ejus”
953 4337 1114 4420 significat
1127 4315 1191 4413 q11⁰d

109 4433 255 4513 peritura
271 4434 314 4495 sit
331 4434 440 4496 omnis
457 4435 632 4515 perceptio
647 4435 716 4498 veri
733 4442 769 4497 et
784 4430 917 4496 affectio
933 4433 1033 4511 boni;
1057 4409 1189 4508 “lingith
