2684 4988
112 489 192 553 1126
418 500 668 551 brocmrrsrs
691 499 919 549 rxrurcarn.

109 674 206 736 labiis
229 672 329 753 ejus”
352 672 442 754 quod
467 671 586 734 “labia
610 671 799 734 sacerdotis
821 680 992 752 quaerent
1018 665 1158 749 [legem]
1179 686 1210 726 er

109 789 167 830 ore
190 768 270 847 ejus,
288 768 366 849 quia
390 765 547 848 Angelus
564 765 717 846 Jehovae
740 764 897 828 Zebaoth
923 763 1027 826 Ille:''
1050 783 1149 844 quare
1166 781 1207 840 per

112 870 131 893 ‘⁶
141 862 258 924 foedus
272 861 357 923 Levi
366 861 380 885 ”
395 860 597 941 intelligitur
607 856 800 940 conjundbio
813 878 890 922 cum
905 857 1057 920 Domino
1070 877 1125 938 per
1133 875 1200 917 arno

110 976 179 1017 rem
197 966 232 1017 et
249 955 454 1017 charitatem
468 975 475 1029 ;
501 953 648 1017 “so'edus
660 956 751 1017 vitae
767 963 802 1017 et
821 954 915 1035 pacis
924 951 939 975 '¹
952 949 1118 1033 significat
1133 950 1197 1011 illan

110 1046 403 1129 conjunctionem
429 1069 488 1130 per
508 1049 726 1122 “timorem’'
745 1049 800 1130 qui
823 1048 1042 1130 praedicatur
1063 1045 1151 1106 etiam
1167 1044 1195 1105 de

113 1142 187 1216 lllo,
212 1141 420 1223 significatur
448 1162 563 1219 amor;
595 1143 686 1225 quod
711 1142 829 1205 “labia
857 1141 1048 1204 sacerdotis
1069 1148 1192 1220 quaerent

113 1236 255 1318 [legem]
274 1258 317 1298 ex
335 1257 393 1298 ore
410 1235 480 1316 ejus
489 1236 504 1259 ”
517 1236 685 1317 significat
703 1237 792 1318 quod
809 1255 912 1298 omne
926 1254 1043 1297 verum
1059 1229 1192 1295 dotlrinae

111 1333 154 1393 sit
174 1331 217 1393 ab
239 1331 327 1412 Ipso.
349 1343 383 1394 et
403 1332 492 1412 apud
512 1331 588 1394 illos
607 1333 662 1413 qui
686 1332 719 1392 in
738 1351 855 1393 amore
873 1331 906 1392 in
929 1329 1044 1412 Ipsum
1063 1336 1145 1389 sunt:
1162 1344 1190 1385 ex

113 1424 237 1487 Divino
251 1425 343 1486 Vero
359 1427 449 1506 quod
467 1425 633 1487 Dominus
650 1426 751 1488 docet
769 1426 802 1487 in
821 1424 939 1487 Verbo
955 1434 990 1486 et
1008 1445 1065 1505 per
1079 1417 1193 1482 Verbum

111 1529 254 1581 vocatur
271 1518 457 1599 “Angelus
475 1518 627 1599 Jehovae
639 1519 664 1581 ;”
687 1519 777 1602 quod
796 1522 1030 1582 “recesserint
1050 1539 1068 1580 a
1085 1517 1137 1586 via,
1150 1515 1189 1574 irn-

112 1615 250 1693 pingere
270 1614 410 1675 fecerint
431 1614 558 1676 multos
581 1615 613 1675 in
639 1614 725 1695 lege,
747 1616 958 1695 qorruperint
980 1613 1093 1675 foedus
1114 1603 1191 1675 Levi,”

113 1705 281 1787 significat
305 1707 396 1788 quod
420 1708 566 1770 eeclesia
589 1728 676 1789 quae
700 1707 760 1770 suit
783 1709 872 1789 apud
900 1707 1073 1770 israelitas
1094 1719 1191 1786 perver-

113 1802 192 1864 terit
210 1822 289 1864 vera
307 1800 411 1863 Verbi
428 1811 461 1864 et
482 1803 561 1864 inde
579 1803 668 1863 bona
684 1803 786 1874 vitae,
804 1811 838 1864 et
859 1804 905 1864 sic
927 1801 1125 1884 perdiderint
1136 1812 1192 1857 con·

110 1893 320 1975 jundlionem
342 1915 417 1958 cum
443 1896 611 1971 Domino;
636 1896 741 1958 “via’'
760 1895 929 1977 significat
951 1916 1030 1958 vera
1049 1890 1192 1956 doetrinae.

117 1988 205 2051 “lex
217 1990 231 2013 ”
259 1990 349 2052 bona
375 1989 456 2070 ejus,
481 2000 517 2053 et
544 1990 694 2052 “foedus
721 1989 804 2052 Levi
815 1990 830 2012 '⁹
857 1986 1123 2070 conjunctionem
1142 1997 1193 2044 cum

116 2083 273 2147 Domino.
319 2084 375 2146 Ex
395 2084 446 2146 his
463 2095 621 2148 constare
636 2094 753 2166 potest
769 2084 848 2166 quid
868 2085 901 2146 in
919 2104 1021 2147 sensu
1037 2093 1193 2164 repraesen·

115 2180 225 2240 tativo
238 2177 446 2258 significatur
458 2199 518 2260 per
532 2186 551 2209 ‘¹
563 2178 669 2240 Levin
679 2177 693 2201 '’
705 2189 741 2240 et
754 2178 825 2258 ejus
838 2179 963 2241 tribum
977 2200 984 2254 ;
1008 2176 1094 2259 quod
1108 2185 1195 2249 nempe

116 2273 242 2335 bonum
262 2272 450 2346 charitatis,
468 2273 558 2354 quod
578 2283 631 2335 est
651 2272 777 2334 bonum
794 2274 896 2346 vitae,
915 2284 989 2334 tum
1006 2267 1128 2333 affedlio
1142 2259 1195 2326 boni

116 2376 151 2429 et
176 2368 245 2428 veri
273 2366 465 2447 spiritualis,
490 2386 529 2429 ac
558 2366 591 2427 in
619 2385 777 2448 supremo
804 2385 905 2428 sensu
934 2366 1098 2428 Dominus
1117 2353 1196 2443 quoad

116 2480 265 2522 amorem
286 2459 505 2540 spiritualem.
864 2486 867 2491 ·

179 2553 240 2634 [o]
273 2551 444 2633 Quoniam
467 2552 630 2634 pleraque
653 2553 685 2614 in
706 2551 825 2614 Verbo
845 2553 951 2614 etiam
970 2569 1104 2614 sensum
1121 2562 1196 2627 oppo·

117 2648 219 2708 situm
234 2647 372 2718 habent,
388 2648 435 2707 ita
448 2666 582 2727 quoque
599 2645 682 2707 Levi
698 2655 733 2707 et
750 2645 820 2725 ejus
833 2645 960 2721 tribus;
986 2656 1021 2708 et
1038 2647 1070 2706 in
1082 2653 1197 2706 eosenst

117 2740 285 2821 significat
312 2739 427 2802 “Levi
438 2739 453 2763 ”
477 2740 602 2802 malum
631 2738 704 2801 salsi
727 2741 816 2822 quod
844 2741 1040 2821 oppositum
1067 2749 1115 2801 est
1135 2735 1198 2796 bono

117 2835 305 2904 charitatis
327 2855 365 2896 ac
390 2835 496 2896 vitam
520 2834 648 2916 absque
671 2833 849 2906 charitate,
871 2834 1013 2915 proinde
1037 2853 1101 2895 non
1121 2821 1198 2891 chari·

118 2940 228 2991 tatem
256 2950 337 3010 erga
365 2930 579 3010 proximum;
608 2930 672 2991 hoc
698 2927 906 3009 significatur
933 2949 994 3010 per
1019 2934 1038 2959 ‘⁴
1050 2917 1198 2989 Levin”lss

120 3024 301 3106 Prophetia
320 3024 362 3086 de
381 3023 457 3086 filiis
475 3025 542 3086 suis
561 3025 605 3086 ab
624 3023 751 3086 lsraele
769 3033 887 3104 patre:

170 3170 303 3218 “Simeon
319 3179 345 3216 et
360 3168 424 3216 Levi
441 3167 545 3224 iratres,
563 3169 740 3216 instrumenta
754 3167 898 3215 violentiae
912 3167 1070 3215 machaerae
1082 3154 1198 3213 eorum:in

249 3246 380 3282 secretum
393 3247 485 3280 eorum
499 3248 532 3280 ne
545 3233 635 3280 veniat
647 3233 737 3279 anima
750 3246 818 3286 mea,
832 3232 859 3278 in
874 3231 1198 3293 congregationemque

250 3301 357 3347 uniatur
370 3299 456 3359 gloria
471 3312 546 3352 mea:
564 3299 626 3359 quia
639 3298 666 3345 in
682 3299 721 3345 ira
735 3312 783 3346 sua
797 3297 952 3345 occiderunt
966 3297 1063 3352 virum,
1076 3305 1100 3344 et
1113 3294 1134 3341 in
1144 3291 1198 3337 berr-

250 3366 346 3426 plaeito
361 3379 452 3412 eorum
466 3373 627 3411 enervatum
641 3365 753 3411 bovem:
773 3360 915 3410 maledieta
930 3363 969 3410 irs
983 3377 1074 3411 eorum
1086 3352 1198 3423 quirrelt

250 3445 335 3487 mens,
347 3439 373 3477 et
386 3429 607 3477 excandescentia
619 3443 711 3476 eorum
725 3428 786 3490 quia
798 3427 878 3476 dura:
897 3428 1017 3476 dividam
1030 3442 1075 3476 eos
1087 3427 1111 3474 in
1121 3417 1197 3488 Jacobb

250 3505 276 3543 et
288 3496 440 3556 dispergam
454 3508 501 3542 eos
514 3495 540 3541 in
555 3493 654 3542 lsraele
662 3492 678 3511 ''
689 3493 762 3553 (Gerr.
774 3493 837 3541 xlix.
852 3493 926 3553 5-7);

120 3626 179 3687 sed
197 3625 280 3686 haec
291 3624 477 3685 videantur
489 3622 665 3703 explicata
681 3622 715 3683 in
731 3621 895 3703 superiori
912 3620 1059 3683 articulo
1070 3623 1197 3695 (n.443lllb

121 3718 175 3779 ubi
195 3714 307 3778 adium
327 3726 379 3778 est
399 3716 441 3777 de
461 3713 629 3778 Simeone.
677 3713 752 3776 Hoc
773 3713 969 3795 oppositum
989 3714 1089 3776 etiam
1108 3695 1197 3788 signib-

120 3821 217 3872 catur
236 3830 294 3890 per
316 3809 502 3871 ‘'Levitam
511 3807 526 3831 ”
545 3829 564 3870 a
587 3808 736 3869 Domino
754 3808 787 3869 in
807 3806 970 3889 parabola
986 3807 1029 3869 de
1049 3803 1198 3867 vulnerato

120 3925 140 3966 a
163 3904 381 3976 Latronibus,
402 3923 488 3984 quae
512 3903 564 3964 hic
585 3902 791 3982 explicanda
813 3910 877 3973 est,
898 3901 976 3982 quia
1000 3901 1044 3962 ibi
1066 3899 1159 3980 agitur
1170 3885 1198 3948 dt

120 4000 289 4061 charitate
309 4019 390 4078 erga
410 3999 614 4079 proximum,
635 4006 670 4058 et
690 3996 767 4077 quia
791 3994 957 4056 Dominus
982 3996 1027 4058 ibi
1050 4014 1107 4076 per
1122 4000 1199 4052 corte·

121 4095 345 4176 spondentias
359 4093 493 4155 loeutus
505 4102 557 4154 est
575 4112 594 4152 a
611 4092 774 4172 principio
786 4090 829 4152 ad
847 4089 961 4162 finem,
975 4110 1062 4172 quae
1076 4082 1201 4151 haetenus

121 4191 261 4270 ignotae
281 4198 359 4249 sunt
373 4186 529 4267 :—Apud
549 4185 683 4259 Lucam,

177 4327 358 4389 Legisperitus
371 4331 387 4348 ¹¹
396 4327 491 4374 volens
504 4341 532 4374 se
543 4326 629 4388 ipsum
640 4325 791 4387 justificare,
803 4324 869 4373 dixit
879 4323 912 4372 ad
925 4323 1028 4387 Jesum,
1041 4323 1105 4386 Quis
1114 4329 1148 4370 est
1155 4323 1208 4366 mett

252 4395 406 4454 proximus?
441 4392 582 4452 Excipiens
597 4391 675 4455 Jesus
690 4391 764 4447 dixit,
780 4389 872 4437 Homo
886 4390 946 4451 quis
960 4390 1099 4437 descendit
1112 4402 1126 4436 a
1139 4383 1210 4434 lliere

251 4458 356 4520 solyma
371 4458 397 4505 in
413 4456 602 4520 jerichuntem,
620 4467 646 4505 et
664 4457 690 4505 in
707 4456 824 4505 latrones
838 4455 939 4513 incidit,
955 4456 1001 4519 qui
1016 4457 1096 4504 etiam
1109 4453 1215 4503 aberunt
