2684 4988
173 450 236 532 738
483 463 734 516 Amcnttnus
756 466 983 518 exsucata

174 630 283 714 qualis
317 642 371 696 est
397 632 487 715 apud
522 633 600 697 illos
627 634 683 716 qui
709 633 947 716 intelliguntur
973 656 1034 718 per
1062 634 1303 701 “Babelem:’'

175 728 264 808 quod
285 727 377 790 nulla
400 748 536 811 prorsus
554 729 700 792 ecclesia
718 730 807 812 apud
830 729 907 792 illos
930 731 986 805 sit,
1006 731 1085 813 quia
1109 731 1196 794 nihil
1219 731 1303 794 boni

173 830 210 884 et
229 819 310 884 nihil
330 824 400 886 veri
419 822 586 886 ecclesiae
605 823 650 885 ibi
669 833 734 899 est,
755 823 965 905 significatur
980 845 1040 906 per
1057 827 1266 907 scripturam
1280 846 1302 889 e

174 914 290 993 caelo;
315 936 394 979 nam
405 937 464 997 per
478 922 702 980 “numeratus
716 918 935 981 numeratus’'
948 919 1161 1000 significatur
1172 920 1300 1002 explo-

174 1010 262 1073 ratio
289 1012 401 1093 quoad
425 1012 551 1074 bonum
579 1021 615 1075 et
641 1012 753 1094 quoad
777 1031 913 1089 verum;
945 1033 1005 1096 per
1033 1020 1238 1097 “appensus
1264 1016 1299 1077 in

175 1106 302 1168 trutina
310 1106 324 1129 ”
343 1105 552 1187 significatur
570 1107 766 1170 aestimatio
784 1107 969 1170 secundum
992 1108 1093 1190 quale
1113 1129 1235 1172 eorum
1257 1129 1299 1173 ac

171 1198 352 1281 judicium;
376 1211 411 1264 et
431 1220 490 1282 per
508 1201 663 1263 “divisus
670 1199 686 1223 ”
702 1199 911 1281 significatur
926 1203 1114 1284 dissipatio,
1129 1204 1298 1266 extermi-

174 1296 278 1368 natio,
299 1304 334 1358 et
353 1296 524 1378 separatio
542 1314 563 1357 a
581 1295 673 1357 bono
688 1304 724 1358 et
740 1316 821 1358 vero
840 1296 1024 1373 ecclesiae;
1049 1308 1084 1361 et
1105 1316 1166 1379 per
1184 1304 1295 1380 “reg-

175 1389 278 1452 num”
290 1389 498 1471 significatur
509 1389 674 1467 ecclesia;
694 1389 772 1453 inde
786 1400 893 1472 patet,
905 1391 996 1473 quod
1009 1390 1098 1475 [per]
1110 1398 1136 1482 ξ*
1145 1392 1296 1474 appendi

175 1484 209 1546 in
226 1485 353 1547 trutina
361 1483 376 1507 ”
392 1504 451 1546 seu
469 1489 629 1546 “statera
637 1483 652 1507 ''
668 1482 876 1565 significetur
891 1486 1086 1548 aestimatio
1106 1487 1297 1549 seeundum

174 1575 275 1656 quale
294 1575 364 1656 ejus
378 1597 385 1652 ;
409 1591 487 1649 (quod
501 1587 514 1605 '¹
523 1592 628 1637 dividere
637 1591 650 1607 ’⁹
664 1592 781 1649 signifioet
798 1593 919 1650 dissipare,
934 1593 1099 1645 exterminare,
1114 1600 1139 1638 et
1155 1607 1269 1652 separare
1281 1608 1298 1641 ι

173 1671 239 1739 nono
249 1678 273 1716 et
284 1684 348 1724 vero,
359 1672 468 1716 videatur
478 1684 501 1717 n.
516 1685 584 1729 4424.
594 1671 663 1728 ὀψο,
674 1672 742 1729 6361.
753 1684 812 1729 9093
821 1672 839 1729 ς)
856 1657 949 1738 quod
962 1676 1107 1737 regnum
1120 1658 1166 1720 sit
1180 1658 1294 1721 eccle·

175 1748 234 1819 sia,
250 1758 304 1810 est
323 1749 400 1828 quia
418 1767 562 1828 regnum
586 1747 723 1810 Domini
742 1757 796 1811 est
819 1748 874 1810 ubi
893 1747 1059 1826 ecclesia;
1083 1760 1294 1832 quapropter

173 1839 221 1903 illi
237 1841 293 1923 qui
309 1841 353 1903 ab
368 1840 512 1904 ecclesia
528 1851 618 1916 sunt,
632 1851 797 1905 vocantur
815 1840 919 1904 “Filii
936 1844 1032 1924 regni
1039 1843 1054 1867 ”
1072 1841 1215 1925 (Matth.
1229 1846 1293 1908 viii.

178 1951 233 2010 123
257 1955 331 2017 cap.
350 1937 418 1998 xiii.
439 1934 505 2018 38).
550 1934 654 2017 Apud
672 1935 824 2009 Esaiam,

225 2069 319 2133 “Quis
331 2083 441 2119 mensus
460 2078 503 2119 est
519 2069 622 2132 pugillo
639 2084 689 2118 suo
707 2083 798 2133 aquas,
813 2079 841 2119 et
858 2069 948 2119 caelos
965 2069 1101 2133 epithema
1119 2072 1290 2135 exaequavit,

305 2135 513 2198 complexusque
523 2144 564 2183 est
577 2135 603 2183 in
614 2135 732 2183 trientali
745 2136 882 2197 pulverem
895 2145 989 2192 terrae,
1002 2146 1028 2185 et
1040 2137 1172 2200 appendit
1185 2138 1214 2187 iu
1226 2139 1292 2187 libre

304 2210 420 2258 montes,
434 2210 460 2249 et
473 2201 555 2249 colles
568 2201 595 2248 in
608 2201 729 2249 lancibus
736 2200 762 2250 l¹'
774 2200 820 2262 (xl.
834 2212 864 2248 η
873 2201 890 2263 ε)

173 2325 374 2399 describitur
386 2343 445 2406 per
456 2328 476 2354 ⁴‘
486 2343 659 2386 mensuras
668 2323 682 2347 ”
695 2322 748 2386 hic
759 2322 851 2403 justa
864 2324 1032 2387 ordinatio
1045 2333 1081 2388 et
1093 2326 1291 2389 aestimatio

173 2421 325 2484 omnium
342 2421 376 2482 in
400 2418 496 2482 caelo
518 2428 555 2482 et
581 2419 614 2481 in
638 2418 783 2482 ecclesia
806 2420 992 2483 secundum
1021 2418 1121 2501 quale
1149 2421 1232 2484 boni
1257 2429 1291 2484 et

173 2516 243 2577 veri
256 2536 263 2591 ;
284 2533 459 2576 mensurae
470 2514 523 2576 hic
537 2522 616 2576 sunt
629 2517 648 2544 ‘⁴
660 2512 836 2593 pugillus,”
850 2519 869 2545 “
878 2513 1079 2595 spithama,”
1091 2519 1111 2545 “
1121 2514 1292 2589 triental,¹'

175 2606 311 2670 “libra’'
333 2618 369 2670 et
394 2605 576 2669 “lances:”
600 2626 659 2688 per
683 2613 816 2689 “aquas
826 2606 841 2630 ”
860 2607 1093 2688 significantur
1116 2629 1209 2683 vera,
1234 2629 1293 2691 per

174 2701 340 2764 “caelos'’
359 2702 518 2764 interiora
537 2721 596 2763 seu
619 2700 805 2782 spiritualia
824 2721 904 2764 vera
926 2711 962 2765 et
985 2702 1086 2776 bona,
1107 2722 1167 2784 per
1188 2703 1291 2786 “pul-

172 2803 287 2860 verem
305 2806 414 2859 terrae
422 2795 436 2818 ”
449 2797 622 2859 exteriora
634 2816 693 2858 seu
707 2795 873 2858 naturalia
886 2815 966 2859 vera
982 2806 1017 2859 et
1030 2796 1132 2868 bona,
1146 2808 1291 2880 utraque

173 2891 258 2956 caeli
271 2900 306 2955 et
319 2891 484 2955 ecclesiae
498 2912 505 2968 ;
529 2910 588 2972 per
602 2895 622 2921 “
634 2901 770 2952 montes
778 2889 793 2913 ”
806 2890 895 2952 bona
908 2891 1042 2964 amoris,
1057 2910 1117 2972 per
1130 2895 1150 2923 ‘⁴
1160 2891 1292 2956 colles''

172 2988 263 3051 bona
279 2987 466 3059 charitatis,
484 2996 519 3049 et
539 3006 598 3067 per
616 2985 839 3066 “appendere
850 2984 865 3008 ”
881 2986 1062 3048 aestimare
1078 2995 1114 3049 et
1134 2987 1291 3051 ordinare

172 3082 357 3145 seeundum
381 3081 480 3163 quale
503 3100 638 3143 eorum:
672 3081 762 3162 quod
790 3079 874 3143 haec
899 3078 1132 3161 significentur
1154 3102 1217 3162 per
1234 3082 1292 3145 illa

172 3177 285 3251 verba,
307 3196 408 3239 nemo
427 3176 542 3239 videre
561 3184 677 3257 potest
697 3175 758 3236 nisi
782 3195 827 3237 ex
851 3175 995 3237 scientia
1018 3178 1291 3257 corresponden-

172 3273 304 3335 tiarum.
355 3271 524 3352 Quoniam
544 3270 635 3350 justa
658 3269 853 3332 aestimatio
876 3278 911 3333 et
934 3268 1128 3350 exploratio
1152 3271 1234 3335 boni
1257 3282 1292 3336 et

171 3368 241 3431 veri
254 3365 463 3447 significatur
475 3385 534 3447 per
549 3370 568 3396 ‘⁴
578 3383 752 3426 mensuras
760 3363 775 3387 ”
788 3365 821 3426 in
837 3363 964 3439 Verbo,
978 3364 1054 3426 ideo
1067 3376 1291 3448 praeceptum

172 3470 225 3524 est
249 3471 286 3524 ut
310 3480 487 3524 mensurae
510 3467 626 3522 essent
646 3456 769 3539 justae,
794 3467 830 3521 et
858 3478 927 3521 non
950 3456 1062 3541 aliqua
1088 3457 1179 3521 fraus
1202 3462 1292 3526 circa

171 3555 258 3628 illas,
279 3555 368 3636 apud
385 3554 512 3627 Mosen,

223 3691 239 3712 ‘¹
249 3688 310 3737 Non
325 3688 428 3737 iacietis
440 3687 644 3751 perversitatem
663 3687 690 3735 ln
703 3686 813 3749 judicio,
829 3686 857 3735 in
876 3701 1011 3744 mensura,
1026 3685 1053 3735 in
1067 3673 1205 3749 pondere,
1220 3699 1247 3739 et
1265 3689 1292 3739 ln

301 3754 486 3809 dimensione:
499 3753 584 3801 librae
593 3753 691 3815 justae,
702 3752 804 3815 lapides
816 3752 891 3815 justi,
903 3753 989 3815 ephalt
1002 3752 1083 3815 justa,
1095 3763 1123 3801 et
1135 3753 1183 3802 ltin
1193 3755 1290 3817 justus,

286 3829 288 3833 '
301 3828 379 3868 erunt
391 3819 469 3868 vobis
478 3818 492 3836 ''
505 3818 597 3878 (Levit.
610 3819 662 3867 xix.
676 3829 715 3879 35,
728 3819 784 3879 3⁶)ss

170 3956 205 4009 et
224 3964 358 4027 quoque
374 3943 450 4005 ideo
463 3941 603 4022 justitia,
621 3942 676 4005 ubi
692 3962 751 4024 per
763 3940 856 4004 illam
873 3941 1075 4022 intelligitur
1091 3943 1290 4008 aestimatio

169 4049 206 4103 et
225 4038 419 4121 exploratio
437 4036 612 4124 hominurn
632 4036 817 4100 secundum
836 4036 936 4118 quale
954 4036 1034 4098 boni
1053 4044 1088 4098 et
1107 4037 1179 4099 veri
1198 4037 1288 4118 apud

169 4133 257 4209 illos,
274 4133 400 4215 passim
416 4133 448 4194 in
466 4131 583 4195 Verbo
598 4131 800 4212 exprimitur
813 4151 872 4213 per
890 4129 1062 4202 “lances’'
1080 4130 1291 4204 “stateras''

171 4227 331 4303 “libras'’
356 4225 560 4300 “trutinas’'
579 4237 614 4291 et
638 4247 698 4308 per
722 4225 887 4308 “ephas,’'
908 4224 1097 4299 “omeres,”
1118 4225 1289 4290 “chome·

168 4323 252 4400 res,”
273 4322 407 4397 “scas''
428 4320 577 4385 “hines'’

429 4448 477 4511 (Ut
489 4448 559 4511 apud
572 4446 693 4507 Hiobum,
705 4463 763 4512 cap.
776 4449 811 4498 vi.
824 4461 854 4507 a:
873 4462 930 4512 cap.
942 4447 1013 4499 xxxi.
1024 4446 1066 4510 6);
