2684 4988
167 539 231 608 744
476 539 726 593 arocatvrsrs
749 540 972 592 extricari.

297 709 450 770 serendum,
466 712 570 774 aperiet
588 720 615 761 et
632 712 737 760 occabit
751 720 850 761 terram
865 713 961 762 suam?
980 724 1075 760 nonne
1089 710 1200 774 qnando
1217 724 1281 761 con·

299 780 420 841 planavit
440 781 523 828 iacies
543 780 610 840 ejus,
632 778 765 840 dispergit
782 777 1022 840 nigellaml....et
1040 777 1153 838 reponit
1169 777 1281 826 triticum

299 851 483 891 mensuratum
493 852 519 890 et
528 843 659 891 hordeum
667 844 725 891 desi
765 853 848 900 atum,
858 853 884 891 et
895 857 955 891 reas
962 842 1142 904 designatas?
1155 842 1194 890 ita
1203 842 1283 891 erudit

298 919 359 954 eum
372 907 406 955 ad
418 906 556 969 judicium,
568 906 640 956 Deus
653 908 711 970 ejus
741 918 802 957 ocet
813 922 874 957 eum
883 906 896 926 ''
908 907 1009 969 (xxviii.
1020 919 1061 964 22,
1072 907 1179 968 ιιι-πως

166 1074 226 1134 per
244 1052 329 1116 haec
348 1055 382 1116 in
400 1074 501 1117 sensu
520 1054 684 1136 spirituali
703 1054 904 1117 describitur
921 1055 1012 1137 quod
1031 1053 1180 1117 ecclesia
1198 1051 1284 1134 apud

167 1158 307 1228 gentem
325 1147 504 1228 Judaicam·
520 1159 555 1211 et
580 1148 803 1211 Israeliticam
826 1168 962 1230 prorsus
980 1144 1157 1210 destructa
1177 1148 1232 1218 sit,
1251 1155 1283 1208 et

167 1242 257 1323 quod
282 1240 364 1304 nihil
387 1242 489 1306 saciat
513 1243 603 1324 quod
626 1243 760 1305 discant
783 1253 819 1306 et
842 1243 952 1305 sciant
976 1241 1140 1314 Verbum,
1166 1241 1227 1302 sed
1249 1248 1284 1301 ut

164 1335 291 1398 bonum
315 1345 350 1399 et
373 1355 489 1398 verum
512 1336 583 1416 ejus
606 1338 678 1399 usui
700 1337 792 1399 vitae
815 1335 1024 1417 applicetur;
1052 1336 1132 1398 inde
1154 1344 1192 1397 et
1221 1354 1284 1396 non

164 1429 300 1493 aliunde
319 1429 586 1511 intelligentiaa
610 1429 777 1493 Domino:
802 1431 892 1512 quod
915 1429 1060 1493 ecclesia
1078 1430 1170 1512 apud
1194 1428 1285 1492 illam

164 1533 305 1605 gentem
321 1544 456 1606 prorsus
473 1520 648 1587 destructa
663 1524 719 1598 sit,
737 1522 939 1604 intelligitur
955 1543 1013 1604 per
1028 1529 1048 1554 “
1059 1522 1284 1587 Consumma-

163 1619 293 1681 tionem
316 1629 352 1682 et
375 1617 582 1681 decisionem
605 1618 717 1681 audivi
740 1639 760 1680 a
787 1617 934 1680 Domino
956 1617 1102 1698 Jehovih
1127 1616 1284 1680 Zebaoth

163 1732 263 1794 super
287 1714 475 1775 universam
500 1723 625 1775 terram
640 1712 666 1788 ;”
692 1713 973 1775 “consummatio
996 1723 1031 1774 et
1055 1712 1185 1775 decisio
1196 1711 1212 1736 '¹
1234 1722 1285 1774 est

163 1806 315 1887 plenaria
337 1803 534 1880 destructio,
554 1816 589 1868 et
611 1808 796 1870 “universa
819 1805 932 1869 terra”
952 1816 1004 1870 est
1029 1815 1107 1869 tota
1129 1806 1284 1878 ecclesia,

164 1902 229 1964 hoc
242 1912 306 1975 est,
321 1920 422 1964 omne
435 1900 505 1982 ejus
518 1922 526 1978 ;
549 1901 639 1983 quod
654 1900 736 1963 nihil
753 1900 855 1964 iaciat
868 1900 958 1982 quod
975 1900 1110 1964 discant
1123 1909 1159 1964 et
1177 1901 1285 1963 sciant

135 2014 139 2021 ·
164 1994 327 2069 Verbum,
348 1995 558 2077 significatur
581 2016 640 2077 per
661 1995 781 2058 “Num
805 2004 882 2058 toto
901 1995 955 2057 die
978 1994 1088 2057 arabit
1108 2004 1226 2058 arator
1244 1995 1285 2057 ad

164 2091 354 2163 serendum,
368 2092 496 2171 aperiet
513 2100 548 2153 et
565 2089 699 2153 occabit
713 2100 839 2152 terram
855 2107 951 2151 suam
962 2088 992 2150 ?”
1021 2087 1156 2152 “Arare
1173 2090 1218 2152 ad
1234 2111 1287 2153 se·

163 2185 305 2248 rendum
316 2184 330 2209 ’'
349 2196 402 2248 est
426 2185 566 2256 discere,
587 2194 622 2246 et
644 2190 794 2246 “occare
818 2192 944 2246 terram
953 2182 968 2207 ”
986 2193 1040 2246 est
1064 2203 1232 2265 reponere
1255 2186 1285 2249 in

163 2281 336 2342 memoria.
382 2277 483 2359 Quod
506 2279 632 2341 bonum
652 2290 687 2341 et
706 2297 823 2341 verum
843 2278 949 2340 Verbi
972 2279 1045 2340 usui
1064 2279 1158 2341 vitae
1178 2278 1286 2361 appli-

165 2374 311 2437 candum
334 2374 389 2445 sit,
409 2371 618 2452 significatur
642 2393 700 2453 per
721 2371 874 2434 “Nonne
893 2371 1029 2453 quando
1053 2372 1287 2454 complanavit

163 2468 265 2531 iacies
284 2467 365 2547 ejus,
386 2467 551 2548 dispergit
572 2466 744 2546 nigellam,
765 2475 800 2529 et
825 2467 958 2547 reponit
978 2466 1130 2529 triticum
1150 2485 1287 2530 mensu·

164 2571 275 2624 ratum
284 2571 319 2624 et
328 2560 491 2623 hordeum
502 2561 774 2640 designatum,et
787 2561 1069 2641 zeasdesignatas
1078 2559 1109 2621 ?’'
1139 2560 1287 2624 “Nonne

164 2656 302 2736 quando
312 2654 543 2736 complanavit
556 2654 658 2717 iacies
669 2664 779 2717 terrae
790 2655 954 2735 dispergit
967 2652 1131 2734 nigellam
1140 2654 1172 2716 ?'’
1181 2657 1286 2736 signi·

83 2734 90 2759 '
163 2748 243 2812 ficat
252 2749 388 2831 quando
397 2749 609 2830 praeparavit
621 2769 679 2829 per
687 2748 853 2824 Verbum;
865 2748 1043 2811 “triticum
1052 2762 1287 2814 mensuratum

165 2854 200 2906 et
224 2843 388 2906 hordeum
408 2843 635 2924 designatum,
657 2852 691 2906 et
718 2863 797 2905 aeae
820 2843 1021 2923 designatae
1031 2842 1060 2904 ?’'
1089 2843 1286 2924 significant

164 2937 335 3019 applicare
348 2937 474 3000 bonum
487 2948 521 2999 et
532 2956 648 2999 verum
661 2938 733 2999 usui
744 2938 834 2999 vitae
848 2934 884 3018 (“
894 2937 1044 2999 triticum
1053 2936 1068 2960 ”
1078 2946 1132 3000 est
1147 2937 1286 3011 bonum,

166 3032 359 3094 “hordeum
368 3031 383 3055 ”
399 3041 451 3094 est
471 3050 598 3103 verum,
615 3041 651 3093 et
670 3031 801 3093 “aeae”
818 3041 896 3093 sunt
917 3029 1171 3113 cognitiones):
1197 3034 1286 3114 quod

164 3127 244 3189 inde
268 3145 336 3188 non
359 3125 494 3187 aliunde
517 3123 747 3205 intelligentia
770 3147 789 3187 a
814 3125 972 3199 Domino,
995 3124 1207 3205 significatur
1230 3148 1288 3210 per

167 3223 243 3285 “ita
259 3221 369 3283 erudit
385 3221 428 3282 ad
441 3219 612 3300 judicium,
628 3219 720 3282 Deus
736 3219 806 3299 ejus
823 3221 924 3284 docet
941 3239 1017 3282 eum
1030 3220 1056 3298 ;''
1074 3220 1264 3302 “judicium
1273 3223 1288 3245 ''

164 3312 333 3396 significat
352 3313 626 3395 intelligentiam,
646 3313 769 3376 “Deus
788 3313 857 3394 ejus
874 3314 976 3377 docet
995 3333 1071 3376 eum
1083 3313 1097 3337 ”
1114 3315 1286 3397 significat

166 3409 256 3491 quod
276 3430 295 3471 a
315 3408 472 3471 Domino.
519 3407 622 3489 Apud
640 3407 766 3482 Mosen,

220 3540 343 3606 Jehovah
357 3541 501 3605 “equitare
515 3540 577 3590 iecit
591 3555 653 3590 eum
667 3554 747 3603 super
759 3541 873 3590 excelsis
888 3550 984 3600 terrae,
998 3552 1025 3592 et
1038 3542 1139 3593 cibavit
1154 3555 1288 3606 proventu

297 3621 433 3668 agrorum,
446 3621 542 3668 sugere
560 3607 623 3655 iecit
637 3621 699 3655 cum
717 3607 770 3655 mel
787 3622 803 3656 e
820 3622 893 3670 rupe,
908 3617 935 3657 et
952 3608 1042 3657 oleum
1059 3623 1074 3657 e
1091 3622 1160 3658 saxo
1179 3621 1286 3674 petrac;

295 3673 423 3735 butyrum
433 3672 548 3721 armenti
560 3681 587 3721 et
598 3672 640 3720 lac
651 3672 742 3735 gregis
751 3686 810 3721 curn
821 3672 899 3735 adipe
909 3687 1041 3734 agnorum
1053 3682 1079 3722 et
1091 3673 1208 3724 arietum
1222 3676 1289 3725 fillo-

296 3752 355 3786 rum
365 3736 514 3785 Baschanis
523 3747 550 3785 et
557 3736 700 3794 hircorum,
710 3751 770 3785 cum
778 3737 857 3800 adipe
865 3752 960 3786 renum
968 3739 1056 3796 tritici,
1065 3747 1092 3788 et
1099 3736 1287 3804 1¹1sanguinem

295 3817 408 3852 uvarum
421 3802 492 3851 bibis
505 3815 609 3851 merum
617 3802 631 3822 ''
641 3803 744 3865 (θεαῖν.
754 3803 836 3853 xxxii.
849 3804 953 3864 13,14):

167 3934 253 3999 haec
269 3931 360 3998 dieta
378 3944 457 3997 sunt
481 3934 523 3997 de
544 3933 699 3998 Ecclesia
717 3933 871 4017 Antiqua
890 3945 968 4017 post
991 3935 1153 4000 diluvium
1175 3960 1195 4001 a
1214 3938 1286 4003 Do·

166 4030 258 4092 mino
273 4030 472 4104 instaurata,
487 4049 573 4110 quae
592 4031 624 4092 in
641 4028 869 4111 intelligentia
885 4041 920 4092 et
938 4030 1105 4112 sapientia
1120 4042 1196 4097 erat
1209 4037 1288 4118 quia

167 4125 201 4187 in
224 4124 315 4187 bono
334 4122 511 4186 charitatis
531 4133 567 4186 et
590 4123 668 4186 inde
691 4124 724 4185 in
748 4123 833 4202 fide3
857 4124 1085 4206 intelligentia
1108 4146 1228 4190 eorum
1251 4140 1285 4192 et

167 4216 334 4300 sapientia
350 4238 369 4279 a
386 4216 534 4280 Domino
547 4216 755 4298 significatur
767 4238 826 4299 per
838 4220 928 4301 quod
942 4217 1118 4300 “jehovah
1132 4223 1286 4303 equitare

166 4311 281 4375 iecerit
310 4331 386 4374 eum
413 4332 512 4393 super
538 4312 684 4374 excelsis
713 4323 833 4387 terrae,
861 4320 899 4375 et
924 4313 1087 4376 cibaverit
1116 4325 1287 4396 proventu

164 4425 322 4488 agrorum
335 4405 362 4484 ;¹'
384 4405 474 4468 bona
489 4405 652 4469 caelestia
670 4417 705 4469 et
725 4407 911 4488 spiritualia
927 4427 1012 4488 quae
1029 4407 1095 4470 illis
1114 4428 1175 4490 per
1190 4430 1282 4481 vera,

165 4499 400 4562 describuntur
418 4518 477 4581 per
496 4499 585 4581 quod
608 4505 757 4581 “sugere
779 4499 894 4564 lecerit
914 4520 990 4564 eum
1010 4500 1076 4564 mel
1095 4523 1114 4565 e
1133 4523 1227 4586 rupe,
1247 4513 1281 4567 et
