2684 4988
110 495 175 574 mli
422 504 672 559 APOCALYPSIS
695 504 921 559 attentem„

110 677 167 757 qui
185 674 275 738 falsis
291 696 336 737 ex
352 674 545 755 ignorantia
559 685 595 737 et
610 695 655 737 ex
672 673 835 755 religione
854 675 973 738 imbuti
991 686 1081 750 sunt3
1099 671 1177 756 reliqui

103 768 226 832 'autem
246 780 323 849 post
343 767 503 831 exactum
523 779 657 850 tempus
675 771 719 831 ab
737 768 803 831 illis
822 771 970 850 separati
988 782 1071 840 sunt,
1087 769 1180 831 boniiu

110 862 243 926 caelum
266 863 400 934 elevati,
422 882 461 926 ac
485 862 564 926 mali
587 864 620 924 in
643 862 806 925 infernum
830 861 985 943 conjetti
1005 875 1039 926 et
1058 864 1112 926 hoc
1129 870 1182 924 ante

111 956 267 1020 ultimum
286 957 456 1037 judicium.
502 955 604 1037 Quod
623 956 778 1019 ultimum
798 955 960 1037 judicium
980 958 1101 1020 dicatur
1116 956 1184 1017 “dies

58 1126 66 1144 ι
112 1071 256 1131 magnus
279 1053 346 1113 irae
370 1050 463 1124 Dei‚”
486 1061 538 1114 est
561 1053 639 1133 quia
661 1062 801 1132 apparet
825 1051 934 1125 malis,
955 1053 1010 1133 qui
1032 1051 1185 1131 dejiciuntu

110 1145 144 1207 in
156 1144 331 1215 infernum,
345 1146 432 1207 sicut
446 1145 537 1207 Deus
549 1165 595 1207 ex
611 1146 658 1207 ira
673 1155 709 1208 et
721 1145 1010 1208 excandescentia
1025 1145 1084 1208 hoc
1098 1144 1186 1218 laciat;

110 1240 188 1321 quia
211 1249 291 1301 tunc
315 1239 380 1300 illis
402 1239 544 1301 exitium
567 1239 657 1321 quod
684 1238 828 1319 desuper
850 1241 943 1302 venit
970 1250 1006 1302 et
1028 1235 1187 1320 quoqueab

111 1333 252 1405 oriente,
270 1333 324 1394 ubi
343 1344 396 1395 est
414 1333 578 1395 Dominus
597 1344 634 1395 ut
653 1330 722 1407 Sol,
739 1343 775 1395 et
791 1335 868 1415 quia
884 1344 965 1397 tunc
985 1336 1018 1396 in
1037 1332 1187 1401 terroribus,

111 1427 282 1489 doloribus
309 1438 344 1490 et
367 1447 499 1509 quoque
523 1429 724 1490 cruciatibus
746 1439 847 1490 sunt:
878 1428 938 1490 sed
965 1449 1068 1510 usque
1091 1442 1188 1508 prorsu

112 1520 205 1582 nulla
223 1531 276 1583 est
295 1523 342 1583 ira
364 1521 522 1596 Domino,
542 1533 594 1584 est
614 1522 704 1584 enim
723 1522 794 1602 ipse
812 1521 923 1584 Amor
941 1533 976 1585 et
1001 1518 1188 1584 Misericordia

111 1623 147 1676 et
169 1615 278 1694 ipsum
303 1614 455 1692 Bonum;
485 1636 525 1678 ac
552 1635 653 1696 purus
676 1616 785 1678 Amor
807 1626 843 1678 et
869 1618 979 1696 ipsum
1007 1616 1126 1678 Bonum
1142 1630 1188 1676 nun

112 1716 228 1788 potest
242 1710 348 1782 irasci,
362 1720 415 1772 est
428 1710 518 1772 euim
532 1709 566 1772 id
583 1719 702 1772 contra
717 1711 901 1772 essentiam
917 1710 997 1791 ejus.
1041 1709 1102 1774 Sed
1115 1725 1187 1789 appu·

111 1803 221 1865 tentia
239 1803 297 1866 illa
315 1815 368 1867 est
387 1805 483 1867 inde:
508 1804 644 1886 quando
660 1803 797 1867 ultimus
815 1815 934 1875 status,
952 1805 1007 1886 qui
1023 1816 1073 1867 est
1090 1799 1188 1886 quando

111 1895 202 1959 mala
228 1898 261 1959 in
289 1899 387 1960 terris
409 1909 444 1961 et
467 1898 566 1960 simul
593 1907 673 1961 tunc
701 1899 734 1959 in
759 1899 885 1960 mundo
908 1898 1067 1978 spirituali
1091 1908 1188 1960 tantun

111 1988 211 2054 antia
229 2003 307 2054 sunt
327 2003 363 2054 ut
378 1993 564 2055 dominium
583 1992 732 2074 pendeat
750 2012 770 2054 a
788 2001 885 2073 parte
904 1992 1046 2065 illorum,
1063 2004 1094 2055 et
1111 2011 1156 2072 per
1166 1987 1188 2050 id

111 2095 230 2166 pereat
242 2088 472 2168 aequilibrium
485 2088 573 2150 inter
585 2085 715 2150 caelum
732 2096 767 2150 et
783 2087 959 2160 infernum,
970 2109 1039 2170 quo
1054 2094 1188 2169 pereunte,

112 2180 208 2255 caeli,
229 2182 283 2243 ubi
306 2181 429 2262 angeli,
446 2182 608 2263 incipiunt
632 2181 795 2256 laborare,
816 2191 897 2243 tunc
923 2181 1084 2244 Dominus
1101 2202 1115 2243 e
1134 2176 1189 2242 Sole

112 2275 258 2338 intendit
272 2277 431 2338 virtutem
444 2296 550 2349 suam,
564 2276 627 2339 hoc
641 2286 704 2349 est,
718 2295 868 2338 amorem
882 2296 977 2338 suum
991 2278 1032 2338 ad
1049 2274 1189 2338 tutandum

112 2371 265 2450 angelos,
285 2381 320 2433 et
343 2371 386 2432 ad
409 2371 654 2433 restituendum
674 2379 801 2433 statum
821 2371 876 2451 qui
899 2369 1031 2434 laborat
1053 2381 1085 2432 et
1105 2365 1189 2448 incipit

113 2463 324 2541 labeladlari;
352 2486 396 2526 ex
420 2485 486 2546 qua
511 2466 636 2528 virtute
662 2475 698 2527 et
725 2466 890 2545 potentia,
916 2465 1070 2528 Divinum
1096 2462 1189 2524 Verurn

112 2559 241 2620 unitum
256 2559 379 2620 Divino
393 2558 499 2631 Bono,
511 2558 600 2640 quod
615 2560 647 2619 in
661 2578 719 2619 sua
732 2560 879 2620 essentia
891 2569 944 2620 est
959 2559 1094 2621 Divinus
1103 2557 1189 2624 Amor,

112 2663 268 2732 penetrat
286 2673 344 2733 per
357 2652 470 2715 caelos
483 2653 525 2714 ad
542 2652 706 2725 inferiora,
719 2653 774 2714 ubl
789 2673 825 2713 se
838 2655 1108 2715 consociaverunt
1119 2645 1189 2719 mali;

112 2756 148 2808 et
171 2748 247 2827 quia
270 2747 316 2808 illi
345 2766 411 2808 non
436 2747 603 2808 sustinent
626 2745 789 2808 influxum
812 2757 847 2808 et
875 2749 1095 2825 praesentiam
1115 2741 1190 2806 talen

113 2841 224 2902 Divini
248 2840 395 2913 Amoris,
416 2842 577 2921 incipiunt
601 2841 806 2913 tremiscere,
826 2842 904 2921 angi
928 2851 963 2903 et
987 2840 1130 2912 cruciari;
1151 2850 1190 2915 per

111 2934 146 2996 id
162 2936 251 2996 enim
268 2936 472 3015 dissipantur
488 2935 576 2996 bona
592 2945 627 2996 et
643 2954 721 2995 vera
737 2954 822 3014 quae
840 2933 974 3017 loquela
990 2946 1025 2997 et
1041 2929 1190 2996 aldionibus

111 3028 222 3092 solum
238 3030 270 3090 in
287 3031 439 3091 externis
456 3029 589 3090 mentiri
601 3024 712 3090 edoeti
728 3038 817 3100 sunt,
832 3039 866 3090 et
879 3031 1071 3109 aperiuntur
1082 3029 1189 3090 interna,

111 3144 197 3206 quae
225 3143 291 3185 non
318 3134 397 3185 sunt
424 3124 486 3185 nisi
508 3142 607 3204 quam
632 3122 721 3183 mala
743 3133 778 3183 et
805 3122 908 3199 salsa;
938 3133 974 3186 et
1001 3123 1081 3185 haec
1101 3120 1189 3202 quiae

112 3219 278 3281 diametro
305 3220 462 3299 opposita
488 3228 566 3279 sunt
594 3217 691 3279 bonis
718 3227 752 3279 et
778 3218 874 3288 veris,
898 3238 984 3298 quae
1011 3219 1053 3280 ab
1078 3206 1188 3278 interiori

112 3312 263 3387 influunt,
280 3324 315 3375 et
333 3323 447 3374 tamen
464 3311 554 3373 mala
570 3319 604 3373 et
620 3310 704 3372 salsa
719 3309 868 3372 lecerunt
885 3314 991 3374 vitam
1008 3302 1188 3381 commiade

111 3407 177 3470 illis
197 3417 332 3479 tremor,
353 3423 461 3486 angor
479 3416 514 3469 et
534 3406 710 3478 cruciatus,
731 3404 817 3467 tales
839 3414 876 3467 ut
898 3425 966 3467 non
985 3405 1117 3486 amplius
1132 3415 1187 3462 con·

111 3502 230 3563 sistere
250 3501 400 3581 possint;
424 3498 513 3561 unde
532 3499 704 3580 aufugiunt
723 3508 758 3560 et
778 3519 813 3560 se
832 3498 1014 3579 conjiciunt
1038 3502 1068 3561 in
1085 3496 1186 3561 inferna,

111 3615 196 3677 quae
216 3597 277 3657 sub
296 3595 466 3657 montibus
485 3604 520 3656 et
543 3595 657 3674 petriS,
677 3593 732 3655 ubi
755 3594 787 3655 in
808 3593 904 3656 malls
923 3604 959 3657 et
983 3596 1016 3657 in
1039 3593 1118 3656 salsis
1133 3582 1186 3651 mall

111 3693 160 3752 sui
179 3712 252 3752 esse
270 3700 430 3770 possunt:
455 3689 519 3751 hoc
536 3690 568 3750 in
585 3689 696 3768 specie
712 3687 918 3768 significatur
935 3709 995 3769 per
1012 3690 1105 3752 verba
1118 3696 1186 3762 supra

111 3785 293 3865 explicata,
313 3784 510 3846 “Dicebant
528 3782 699 3845 montibus
715 3792 750 3844 et
769 3784 884 3862 petris,
902 3781 1023 3845 Cadite
1039 3801 1126 3862 super
1138 3791 1184 3839 not

111 3889 145 3940 et
166 3878 364 3939 abscondite
384 3898 445 3939 nos
463 3897 483 3938 a
505 3877 588 3938 sacie
611 3874 769 3938 Sedentis
788 3896 887 3956 super
906 3877 1041 3950 throno,
1060 3887 1091 3938 et
1107 3871 1140 3934 ab
1154 3866 1184 3926 ir²

111 3971 233 4053 Agni.”
287 3971 343 4033 Ex
373 3971 424 4033 his
454 3981 610 4034 constare
641 3981 755 4050 potest
784 3970 871 4032 unde
901 3979 955 4034 est
982 3971 1069 4052 quod
1093 3967 1184 4029 dicatu

112 4067 188 4128 “ira
198 4065 321 4146 Agni,”
331 4076 365 4127 et
379 4065 467 4127 unde
480 4073 533 4127 est
546 4064 636 4146 quod
650 4064 804 4126 ultimum
813 4063 972 4144 judicium
985 4066 1107 4127 dicatur
1116 4054 1183 4116 “dies

110 4179 253 4241 magnus
272 4161 339 4222 irae
360 4159 495 4240 Ipsius,”
511 4159 648 4222 tametsi
668 4169 720 4221 est
740 4158 881 4220 Divinus
900 4158 1021 4233 Amor,
1039 4157 1118 4238 cujus
1130 4163 1182 4227 ope·

110 4257 196 4318 ratio
212 4256 244 4316 in
261 4275 296 4316 se
313 4252 468 4334 spectata
483 4262 536 4316 est
552 4265 588 4316 ut
605 4252 777 4316 salventur
790 4273 927 4329 omnes;
952 4274 1030 4316 nam
1043 4263 1090 4314 est
1101 4243 1183 4310 volu·

110 4362 163 4413 tas
183 4349 347 4422 salvandi,
367 4350 414 4411 ita
438 4368 571 4428 prorsus
590 4368 656 4410 non
681 4348 738 4421 ira,
759 4347 817 4409 sed
840 4367 945 4410 amor.
991 4346 1099 4410 Simile
1114 4337 1182 4403 etim

109 4443 146 4507 fit
163 4442 299 4527 quando
316 4443 423 4506 malus
442 4444 577 4524 spiritus
593 4443 647 4526 qui
667 4442 800 4505 mentiri
820 4450 936 4522 potest
957 4442 1039 4504 lucis
1054 4433 1183 4520 angelum·
