2684 4988
121 505 202 568 1080
425 516 674 568 Arocaeresrs
695 515 924 565 aramenta.

246 688 353 745 achone,
365 704 397 737 ac
409 689 436 737 in
449 699 542 737 monte
554 687 692 749 Ephraimi
703 696 731 735 et
742 685 855 734 Gilnde
863 683 1204 744 munimenti!

246 755 341 802 diebus
358 754 411 803 illis
428 765 456 802 et
474 754 501 802 in
519 764 640 815 tempore
657 753 915 814 illo....qmeretur
930 752 1060 813 iniqnitas
1080 748 1201 798 landini

245 829 357 881 peccata
367 819 496 883 Jehudee.
510 829 537 867 et
549 833 604 866 nou
616 817 811 866 iuvenieumr”
822 817 851 877 (l.
864 829 905 878 ¹9·
916 820 975 876 ao):

116 953 220 1014 etiam
237 951 321 1014 haec
338 951 381 1013 de
397 950 643 1013 instauratione
659 948 824 1011 ecclesiae
839 968 860 1009 a
876 947 1030 1009 Domino
1043 945 1124 1026 apud
1136 963 1194 1024 gen·

117 1055 180 1116 tes,
189 1066 274 1126 quae
284 1065 344 1126 per
352 1052 372 1076 “
382 1044 544 1107 lsraelem
553 1045 609 1125 qui
619 1043 798 1105 reducetur
807 1042 852 1103 ad
863 1040 1093 1103 babitaculum
1101 1037 1192 1111 suum‚'
1226 1056 1230 1089 ι

116 1138 271 1200 similiter
286 1159 345 1219 per
362 1138 551 1218 “jehudam
567 1137 661 1217 cujus
679 1147 824 1217 peccata
840 1155 910 1197 non
927 1131 1188 1203 invenientur,”in·

117 1231 335 1312 telliguntur;
359 1232 449 1314 quod
466 1232 611 1294 ducendi
627 1251 646 1292 a
664 1231 812 1292 Domino
827 1224 866 1291 ac'
884 1229 1071 1291 instruendi
1087 1227 1188 1288 inbono

116 1326 303 1396 charitatis
327 1324 528 1406 intelligitur
552 1346 611 1406 per
633 1325 724 1406 quod
748 1328 924 1404 “pascent
952 1324 986 1384 in
1013 1318 1148 1384 Carmele
1164 1326 1187 1378 et

116 1417 304 1491 Baschane‚
325 1420 415 1481 etin
435 1429 552 1481 monte
576 1417 750 1499 Ephraimi
772 1428 808 1479 et
828 1416 1000 1479 Gileade.”
1042 1414 1132 1495 Apud
1145 1411 1187 1473 Su·

114 1512 274 1585 clm'riam,

167 1650 184 1668 ¹¹
193 1646 224 1695 In
234 1648 277 1695 die
290 1648 347 1696 illo.
357 1685 364 1696 .
375 1649 532 1710 ¹percutiam
542 1663 653 1696 omnem
663 1662 759 1710 equum
771 1657 892 1708 stupore,
903 1657 930 1695 et
941 1649 1058 1709 equitem
1068 1646 1187 1706 ciuem

245 1712 290 1767 tia.
302 1723 329 1761 et
338 1727 418 1775 super
425 1714 534 1761 domum
544 1712 664 1777 Jebudee
673 1713 792 1774 aperiam
801 1712 910 1760 oculum
920 1727 1011 1760 meum
1019 1729 1038 1761 :.
1047 1750 1054 1759 .
1063 1750 1068 1759 .
1078 1712 1111 1759 .io
1118 1705 1187 1756 ditillt

245 1792 344 1839 ponam
353 1778 435 1826 duces
444 1778 563 1843 Jehudae
573 1779 642 1827 sicut
652 1779 790 1826 fornacem
800 1778 870 1838 ignis
883 1778 911 1825 in
923 1777 1015 1839 lignis,
1026 1787 1052 1825 et
1060 1777 1120 1824 sicut
1128 1774 1186 1821 laten

245 1843 315 1904 ignis
328 1844 355 1891 in
368 1844 514 1905 manipulo,
527 1853 555 1892 ut
564 1844 707 1892 comedant
719 1843 754 1890 ad
765 1843 888 1890 dextram
900 1852 929 1891 et
940 1844 976 1890 ad
988 1843 1114 1890 sinistram
1122 1847 1187 1886 omna
1216 1868 1219 1873 -

245 1909 361 1970 populos
377 1908 557 1964 circumcirca,
577 1917 606 1956 ut
623 1908 725 1957 habitet
741 1909 857 1969 amplius
879 1907 1071 1970 Hierosolyma
1085 1907 1125 1954 sub
1138 1916 1158 1950 se
1168 1900 1185 1946 it

245 1971 455 2100 gligosolymu
479 1974 599 2022 servabit
612 1972 733 2038 Jebovab
748 1973 865 2022 tentoria
876 1971 999 2037 Jebudae
1015 1969 1113 2035 prino'
1124 1966 1185 2028 litt„
1219 1976 1223 1983 “

114 2170 226 2249 agitur
241 2170 286 2232 ibi
304 2170 347 2232 de
362 2170 600 2234 devastatione
616 2170 781 2234 ecciesiae
799 2171 928 2252 prioris,
945 2179 982 2233 et
1000 2169 1044 2231 de
1060 2170 1185 2230 instaura·

115 2263 209 2325 tione
218 2262 383 2327 ecclesiae
394 2286 503 2328 novae
514 2286 534 2328 a
547 2265 714 2342 Domino;
731 2265 927 2328 devastatio
935 2264 1095 2326 ecclesiae
1103 2255 1186 2342 prioris

114 2358 314 2420 describitur
333 2380 392 2439 per
411 2360 481 2421 “ln
500 2361 553 2423 die
572 2360 631 2421 illo
654 2361 840 2440 percutiam
859 2378 997 2421 omnem
1016 2375 1124 2439 equum
1138 2360 1185 2414 stu·
1223 2372 1230 2447 ἰ

115 2472 195 2532 pore
215 2462 249 2514 et
270 2454 417 2533 equitem
434 2456 583 2517 amentia
596 2454 621 2529 ;”
645 2475 704 2535 per
721 2460 872 2534 “equum
880 2453 896 2476 '’
911 2453 1002 2514 enim
1021 2448 1186 2533 significatur
1225 2456 1230 2485 ι·

113 2543 308 2609 iutelledlus
331 2549 400 2610 veri
423 2549 511 2630 apud
534 2549 718 2620 hominem,
739 2559 775 2609 et
798 2567 856 2628 per
879 2545 1077 2628 “equitem”
1095 2537 1186 2606 intelli·

113 2640 231 2718 gentia
254 2655 496 2713 (videatursupran.
510 2654 601 2718 359:
626 2660 686 2720 per
709 2639 877 2700 “domum
899 2636 1076 2718 Jehudae”
1094 2625 1186 2713 signifi·
1225 2668 1229 2673 -

114 2739 209 2791 catur
228 2730 374 2792 ecclesia
392 2732 487 2812 apud'
504 2731 580 2792 illos
599 2732 654 2811 qui
678 2732 711 2792 in
730 2731 821 2792 bono
840 2731 965 2791 amoris
988 2731 1020 2791 in
1045 2726 1186 2789 Dominum

113 2833 212 2896 sunt;
241 2824 283 2886 de
306 2824 364 2886 illa
387 2827 507 2887 dicitur
530 2825 619 2905 quod
643 2825 809 2887 Dominus
834 2830 963 2904 “super
984 2823 1075 2885 illam
1094 2815 1187 2900 aperiet

113 2917 247 2980 oculum
265 2938 361 2979 suum
373 2918 400 2978 :’'
421 2918 511 2999 quod
528 2918 618 2980 mala
630 2939 716 2999 quae
732 2919 775 2980 ab
791 2917 920 2979 inferno
933 2918 1150 2998 dispergentur
1159 2905 1188 2968 ab

113 3012 178 3072 illis
201 3023 235 3074 et
260 3013 348 3092 apud
376 3012 462 3083 illos,
488 3022 522 3074 et
546 3033 679 3094 quoque
707 3012 801 3085 salsa,
825 3010 1034 3091 significatur
1056 3029 1108 3091 per
1126 2997 1187 3086 quod

114 3111 248 3187 “ponet
272 3107 375 3168 duces
398 3105 550 3185 jehudae
573 3107 660 3168 sicut
683 3105 854 3167 fornacem
881 3105 970 3185 ignis
996 3106 1030 3167 in
1057 3102 1149 3184 lignis,
1165 3100 1188 3154 tl

112 3200 199 3261 sicut
224 3200 330 3262 sacem
358 3201 445 3280 ignis
469 3201 501 3261 in
526 3199 708 3280 manipulo,
734 3210 770 3262 ut
794 3199 978 3261 comedant
1001 3198 1044 3260 ad
1067 3198 1187 3258 dextram

112 3304 146 3354 et
163 3293 206 3354 ad
223 3295 393 3355 sinistram
407 3313 526 3355 omnes
543 3294 686 3374 populos
700 3294 916 3355 circumcirca
928 3293 956 3354 :”
978 3293 1067 3374 quod
1082 3279 1188 3352 ecclesia

111 3386 169 3448 illa
189 3397 264 3449 tuta
283 3389 345 3449 erit
365 3387 408 3448 ab
428 3387 644 3450 infestatione
664 3387 829 3449 malorum
851 3398 886 3450 et
910 3387 1080 3458 salsorum,
1096 3369 1187 3461 signifi·

111 3491 208 3541 catur
231 3500 289 3560 per
308 3480 398 3561 quod
421 3479 617 3542 “habitabit
642 3480 882 3561 Hierosolyma
905 3481 968 3542 sub
988 3501 1025 3542 se
1047 3481 1079 3542 in
1100 3474 1187 3538 Hiero·

110 3575 244 3653 solyma
257 3573 281 3649 ;”
310 3584 344 3636 et
368 3574 458 3655 quod
487 3573 652 3635 Dominus
676 3576 815 3636 omnino
839 3575 986 3636 salvabit
1013 3573 1087 3635 illos
1105 3566 1150 3651 qui
1167 3558 1188 3617 5¹¹

109 3688 224 3730 amore
245 3670 276 3729 in
299 3669 412 3749 Ipsum
432 3678 521 3739 sunt,
543 3666 752 3748 significatur
771 3689 829 3748 per
848 3669 938 3749 quod
960 3665 1189 3748 “Jehovahser·

109 3763 202 3823 vabit
223 3763 372 3825 tentoria
389 3762 541 3843 Jehudae
562 3761 697 3843 primo.¹'
742 3760 845 3843 Apud
862 3760 1017 3836 Esaiam,

161 3897 178 3917 ¹¹
187 3894 305 3943 Verbum
313 3895 327 3914 ''
337 3895 457 3959 Jehovae
472 3897 489 3917 ‘¹
498 3908 578 3956 super
589 3893 721 3958 Jehudam
735 3904 761 3942 et
775 3893 1010 3956 Hierosolymam:
1031 3894 1086 3943 Fiet
1097 3893 1120 3939 in
1130 3887 1190 3951 poste·

241 3962 319 4009 ritate
340 3961 442 4009 dierum
465 3960 570 4009 stabilis
591 3960 641 4008 erit
662 3975 741 4008 mons
758 3959 877 4024 Jehovae
896 3960 923 4007 in
942 3969 1023 4022 caput
1040 3947 1191 4008 montium·et

239 4027 326 4074 elatus
340 4041 402 4087 prae
414 4027 528 4075 collibus
539 4040 544 4081 ;
562 4033 589 4073 et
601 4025 738 4073 confluent
749 4025 783 4072 ad
797 4039 859 4073 eum
871 4038 968 4073 omnes
982 4035 1093 4086 gentes;
1108 4031 1131 4070 et
1143 4013 1192 4065 ibunt

240 4092 330 4152 populi
343 4091 427 4147 multi.
440 4102 466 4140 et
478 4093 577 4146 dicent,
592 4091 631 4139 Ite
644 4100 670 4139 et
682 4091 860 4138 ascendemus
872 4090 906 4137 ad
919 4100 1041 4138 montem
1053 4067 1192 4154 Jehovtstl

239 4156 349 4203 domum
364 4156 414 4204 Dei
426 4157 529 4219 Jacobi,
542 4157 588 4219 qui
598 4155 704 4205 docebit
717 4170 768 4203 nos
780 4155 813 4203 de
823 4155 875 4203 viis
885 4155 951 4213 suis,
963 4165 990 4204 et
1002 4170 1095 4204 eamus
1106 4154 1130 4201 in
1140 4153 1194 4199 κω·

239 4221 273 4268 tis
285 4221 343 4281 ejus
351 4221 364 4238 '¹
377 4222 414 4280 (ii.
429 4222 498 4281 1-3):

108 4351 191 4413 haec
211 4372 345 4432 quoque
367 4349 456 4412 dieta
480 4363 558 4416 sunt
582 4354 624 4414 de
648 4373 736 4414 nova
760 4352 905 4415 ecclesia
928 4372 948 4413 a
973 4351 1140 4427 Domino;
1161 4360 1198 4430 per

109 4451 290 4508 “montem
306 4445 486 4525 Jehovae,”
502 4449 557 4527 qui
574 4458 654 4510 tunc
672 4447 803 4510 stabilis
819 4457 854 4509 et
872 4448 906 4508 in
924 4457 1028 4528 caput
1045 4447 1202 4512 montium,
