2684 4988
357 494 444 547 car.
463 486 524 559 va,
540 491 642 559 tans.
658 484 772 548 8.-u.·
787 483 911 567 388[b].
1132 485 1190 550 811

132 661 211 726 nalan
233 686 249 728 e
271 676 373 740 terra,
399 676 436 729 et
464 665 596 746 gladius
623 686 690 729 non
719 666 874 729 transibit
901 686 960 748 per
987 666 1109 742 illam,”
1135 688 1194 750 per

129 776 182 837 quae
192 759 385 840 significatur
402 760 495 842 quod
515 779 580 847 non
596 760 739 847 amplius
755 762 958 842 cupiditates
974 772 1009 824 et
1028 760 1194 825 falsitates

126 853 239 918 on'undae
259 875 303 918 ex
327 874 446 917 amore
470 855 520 916 sui
545 864 580 917 et
608 855 743 931 mundi;
774 855 869 917 “fera
892 854 1004 917 mala''
1027 856 1192 936 significat

124 949 279 1030 cupiditates
298 970 386 1033 quae
406 949 585 1012 destruunt
605 947 799 1012 affedtiones
819 951 935 1023 bonas,
953 959 987 1013 et
1008 949 1169 1030 “gladius
1179 951 1194 974 '⁹

120 1041 243 1122 significat
271 1043 442 1107 falsitates
469 1064 555 1126 quae
577 1045 757 1107 destruunt
781 1046 961 1107 veritates:
995 1045 1084 1127 quod
1111 1065 1192 1107 con·

118 1138 200 1199 tarius
217 1148 326 1201 status
344 1139 388 1201 sit
408 1137 474 1200 illis
492 1139 547 1219 qui
567 1158 634 1200 non
653 1140 686 1200 in
706 1139 872 1202 charitate
890 1147 979 1210 sunt,
997 1139 1194 1202 describitur

114 1247 153 1308 ptr
167 1235 212 1294 “si
235 1253 302 1294 non
322 1233 542 1296 obediveritis
561 1233 643 1295 Mihi
667 1243 701 1296 et
721 1233 866 1296 feceritis
885 1234 996 1294 omnia
1013 1243 1194 1316 praecepta

111 1341 171 1398 nea,
185 1328 316 1389 mittam
333 1328 365 1389 in
379 1348 440 1389 vos
456 1326 559 1389 feram
575 1327 760 1408 agri-quae
773 1328 905 1389 orbabit
922 1347 992 1401 vos,
1009 1337 1044 1389 et
1061 1328 1194 1389 exscin-

110 1416 152 1480 det
169 1420 307 1482 bestiam
326 1431 487 1496 vestram,
509 1423 748 1502 imminuetque
771 1441 843 1493 vos,
865 1431 900 1482 ut
923 1431 1101 1483 vastentur
1119 1422 1192 1483 viae

107 1513 242 1587 istrael*
258 1535 317 1596 per
336 1536 421 1597 quae
438 1514 645 1595 significatur
663 1515 751 1596 quod
772 1535 830 1595 per
846 1515 1048 1596 cupiditates
1064 1525 1099 1577 et
1116 1514 1193 1577 inde

105 1599 246 1672 falsitates
267 1610 486 1690 depriventur
508 1611 599 1672 omni
624 1611 718 1672 bono
743 1620 778 1672 et
801 1630 901 1685 vero;
933 1609 1136 1690 cupiditates
1158 1619 1193 1672 et

106 1697 166 1763 inde
190 1701 353 1765 falsitates
382 1724 469 1784 quae
495 1702 730 1784 deprivaturae
759 1714 848 1775 sunt,
877 1701 1107 1783 significantur
1136 1722 1194 1782 per

104 1792 212 1857 “feram
228 1796 297 1876 agri
313 1817 400 1878 quae
417 1797 549 1859 orbabit
565 1796 655 1869 vos‚”
667 1793 860 1858 afledtiones
877 1797 984 1858 bonae
1001 1797 1118 1877 quibus
1134 1795 1193 1858 de·

107 1887 297 1964 privabuntur
313 1886 568 1971 ¹¹¹significantur
585 1910 643 1972 per
660 1890 830 1951 “bestiam
848 1910 932 1970 quae
949 1888 1194 1961 exscindetur,’'

108 1982 203 2062 etipsa
212 2003 287 2046 vera
301 1983 378 2045 inde
392 2003 452 2064 per
461 1983 549 2065 quod
561 1989 580 2014 ‘⁶
591 1983 812 2045 vastabuntur
821 1985 894 2045 viae
906 2003 1020 2045 eorum
1029 1982 1043 2004 ”
1055 1981 1090 2062 (¹‘
1100 1981 1194 2044 viae”

111 2085 169 2137 sunt
182 2096 253 2139 vera
268 2097 353 2158 quae
370 2077 498 2139 ducunt
514 2077 556 2138 ad
575 2075 728 2158 bonum).
774 2075 877 2157 Apud
892 2074 1102 2149 Ezechielem,

151 2208 234 2258 “Tune
244 2210 364 2259 excidam
377 2211 411 2260 iis
421 2210 516 2259 foedus
526 2211 608 2272 pacis,
619 2220 646 2258 et
658 2224 763 2259 cessare
773 2209 868 2258 faciam
881 2210 965 2258 feram
978 2210 1075 2257 malam
1086 2225 1100 2258 e
1113 2221 1191 2266 terra¹

214 2286 240 2323 ut
254 2277 376 2324 habitent
394 2276 421 2324 in
435 2277 541 2324 deserto
558 2275 731 2333 confidenter,
743 2286 769 2323 et
786 2276 920 2323 dormiant
938 2276 964 2322 in
983 2275 1057 2322 silvis
1067 2289 1084 2328 ;.
1096 2312 1101 2323 .
1111 2312 1117 2323 .
1128 2289 1194 2324 ,non

213 2352 287 2389 erunt
299 2342 416 2403 amplius
425 2341 524 2402 praeda
532 2341 665 2401 gentibus.
676 2350 704 2388 et
716 2341 773 2389 fera
781 2341 838 2401 agri
852 2355 905 2387 non
916 2340 1054 2388 devorabit
1067 2340 1135 2398 illos,
1148 2342 1194 2389 sed

214 2406 369 2454 habitabunt
382 2405 547 2454 confidenter
558 2415 585 2453 et
599 2420 653 2453 non
667 2404 838 2454 terrefaciens
846 2404 860 2423 '³
873 2406 972 2464 lxxxiv.
984 2417 1023 2464 25,
1036 2405 1091 2464 adl:

117 2528 175 2596 haec
198 2537 236 2599 de
257 2538 409 2600 adventu
433 2536 569 2599 Domini
592 2547 627 2598 et
654 2537 697 2598 de
720 2556 826 2617 regno
854 2536 960 2617 ipsius
984 2546 1084 2612 tunc;
1116 2537 1194 2618 quid

117 2621 176 2690 haec
192 2630 219 2691 in
237 2651 336 2693 sensu
355 2632 491 2693 interno
509 2628 719 2711 significant·
732 2640 889 2692 constare
909 2640 1022 2710 potest
1042 2651 1086 2692 ex
1107 2649 1193 2692 nunc

119 2735 189 2800 supra
207 2724 393 2806 explicatis,
414 2725 491 2806 quia
514 2723 608 2804 plura
632 2724 684 2785 hic
708 2723 827 2785 similia
850 2737 949 2799 sunt;
982 2745 1040 2805 per
1064 2724 1194 2786 “ferant

121 2813 210 2879 malam
231 2819 262 2880 in
285 2817 400 2881 terra''
424 2816 655 2898 significantur
678 2818 891 2898 cupiditates,
916 2828 950 2879 et
978 2838 1036 2898 per
1061 2817 1193 2879 “feram

121 2909 187 2984 ²gn”
201 2911 372 2975 falsitates.
418 2910 522 2992 Apud
540 2910 735 2985 Hosclream,

155 3041 298 3095 ''Occurram
306 3046 360 3094 illis
367 3045 435 3093 sicut
443 3059 519 3093 ursus
526 3045 644 3101 orbatus,
653 3054 679 3092 et
686 3044 832 3093 discindam
841 3044 989 3094 clausuram
999 3045 1085 3095 cotdis
1092 3059 1193 3103 eorurn,

212 3123 237 3160 et
245 3113 387 3160 comedam
396 3125 445 3158 eos
454 3110 521 3158 sicut
532 3110 657 3157 immanis
667 3110 717 3164 leo.
730 3109 787 3158 fera
798 3111 856 3172 agri
868 3111 988 3159 diffindet
1000 3127 1047 3159 eos
1056 3110 1069 3128 ''
1080 3110 1143 3171 (xiii.
1155 3109 1179 3172 8)
1189 3127 1194 3159 z

123 3237 199 3314 agitur
213 3244 263 3306 hic
280 3244 323 3305 de
340 3242 533 3305 vastatione
552 3242 631 3304 boni
651 3263 710 3323 per
729 3241 868 3305 falsum:
895 3249 1016 3305 “ursus
1036 3244 1173 3305 orbatus
1182 3243 1196 3266 ”

123 3325 247 3409 sanificat
270 3336 464 3418 potentiam
487 3334 567 3397 mali
590 3355 634 3398 ex
658 3335 753 3409 falso,
773 3348 807 3399 et
833 3338 1017 3399 “immanis
1041 3336 1116 3399 leo'’
1135 3357 1195 3417 po·

124 3425 224 3492 tertiam
247 3429 320 3492 falsi
344 3451 391 3491 ex
414 3428 515 3502 mala,
535 3439 569 3491 et
594 3428 691 3491 “fera
710 3432 781 3510 agri
793 3430 807 3453 '’
826 3431 1029 3511 cupiditates
1052 3442 1086 3492 et
1107 3429 1195 3492 falsi·

124 3518 197 3612 litem
221 3545 306 3605 quae
326 3523 417 3605 quod
438 3523 580 3605 perdent
599 3543 668 3595 eos,
686 3523 893 3603 significatur
912 3544 969 3604 per
988 3524 1077 3605 quod
1099 3524 1197 3585 “fera

124 3602 157 3670 lla
169 3615 310 3680 diffindet
326 3637 387 3679 eos
400 3615 426 3691 ;”
444 3616 613 3697 separatio
628 3617 697 3678 veri
717 3637 736 3678 a
753 3618 842 3679 bono
859 3637 917 3697 per
936 3615 1054 3679 falsum
1071 3627 1106 3679 et
1126 3637 1196 3678 ma·

124 3693 388 3791 insigniatur
407 3730 466 3791 per
482 3710 700 3772 “discindere
718 3710 906 3772 clausuram
925 3711 1035 3772 cordis
1054 3710 1198 3772 eorum.”

125 3788 192 3876 llpud
205 3803 356 3878 Esaiam,

166 3933 237 3986 “lion
250 3938 299 3987 erit
312 3938 349 3986 ibi
362 3937 415 3993 leo,
429 3945 456 3984 et
468 3951 550 3999 rapax
563 3936 678 3985 ferarum
693 3950 746 3984 non
760 3937 887 3984 ascendet
897 3936 958 3984 illuc
967 3934 981 3954 '⁹
993 3936 1083 3997 (xxxv.
1096 3936 1136 3998 pl:

127 4063 199 4138 agitur
215 4071 245 4132 in
263 4091 304 4133 eo
324 4070 436 4150 capite
456 4070 497 4131 de
517 4070 666 4131 adventu
687 4068 832 4139 Domini,
853 4077 887 4131 et
906 4069 948 4130 de
971 4079 1063 4130 statu
1082 4088 1197 4130 eorum

129 4156 194 4230 quiin
203 4183 301 4244 regno
315 4163 443 4243 Ipsius:
468 4163 558 4244 quod
573 4167 668 4224 “non
685 4163 747 4224 erit
764 4162 807 4223 ibi
825 4161 907 4235 le0‚’'
923 4161 1091 4242 significat
1108 4162 1198 4242 quod

131 4260 173 4311 lon
191 4255 297 4320 falsum
320 4257 499 4319 destruens
522 4277 659 4333 verum;
692 4257 781 4339 quod
807 4262 901 4318 “non
925 4277 1031 4337 rapax
1056 4256 1198 4317 ferarum

133 4350 248 4412 attendet
265 4351 373 4425 illuc,''
391 4351 557 4432 significat
576 4351 666 4434 quod
690 4350 781 4413 nulla
800 4351 965 4431 cupiditas
984 4348 1199 4422 destruendi;

135 4427 188 4500 laec
201 4446 264 4525 quia
278 4458 329 4510 est
346 4467 392 4508 ex
410 4446 547 4522 infern0,
568 4447 688 4509 dicitur
709 4452 805 4508 “non
825 4446 988 4534 ascendet
1007 4443 1114 4506 illuc.”
