2716 4986
125 467 205 531 1226
430 481 679 533 Aaocaavrsts
703 479 929 533 exemeras.

118 662 153 714 et
177 652 222 715 ibi
246 672 305 734 per
326 653 496 734 “angelos
519 672 596 716 cum
616 652 720 722 tubae
744 672 829 715 voce
853 649 1006 732 magna”
1031 645 1223 730 significatur

119 745 278 808 Divinum
299 746 427 809 Verum
446 747 537 829 quod
556 747 778 810 revelandum
802 746 940 830 quando
964 750 1225 808 consummatum

118 851 170 903 est
190 842 372 915 saeculum,
393 842 458 906 hoc
478 852 542 916 est,
561 842 698 925 quando
713 840 789 904 finis
808 841 974 905 ecclesiae
991 849 1157 902 venturus
1174 845 1225 900 est.

118 932 164 998 Et
184 937 273 1018 apud
292 935 446 1012 Esaiam,

170 1077 225 1127 “ln
244 1079 287 1127 die
305 1079 352 1127 illo
369 1079 509 1141 clangetur
526 1079 640 1128 buccina
657 1093 765 1141 magna,
782 1088 809 1127 et
826 1078 937 1126 venient
955 1085 1105 1139 pereuntes
1124 1075 1152 1124 in
1169 1084 1229 1123 terre

248 1144 387 1202 Aschuris.
399 1155 426 1193 et
438 1144 543 1206 expulsi
554 1159 570 1193 e
583 1154 655 1193 terra
664 1144 790 1206 Aegypti,
803 1153 830 1193 et
842 1143 1027 1192 incurvabunt
1037 1156 1068 1190 se
1080 1139 1228 1205 Jehovaein

248 1220 340 1258 monte
352 1207 514 1268 sanctitatis,
530 1210 557 1258 ln
572 1209 766 1273 Hierosolyma
774 1207 788 1228 ''
801 1208 894 1271 (xxvii.
912 1209 967 1268 ¹3)ss

116 1342 201 1404 haec
221 1339 406 1405 dictasunt
423 1343 466 1406 de
485 1343 636 1406 adventu
654 1342 812 1418 Domini3
836 1340 1048 1427 convocatio
1067 1340 1111 1402 ad
1131 1337 1229 1402 eccle·

117 1435 200 1498 siam
214 1445 249 1500 et
266 1435 412 1499 salvatio
427 1458 448 1499 a
465 1437 614 1500 Domino
629 1436 840 1518 significatur
853 1456 912 1516 per
924 1435 1015 1516 quod
1031 1435 1095 1496 “in
1112 1434 1166 1496 die
1181 1433 1232 1495 illo

116 1527 296 1610 clangetur
315 1531 456 1593 buccina
476 1531 631 1612 magna‚”
650 1541 685 1594 et
704 1531 794 1613 quod
815 1531 983 1592 “venient
1004 1536 1188 1610 pereuntes
1203 1527 1230 1588 in

117 1632 207 1685 terra
235 1623 411 1697 Aschuris.
436 1635 472 1689 et
500 1625 636 1708 expulsi
659 1646 678 1688 e
708 1635 799 1688 terra
829 1623 985 1704 Aegypti
999 1622 1026 1698 ;”
1052 1621 1230 1703 “clangere

118 1717 258 1781 buccina
267 1718 282 1743 ”
298 1719 467 1799 significat
486 1720 646 1783 Divinum
665 1719 793 1782 Verum
811 1737 1006 1781 convocans
1025 1727 1062 1780 et
1082 1717 1230 1792 salvans;

119 1818 328 1893 “pereuntes
348 1815 380 1875 in
400 1824 490 1877 terra
510 1813 699 1877 Aschuris”
716 1822 795 1876 sunt
814 1815 869 1895 qui
893 1812 1030 1893 decepti
1055 1832 1116 1893 per
1134 1811 1229 1874 ratio·

117 1907 204 1968 cinia
223 1906 317 1979 salsa,
336 1916 371 1970 et
390 1907 553 1989 “expulsi
572 1929 591 1970 e
610 1919 701 1971 terra
721 1906 876 1988 Aegypti
885 1906 900 1928 '¹
919 1915 999 1968 sunt
1019 1907 1076 1987 qui
1096 1925 1157 1987 per
1173 1904 1230 1968 sci·

117 2001 263 2072 entifica‚
278 2005 326 2064 ita
342 2013 465 2082 gentes
478 2023 563 2084 quae
580 2004 613 2065 in
626 2003 719 2065 salsis
736 2023 780 2065 ex
794 2003 987 2082 ignorantia
1000 2002 1071 2063 veri
1085 2000 1228 2064 luerunt:

117 2096 207 2177 quod
224 2096 271 2158 illi
288 2097 460 2160 adoraturi
481 2097 665 2160 Dominum
685 2118 729 2159 ex
749 2116 864 2159 amore
884 2107 918 2158 et
939 2097 972 2157 in
989 2096 1149 2168 veritate,
1168 2096 1229 2176 sig·

118 2187 272 2253 nificatur
302 2212 360 2272 per
389 2192 479 2272 quod
512 2191 766 2254 “incurvabunt
800 2210 837 2253 se
865 2189 1018 2270 Jehovae
1052 2190 1087 2251 in
1121 2199 1231 2271 monte

117 2280 321 2358 sanctitatis,
348 2286 380 2346 in
414 2284 654 2365 Hierosolyma
666 2284 692 2361 ;”
723 2305 782 2366 per
806 2290 989 2346 “montem
1021 2280 1230 2347 sanstitatis”

117 2377 325 2459 significatur
348 2379 492 2443 ecclesia
516 2380 627 2461 quoad
656 2379 781 2441 bonum
809 2379 943 2451 amoris,
968 2379 1113 2459 proinde
1136 2379 1229 2441 etiam

118 2472 243 2535 bonurn
267 2476 390 2537 amoris
411 2474 589 2547 ecclesiae,
610 2483 646 2537 et
670 2494 729 2554 per
754 2472 1061 2552 “Hierosolymam
1071 2472 1088 2497 ’'
1111 2470 1230 2554 signifi·

118 2578 213 2630 catur
233 2568 377 2630 ecclesia
393 2569 505 2650 quoad
524 2587 639 2630 verum
660 2565 844 2641 dodlrinae,
862 2568 1003 2649 proinde
1020 2589 1138 2631 verum
1156 2569 1230 2630 doc·

118 2663 227 2724 trinae
251 2662 433 2725 ecclesiae:
464 2684 508 2724 ex
533 2662 584 2724 his
608 2664 712 2725 etiam
737 2673 834 2743 patet
853 2663 944 2744 quod
968 2683 1029 2743 per
1050 2663 1231 2744 “clangere

115 2755 281 2820 buccina’'
301 2756 508 2836 significetur
531 2756 690 2818 Divinum
711 2756 840 2819 Verum
860 2778 878 2818 e
897 2756 994 2818 caelo
1013 2758 1230 2821 descendens.

118 2848 287 2930 Quoniam
307 2851 465 2913 Divinum
483 2849 613 2914 Verum
627 2851 838 2913 descendens
855 2872 874 2912 a
892 2850 1041 2913 Domino
1055 2873 1116 2932 per
1125 2851 1231 2915 caelos

117 2943 280 3006 laetificat
308 2946 421 3017 corda,
451 2965 490 3007 ac
523 2945 667 3008 infundit
696 2942 850 3007 santium
878 2945 1001 3018 cultus,
1031 2966 1071 3008 ac
1099 2947 1176 3010 ideo
1202 2947 1232 3008 in

117 3039 234 3101 diebus
252 3038 403 3101 laetitiae
419 3050 454 3102 et
471 3041 504 3101 in
521 3039 615 3101 lestis
631 3039 857 3120 clangebatur
874 3040 975 3114 tubis,
993 3061 1098 3122 quare
1115 3042 1232 3104 dicitur

117 3134 205 3214 apud
225 3133 400 3206 Davidem,

168 3270 185 3291 ¹¹
192 3267 306 3316 Cantate
314 3268 433 3332 Jehovae
443 3268 553 3325 eithara.
562 3268 665 3316 cithara
674 3277 700 3316 et
711 3282 777 3316 voce
787 3277 890 3324 cantus,
900 3268 971 3316 tubis
981 3277 1008 3316 et
1019 3283 1087 3318 voce
1097 3268 1232 3327 buccinae,

150 3360 154 3369 ·
247 3335 364 3394 clangite
376 3348 467 3382 coram
483 3333 556 3394 Rege
568 3332 714 3396 Jehovah’‘
727 3333 782 3391 (Ps.
794 3333 885 3382 xcviii.
900 3345 921 3392 5,
934 3333 975 3393 6);

116 3447 204 3528 apud
224 3445 440 3527 Zepham'am,

167 3565 184 3585 ‘¹
193 3561 288 3618 Canta,
298 3561 351 3609 filia
364 3561 471 3617 Zionis;
486 3562 590 3622 clange,
600 3560 684 3609 lsrael
696 3576 701 3620 ;
716 3559 817 3609 laetare
826 3570 852 3609 et
862 3561 953 3609 exulta
960 3575 994 3609 ex
1002 3562 1079 3610 omni
1088 3562 1177 3621 corde.
1185 3562 1236 3611 filia

248 3626 477 3690 Hierosolymae''
490 3624 563 3687 (tuiti,
578 3627 631 3687 tal:

116 3756 200 3819 haec
217 3756 259 3819 de
276 3758 521 3821 instauratione
541 3757 706 3821 ecclesiae
724 3777 744 3819 a
762 3756 931 3833 Domino;
958 3758 1123 3832 “tubae,'’
1142 3764 1235 3821 “vox

116 3851 308 3926 buccinae,”
325 3863 359 3915 et
381 3852 601 3934 “clangere,'’
616 3852 810 3934 significant
833 3854 993 3933 gaudium
1018 3865 1160 3936 propter
1178 3853 1237 3917 Di·

116 3947 230 4007 vinum
249 3946 377 4009 Verum
398 3947 609 4011 descendens
626 3970 644 4010 e
663 3947 771 4011 caele.
818 3947 922 4029 Apud
943 3947 1100 4024 Hiobum‚

167 4089 259 4138 “Cum
268 4099 368 4139 canunt
378 4091 471 4140 stellae
484 4100 611 4148 matutae,
623 4101 650 4140 et
660 4092 788 4154 clangunt
799 4106 895 4141 omnes
909 4091 957 4140 filii
972 4091 1023 4140 Dei
1035 4092 1050 4111 '’
1063 4091 1185 4154 (xxxviii.
1197 4091 1236 4154 7);

116 4234 199 4297 haec
228 4229 318 4295 dieta
346 4243 423 4295 sunt
452 4234 494 4296 de
527 4245 620 4297 statu
648 4235 815 4298 ecclesiae
843 4237 875 4298 in
904 4236 1082 4317 principio,
1113 4256 1153 4300 ac
1181 4254 1237 4320 per

118 4327 293 4392 “stellas'’
321 4326 555 4406 significantur
582 4331 798 4410 cognitiones
829 4332 898 4393 veri
929 4340 963 4393 et
993 4331 1085 4406 boni,
1114 4342 1151 4395 et
1180 4349 1236 4414 per

117 4423 231 4487 “filios
248 4423 311 4484 Dei
320 4421 335 4445 ''
353 4422 476 4485 Divina
492 4444 592 4503 vera;
616 4425 779 4506 gaudium
796 4425 941 4501 illorum,
959 4425 1025 4488 hoc
1042 4437 1110 4502 est,
1128 4426 1234 4491 homi·
