2684 4988
114 477 195 540 1004
420 474 670 526 APOCALYPSIS
692 474 919 525 EXPLICATA.

159 668 193 734 9.
231 645 318 717 Post
335 644 425 717 haec
444 644 528 726 vidi,
547 660 585 717 et
602 670 688 717 ecce
705 645 812 717 turba
830 643 955 726 multa,
973 669 1078 739 quam
1094 662 1207 715 nume·

109 784 187 831 rare
207 784 316 831 nemo
335 776 489 855 poterat,
505 784 551 831 ex
569 759 670 831 omni
687 774 801 856 gente
819 775 858 831 et
876 759 1041 830 tribubus
1057 774 1091 830 et
1105 775 1198 853 popu·
1234 800 1236 825 .

47 950 52 959 ,
109 872 151 944 lis
178 890 216 945 et
241 873 383 969 linguis,
410 890 548 945 stantes
579 898 702 946 coram
729 873 863 946 throno
889 889 928 945 et
957 897 1076 945 coram
1099 872 1189 967 agno,

110 986 225 1059 induti
244 987 345 1059 stolis
362 986 464 1069 albis,
484 1004 521 1059 et
538 986 681 1083 palmae
699 987 735 1059 in
754 987 924 1059 manibus
943 1012 1079 1059 eorum.

47 1086 53 1097 ’
166 1125 218 1173 10.
257 1100 303 1172 Et
324 1100 522 1173 clamantes
543 1126 634 1174 voce
657 1126 804 1198 magua,
823 1101 998 1183 dicentes,
1019 1100 1115 1173 Salus
1130 1099 1186 1171 Deo

111 1232 237 1288 nostro
255 1216 397 1288 sedenti
415 1241 526 1312 super
543 1215 676 1288 throno
693 1231 731 1288 et
747 1216 873 1312 Agno.

166 1356 219 1404 11.
256 1331 305 1403 Et
334 1357 465 1403 omnes
491 1329 613 1427 angeli
644 1331 790 1404 stabant
820 1331 954 1405 circum
985 1329 1147 1408 thronum,
1165 1339 1190 1398 et
1233 1310 1236 1327 ¹

109 1447 275 1519 seniores
286 1463 323 1518 et
334 1463 490 1542 quatuor
500 1445 680 1529 animalia,
692 1463 730 1518 et
741 1445 953 1519 ceciderunt
963 1470 1084 1518 coram
1094 1443 1192 1516 throno

109 1586 221 1656 super
238 1559 347 1632 sacies
364 1585 450 1632 suas
468 1575 506 1632 et
522 1559 770 1633 adoraverunt
788 1560 925 1632 Deum.

166 1698 219 1747 12.
257 1674 444 1755 Dicentes,
468 1674 604 1756 Amen,
630 1671 842 1747 benedittio
868 1691 907 1746 et
931 1671 1049 1771 gloria
1072 1688 1108 1745 et
1126 1666 1193 1764 sau'·

110 1790 208 1862 entia
226 1806 264 1862 et
283 1790 480 1887 gratiarum
502 1787 598 1861 attio
616 1804 655 1861 et
675 1788 797 1862 honor
817 1805 855 1862 et
876 1789 1041 1885 potentia
1060 1804 1097 1860 et
1114 1785 1196 1858 robur

113 1904 199 1976 Deo
218 1920 343 1976 nostro
361 1903 396 1975 in
415 1901 560 1976 saecula
577 1901 823 1986 saeculorum3
851 1927 971 1975 amen.

166 2041 220 2111 13.
257 2019 306 2090 Et
332 2018 521 2113 respondit
546 2043 641 2089 unus
667 2042 715 2089 ex
740 2017 957 2096 senioribus,
984 2016 1104 2089 dicens
1125 2008 1198 2092 mihi.

114 2132 166 2206 Hi
186 2133 299 2205 induti
318 2132 418 2204 stolis
436 2131 525 2205 albis
542 2132 692 2228 quinam
711 2146 806 2213 sunt,
825 2150 864 2203 et
881 2131 978 2204 unde
997 2114 1177 2203 venerunt?

166 2269 220 2337 14.
257 2248 305 2319 Et
322 2246 396 2319 dixi
418 2246 476 2328 illi,
497 2246 670 2328 Domine,
688 2261 727 2318 tu
749 2246 865 2319 nosti:
893 2262 931 2318 et
950 2244 1043 2317 dixit
1059 2242 1145 2324 mihi,
1161 2237 1199 2312 Hi

109 2378 196 2433 sunt
221 2361 283 2456 qui
311 2361 464 2433 veniunt
490 2387 537 2433 ex
568 2359 799 2433 tribulatione
826 2385 972 2457 magna,
999 2374 1038 2431 et
1066 2357 1200 2430 laverunt

110 2474 223 2548 stolas
253 2501 339 2548 suas
370 2493 408 2547 et
438 2474 701 2548 dealbaverunt
731 2473 844 2547 stolas
870 2499 953 2547 suas
985 2474 1021 2547 in
1051 2469 1199 2569 sanguine

111 2589 222 2686 Agni.

166 2706 219 2775 15.
258 2705 409 2799 Propter
426 2704 495 2776 hoc
513 2720 598 2776 sunt
615 2729 738 2776 coram
757 2703 890 2775 throno
910 2703 994 2784 Dei,
1012 2717 1050 2774 et
1065 2699 1200 2773 serviunt

113 2819 186 2913 lpsi
213 2818 272 2890 die
300 2835 338 2891 et
365 2816 474 2891 nodie
502 2819 537 2890 in
565 2817 704 2914 templo
731 2818 861 2914 Ipsius,
886 2832 924 2890 et
952 2816 1094 2889 Sedens
1116 2831 1199 2908 super

111 2933 244 3006 throno
263 2933 441 3006 habitabit
458 2960 569 3029 super
586 2933 663 3007 illis.

166 3053 220 3120 16.
257 3048 292 3120 N
296 3074 343 3121 on
359 3048 519 3120 esurient
536 3047 692 3144 amplius
708 3072 775 3120 nec
788 3047 912 3119 sitient
928 3044 1093 3142 amplius,
1105 3058 1197 3136 neque

110 3163 216 3236 cadet
233 3189 344 3258 super
361 3162 438 3235 illos
456 3161 511 3235 sol
529 3188 650 3258 neque
670 3161 762 3234 ullus
779 3177 913 3234 aestus.

167 3296 220 3368 17.
257 3277 441 3372 Quoniam
469 3278 615 3374 Agnus,
641 3277 704 3372 qui
732 3277 767 3349 in
796 3275 920 3348 medio
946 3275 1079 3356 throni,
1103 3275 1195 3369 pasoel

111 3420 187 3475 eoa
206 3411 244 3466 et
265 3393 422 3465 deducet
443 3418 509 3465 eos
533 3392 581 3465 ad
599 3393 704 3464 vivos
725 3390 845 3463 sontes
863 3414 1060 3486 aquarum:
1086 3404 1119 3461 et
1136 3383 1193 3457 abs·
1234 3434 1236 3439 -

110 3523 232 3607 terget
250 3510 355 3581 Deus
373 3533 522 3580 omnem
540 3506 763 3604 lachrymam
781 3505 827 3579 ab
846 3504 958 3578 oculis
977 3503 1121 3577 illorum.
1234 3588 1236 3593 ¹

524 3796 816 3846 EXPLICATIO.

600 3945 702 3983 vulsus
718 3945 741 3986 1·

172 4054 270 4121 415·
306 4059 352 4100 ”fr
364 4061 415 4108 porr
430 4058 484 4099 tneo
498 4057 647 4108 01111111101
659 4058 748 4107 anneto·
762 4058 850 4099 tunm
863 4066 931 4106 uem
943 4059 1039 4107 quatuor
1050 4053 1127 4107 «uuum
1137 4048 1192 4091 tm·

108 4119 231 4161 rotlnenm
240 4122 333 4168 quatuor
340 4123 416 4160 ventor
426 4122 507 4166 terrae,
515 4121 540 4159 ut
548 4129 591 4159 non
596 4117 666 4168 fiunt
675 4120 753 4159 ventur
761 4127 829 4167 nuper
835 4117 925 4164 terram,
933 4127 1004 4167 mur
1012 4126 1078 4166 ww
1086 4121 1141 4157 m.
1147 4105 1193 4152 θ’

108 4187 176 4225 tumr
186 4187 268 4217 omnem
280 4178 386 4218 arborem.
391 4177 404 4194 '¹

144 4309 166 4345 1.
190 4293 238 4345 'fl
251 4297 313 4358 post
328 4294 393 4344 bueo
407 4292 476 4351 ridi*
488 4293 608 4356 significat
620 4309 713 4341 nouam
721 4292 898 4356 perceptionem
910 4293 941 4340 de
951 4299 1019 4340 statu
1031 4292 1092 4340 caeli
1099 4273 1195 4338 antelli

242 4378 311 4409 mum
323 4361 453 4425 =judicium
475 4361 513 4425 [n.
532 4359 609 4424 416];
632 4362 758 4423 “quotuor
776 4373 809 4408 1111
827 4359 882 4409 eloe
900 4363 1004 4410 stantes
1023 4373 1102 4424 cuper
1115 4353 1197 4420 ΨΜ*

241 4427 343 4494 (romulis
361 4428 469 4485 lorrue,''
480 4425 604 4491 significat
616 4427 748 4475 Divinum
765 4442 782 4474 a
824 4425 908 4474 onn'no
919 4427 1056 4490 procedens
1073 4421 1199 4474 1¹an

80 4334 86 4369 l
